3076 5260
323 522 380 582 DE
402 521 763 583 OBHGATIONIBUS
783 520 1121 582 RELIGIOSORUM.
1213 527 1273 582 666

174 696 256 744 extra
278 687 488 755 necessitatem,
512 687 686 746 contrahitur
707 688 978 756 excommunicatio,
1002 697 1176 764 quapropter
1201 687 1272 744 “ait

176 785 272 844 Diana
291 803 330 843 cx
348 785 461 845 decreto
474 787 507 844 S.
523 785 560 843 O.
575 804 634 844 non
656 785 782 864 effugere
805 787 1131 848 excommunicationem
1153 802 1271 851 mores,

177 903 241 958 quaa
255 884 348 942 adhue
361 903 426 942 cum
439 885 553 942 licentia
566 883 709 944 Ordinarii
726 887 862 944 intrarent
877 887 1080 946 monasterium
1093 903 1179 943 causa
1192 883 1271 942 adul·
1313 866 1317 872 ’

179 983 253 1051 terii,
275 983 320 1041 vel
341 983 529 1044 dimensionis
551 1003 617 1042 cum
638 979 755 1044 viris.”¹
801 986 866 1044 Nee
880 985 984 1044 valebit
1003 985 1117 1043 lieentia
1137 999 1275 1041 concessa

180 1081 282 1157 puellae
293 1081 328 1140 ad
336 1080 492 1142 docendam
504 1083 641 1142 moniales
652 1093 749 1150 artem,
760 1084 818 1142 nisi
827 1085 1004 1161 nullaperita
1011 1084 1085 1143 sitin
1093 1081 1274 1146 monasterio,

181 1199 219 1238 ex
232 1179 346 1239 decreto
359 1181 392 1239 S.
408 1181 502 1258 (long.
521 1186 554 1239 ll
571 1183 669 1242 Martii
685 1185 772 1240 1586.

221 1283 270 1349 65.
293 1287 313 1314 “
326 1279 459 1339 Medicus
473 1300 531 1340 non
544 1290 637 1357 potest
650 1281 760 1357 ingredi
774 1282 831 1340 nisi
847 1301 884 1340 ex
897 1282 1013 1341 lieentia
1024 1289 1161 1340 renovata
1173 1280 1204 1338 in
1216 1278 1274 1336 sin·

182 1378 256 1454 gulis
270 1379 466 1448 trimestribus,
479 1391 511 1438 ut
523 1399 561 1437 ex
574 1379 686 1436 decreto
700 1380 733 1437 S.
743 1379 839 1456 Cong.
854 1379 1041 1438 adnotent
1057 1379 1166 1446 Martii,
1184 1379 1271 1434 1588.

185 1461 309 1536 Necnon
323 1477 405 1536 debet
417 1479 580 1537 associatio
603 1478 711 1536 duabus
731 1477 901 1536 monialibus
915 1478 1125 1536 senioribus...
1139 1517 1146 1533 .
1180 1473 1275 1534 Medi-

182 1594 232 1634 cus
246 1575 312 1634 veri)
333 1577 570 1635 extraordinarius
590 1577 689 1648 nequit
709 1575 819 1653 ingredi
839 1576 874 1634 ad
893 1577 1004 1635 libitum
1025 1575 1204 1642 monialium,
1224 1573 1276 1632 sed

182 1684 292 1733 tantum
305 1676 335 1733 in
349 1674 459 1733 desuem
473 1675 616 1742 ordinarii,
631 1675 677 1732 vel
689 1673 802 1747 quando
816 1694 882 1733 cum
896 1675 1039 1734 ordinario
1053 1674 1217 1733 habendum
1232 1681 1276 1730 est

183 1774 345 1850 collegium,
376 1772 536 1851 Chirurgus
550 1781 644 1850 potest
657 1773 772 1845 quidem
785 1774 889 1832 intrare
903 1774 938 1833 ad
951 1773 1106 1832 secandam
1117 1790 1231 1838 venam,
1246 1780 1277 1828 et

184 1874 267 1930 etiam
289 1872 516 1949 Pharmaeopola
534 1873 570 1931 ad
590 1871 751 1930 docendum
766 1870 803 1952 (si
824 1891 896 1948 opus
919 1871 967 1952 sit)
991 1871 1135 1945 quomodo
1154 1869 1278 1928 mediea-

184 1981 312 2030 mentum
326 1972 362 2029 sit
374 1971 542 2049 parandum.
584 1971 729 2039 Fautores,
751 1971 873 2039 Nolani,
892 1971 1041 2031 etsinriles
1061 1971 1146 2028 etiam
1165 1967 1276 2044 ingredi

185 2080 315 2146 possunt,
335 2071 361 2128 si
380 2071 534 2128 necessitas
555 2079 662 2146 urgeat,
683 2079 751 2145 puta
770 2070 806 2127 ad
820 2070 1006 2148 judicandum
1027 2070 1062 2128 de
1082 2068 1163 2126 mina
1184 2067 1277 2125 immi·

186 2179 280 2237 neate,
295 2169 330 2228 ad
343 2169 542 2230 inveniendam
562 2170 730 2245 scripturam
749 2171 939 2229 necessariam
960 2171 990 2228 in
1009 2169 1146 2234 archivio,
1160 2165 1195 2224 ad
1209 2165 1276 2224 iaci·

186 2268 290 2327 endum
305 2277 504 2328 testamentum
518 2269 630 2344 puellae.
672 2267 722 2326 Sie
741 2269 827 2328 etiam
846 2267 957 2345 ingredi
976 2276 1098 2344 possum
1107 2283 1147 2324 ex
1162 2264 1277 2323 lieentia

185 2367 265 2436 sabai,
280 2368 431 2435 hortulani,
445 2367 634 2435 fabricatores,
645 2367 775 2443 puteani,
787 2376 940 2444 putatores,
951 2368 1106 2433 molitores,
1117 2374 1145 2424 et
1156 2363 1277 2428 similes,

171 2468 234 2539 ¹qui
248 2476 335 2524 artem
355 2485 436 2526 suam
457 2484 515 2526 non
534 2467 646 2542 possint
665 2475 745 2525 extra
763 2466 913 2526 commode
933 2485 1086 2524 asseruere*¹
1109 2467 1178 2522 itera
1190 2463 1277 2540 bajuli

185 2564 220 2622 ad
232 2565 435 2638 ferendaque
456 2583 472 2621 a
492 2565 662 2624 monialibus
684 2564 751 2622 ferri
772 2583 829 2623 non
849 2558 1017 2641 possunt.’'²
1056 2563 1186 2622 Infantes
1206 2579 1281 2618 none

187 2664 256 2722 dnm
269 2663 328 2722 doli
341 2682 458 2740 capaces
472 2663 613 2722 introduci
626 2681 685 2722 non
704 2681 790 2738 posse
812 2665 917 2739 saepius
937 2662 1090 2720 declaravit
1101 2661 1134 2717 8.
1149 2658 1277 2734 Congre-

188 2763 274 2838 gatio.

228 2863 277 2918 66.
300 2868 319 2895 “
331 2858 531 2920 Confessarius
545 2859 611 2918 verb
625 2860 736 2936 ingredi
749 2867 843 2934 potest
855 2859 891 2917 ad
904 2856 1089 2918 ministranda
1101 2863 1276 2914 sacramenta

187 2960 372 3036 paenitentiae,
393 2959 591 3027 Eucharistiae‚
614 2969 643 3016 et
664 2969 798 3018 extremae
824 2959 966 3016 unctionis
992 2955 1110 3016 moniali
1133 2955 1278 3032 egrotanti

188 3077 250 3131 quae
265 3058 300 3116 ad
314 3058 520 3116 confessionale
533 3078 592 3117 non
605 3067 698 3135 potest
714 3056 867 3116 accedere:
890 3067 919 3116 et
930 3077 988 3116 non
1001 3057 1095 3116 solum
1109 3057 1139 3114 in
1152 3053 1278 3132 periculo

188 3159 297 3226 mortis,
318 3156 369 3216 sed
388 3159 500 3230 quoties
523 3177 560 3216 ex
583 3158 748 3232 praeseripto
770 3157 873 3234 regula
893 3157 1076 3234 dispensatur
1093 3155 1276 3214 communio:
1310 3227 1314 3235 .

189 3258 256 3314 item
269 3258 380 3330 quoties
401 3256 450 3314 illa
470 3257 601 3316 monialis
622 3256 834 3314 communicare
856 3255 1046 3312 consueverit.
1089 3252 1138 3310 Ex
1159 3251 1280 3310 deelara-

189 3356 264 3414 tione
279 3357 310 3412 S.
326 3354 563 3432 Congregationis
577 3354 660 3413 debet
670 3353 871 3413 confessarius
885 3353 995 3429 ingredi
1008 3350 1122 3410 indutis
1134 3350 1280 3424 superpel-

189 3454 273 3523 lieeo,
287 3465 316 3512 et
328 3454 410 3521 stola,
424 3463 507 3526 atque
522 3455 563 3512 sie
577 3455 615 3512 ibi
635 3453 758 3520 morari;
779 3452 918 3523 debetque
939 3450 1045 3528 egredi,
1065 3449 1134 3521 quin
1147 3447 1183 3504 ad
1195 3447 1279 3506 aliam

190 3555 352 3612 monasterii
366 3563 475 3630 partem
489 3572 520 3610 se
533 3553 661 3620 divertat,
681 3552 793 3610 etiamsi
812 3560 888 3610 esset
906 3551 940 3608 ad
960 3546 1129 3608 visitandam
1142 3546 1225 3604 aliam
1239 3547 1280 3604 in·

189 3651 310 3720 firmant,
325 3671 388 3725 quae
402 3661 495 3712 tamen
516 3671 574 3711 non
594 3653 720 3728 indigeat
738 3651 932 3710 sacramentis.
975 3646 1178 3706 Confessamus
1192 3663 1279 3702 saen-

190 3751 257 3808 laris
270 3753 373 3810 intrare
385 3751 469 3810 debet
481 3752 543 3812 sine
556 3752 646 3818 socio,
658 3760 689 3809 ut
702 3751 733 3808 S.
746 3747 1116 3827 congregatiodeclaravit;
1131 3743 1280 3821 Regularis

193 3848 260 3908 vern
274 3850 357 3908 debet
368 3850 471 3910 habere
484 3851 595 3910 socium
614 3851 738 3926 probatae
758 3850 821 3907 vitae
843 3861 872 3906 et
890 3857 1005 3906 matura
1027 3847 1126 3912 aetatis,
1141 3862 1178 3902 ex
1198 3841 1282 3901 Balla

192 3947 347 4008 Alexandri
360 3943 469 4009 V11.”³
488 3950 642 4028 subjungit
656 3947 792 4008 Giraldus
813 3955 832 3983 ‘⁴
844 3948 882 4006 ita
894 3955 925 4006 nt
942 3949 1058 4021 'semper
1071 3943 1229 4001 adinvicem
1242 3941 1283 3996 vi-

192 4046 252 4106 deri
266 4041 423 4124 possint.”⁴
463 4049 554 4108 Poena
566 4049 596 4107 in
609 4043 767 4126 Regulares
787 4047 964 4123 negligentes
977 4045 1042 4102 hee
1051 4060 1163 4100 servare
1177 4049 1220 4098 est
1232 4057 1281 4098 ex-

226 4270 267 4333 (l)
282 4267 308 4316 S.
320 4267 472 4332 Alphonsua‚
483 4269 499 4318 l.
512 4268 551 4318 vii.
563 4271 621 4319 226.
791 4265 832 4330 (Q)
843 4265 942 4321 Ibidem,
956 4281 980 4312 n.
991 4261 1047 4310 826.

229 4356 268 4416 (3)
281 4353 381 4414 ibidem,
393 4369 417 4403 n.
429 4357 487 4403 227.
778 4353 829 4417 ι(4)
844 4351 909 4415 Exp.
921 4349 989 4399 luris
1000 4347 1088 4397 Pontis.
1102 4363 1124 4412 p.
1137 4345 1161 4394 ii.
1177 4348 1189 4404 ἐ
1201 4346 1247 4394 clx.
