3078 5258
410 475 528 536 JURIS
549 474 873 538 EOCLESIASTIOI
893 477 1073 540 FONTES.
1231 485 1291 542 225

197 651 270 708 tura,
296 641 454 699 canonibus
479 640 693 716 Apostolorum,
720 651 749 698 et
774 643 959 702 conciliorum
985 642 1104 702 decretis
1130 645 1289 723 desumpta.

198 738 343 798 Dividitur
351 739 382 798 in
394 740 482 799 libros
491 739 575 815 juxta
587 737 717 798 ordinem
730 740 871 800 versiculo
883 741 939 800 hoc
952 741 1106 802 indicatum

431 861 448 910 J
450 861 522 919 udex,
531 861 546 910 J
548 861 665 921 udicium,
674 863 769 920 clema,
778 863 917 924 Connubia,
929 863 1038 916 Crimen.

241 991 351 1048 “Libri
365 988 493 1057 autem,'’
508 991 601 1062 inquit
610 989 726 1058 Devoti,
747 999 766 1026 “
778 991 864 1050 divisi
877 1002 942 1052 sunt
955 995 984 1052 in
994 994 1089 1070 plures
1104 995 1207 1063 titulos,
1223 1015 1293 1069 quo·

199 1109 263 1147 rum
284 1089 390 1166 singuli
409 1089 490 1165 plura
509 1090 601 1164 capita
620 1089 782 1157 continent;
804 1100 832 1148 et
845 1093 936 1167 capita
950 1111 1015 1150 cum
1027 1092 1159 1172 longiora
1172 1104 1247 1164 sunt,
1262 1097 1292 1154 in

199 1187 393 1266 paragraphos
407 1188 572 1245 tribuuntur.
614 1187 663 1245 Ex
676 1187 721 1244 his
742 1191 853 1260 quoties
876 1189 982 1264 aliquid
994 1191 1167 1251 laudandum
1181 1204 1234 1260 est,
1250 1195 1292 1252 in·

198 1286 431 1361 dicanturprima
440 1286 525 1342 verba
543 1286 668 1361 capituli,
678 1286 724 1342 vel
738 1305 883 1354 numerus,
894 1289 939 1347 vel
953 1299 1103 1363 utrumque
1123 1291 1219 1360 siinul,
1233 1292 1289 1350 hoc

198 1385 289 1444 modo
303 1403 340 1442 ex
354 1402 396 1460 gr.
414 1382 484 1462 Cap.
506 1381 708 1442 Venerobt'lem
722 1383 757 1442 dc
770 1384 849 1444 elect.
864 1385 936 1464 Cup.
955 1391 980 1444 1.
996 1387 1031 1446 de
1047 1388 1152 1447 Cleric.
1168 1391 1291 1470 conjug.

204 1484 279 1561 Cup.
295 1491 349 1542 tua
362 1500 417 1540 noa
431 1487 470 1540 26
483 1482 518 1541 de
536 1481 676 1561 Sponcol.
698 1490 725 1541 ct
738 1484 896 1542 matrim.”

241 1587 270 1640 8.
293 1582 423 1640 Librum
443 1589 563 1641 uectum
583 1580 798 1652 Decrctolium,
821 1584 870 1658 qui
890 1592 983 1686 tamen
1002 1595 1030 1642 et
1050 1587 1111 1662 ipse
1126 1586 1155 1642 in
1168 1587 1292 1660 quinque

198 1683 288 1741 libros
302 1681 484 1749 distribuitur,
505 1681 601 1750 edidit,
623 1681 735 1740 decimo
749 1693 848 1754 quarto
862 1683 977 1741 ineunte
997 1685 1110 1752 saeoblo,
1126 1684 1291 1744 Bonilacius

200 1780 286 1839 VIII.
309 1781 445 1838 Continet
457 1799 580 1838 canones
594 1779 713 1838 duorum
727 1782 913 1840 conciliorum
933 1783 1105 1858 generalium
1120 1783 1292 1860 Lugdunen-

199 1882 286 1947 sium,
300 1890 329 1937 et
341 1878 506 1937 Decretales
520 1878 699 1955 pontificum,
713 1897 776 1952 quae
797 1888 862 1956 post
875 1879 1080 1956 Gregorianam
1094 1881 1291 1939 collectionem

200 1979 313 2036 fuerant
331 1972 493 2054 evulgatae.1
533 1977 608 2054 Ejus
631 1979 725 2054 capita
745 1997 811 2035 cum
830 1977 987 2044 laudantur,
1007 1979 1038 2036 in
1051 1979 1107 2038 fine
1131 1976 1240 2036 additur
1260 1979 1294 2036 in

181 2108 184 2112 ·
202 2084 298 2143 acuto,
312 2095 348 2134 ex
360 2095 402 2152 gr.
420 2075 493 2154 Cup.
512 2076 736 2135 Conccrtotioru‘
749 2076 784 2135 dc
797 2075 934 2155 appellat.
950 2075 983 2134 iu
997 2080 1025 2134 6.

242 2180 271 2234 9.
297 2173 487 2234 Clementiam
502 2173 672 2233 Decretolca
686 2178 716 2234 in
731 2180 748 2234 5
763 2177 848 2234 etiam
860 2176 947 2233 libros
963 2174 1132 2235 dividuntur.
1176 2175 1292 2234 Prodie·

200 2285 264 2333 runt
284 2273 444 2332 Clementis
458 2275 497 2331 V.
509 2277 604 2353 jussu,
626 2274 676 2346 qui
695 2293 760 2332 suas
781 2275 997 2333 constitutiones
1017 2276 1048 2331 in
1067 2273 1188 2332 concilio
1206 2273 1293 2332 Vien-

200 2375 282 2432 nensi
296 2374 398 2441 editas,
411 2373 525 2449 corpori
531 2374 605 2450 juris
619 2372 703 2449 adjici
713 2374 811 2441 voluit,
823 2371 900 2445 quod
912 2372 1039 2431 loannes
1050 2373 1150 2430 XXII.
1163 2372 1291 2450 perfecit.

201 2471 251 2529 Sic
264 2474 357 2532 solent
369 2472 465 2530 citari:
490 2470 633 2538 Clement,
647 2471 676 2528 si
678 2470 800 2553 furiosi
813 2471 849 2530 dc
862 2469 1006 2550 religioe:
1028 2471 1139 2530 domib.

243 2575 291 2628 10.
313 2569 566 2648 Extruuogantce
587 2569 716 2629 dicuntur
733 2570 884 2648 pontificiae
906 2571 960 2628 illae
978 2571 1203 2636 constitutiones,
1219 2588 1292 2640 quae,

203 2677 271 2744 post
280 2668 409 2726 laudatos
429 2668 622 2727 Decretalium
641 2668 728 2726 libros
749 2669 872 2734 emissae,
892 2677 971 2724 extra
990 2685 1093 2742 corpus
1109 2668 1183 2743 juris
1199 2666 1294 2740 vagari

204 2764 382 2823 videbantur.
419 2754 540 2825 'Ioannis
566 2766 667 2824 XXII.
690 2767 791 2842 viginti
814 2763 940 2839 epistole
967 2763 1119 2820 decretales
1142 2780 1200 2819 uno
1221 2761 1294 2819 libro

202 2863 489 2939 comprehenduntur.
532 2866 574 2925 lta
605 2866 733 2922 citantur.
774 2861 908 2922 Ectrau.
936 2878 1005 2920 cum
1029 2859 1109 2919 iuter
1133 2857 1295 2920 nonnullos

201 2960 295 3020 loon.
310 2961 415 3020 XXII.
430 2961 465 3020 de
478 2962 547 3022 verb
561 2961 671 3042 cignis.
705 2961 957 3040 Eutroooganteu
970 2958 1161 3028 Communes,
1175 2957 1295 3018 aliorum

202 3060 371 3136 pontificum
385 3062 419 3118 ab
432 3061 550 3120 Urbano
562 3061 617 3119 IV.
628 3060 664 3119 ad
677 3061 791 3119 Sixtum
801 3061 855 3118 IV.
866 3060 977 3118 decreta
987 3059 1122 3118 exhibent
1136 3060 1167 3118 in
1180 3057 1294 3117 blibros

203 3158 359 3217 distributa.
402 3160 452 3218 Sic
464 3159 632 3217 laudantur:
654 3151 786 3218 Eoetruc'.
799 3177 861 3218 rem
873 3177 935 3217 uon
947 3177 1058 3218 nouom
1071 3155 1214 3217 dedolet
1228 3175 1295 3216 cou-

202 3264 316 3316 tumac.
330 3256 410 3316 iuter
424 3275 574 3316 commun.

245 3360 294 3413 ll.
313 3354 428 3434 Corpua
442 3356 528 3432 igitur
531 3355 618 3435 juria
629 3373 666 3413 ex
677 3355 805 3413 Gratiani
819 3352 954 3420 Dccrcto,
969 3350 1188 3420 Decrctolibus,
1200 3351 1295 3410 Libro

201 3460 288 3513 acuto
312 3452 527 3522 Decretulium,
552 3452 758 3520 Clementiam,
785 3459 812 3509 ct
835 3449 1125 3527 Eutrovcguntibue
1147 3449 1294 3508 conflatur.

201 3551 263 3610 Jua
276 3569 390 3612 novum
409 3553 519 3620 dicitur,
532 3561 564 3610 ut
576 3553 610 3611 ab
624 3553 746 3624 antiquis
766 3549 978 3608 collectionibus
998 3547 1193 3623 distinguatur.
1235 3546 1295 3605 ,luc

199 3669 271 3710 vero
284 3651 487 3711 nooiuaimum
501 3669 534 3708 ea
553 3651 732 3727 amplectitur
751 3667 815 3721 quaa
834 3657 933 3724 postea
952 3655 1018 3704 sunt
1037 3645 1110 3704 edita
1126 3645 1296 3723 pontificum

200 3769 256 3808 seu
276 3750 462 3809 conciliorum
485 3748 614 3808 decreta:
637 3751 708 3806 inter
728 3766 791 3821 quae
804 3746 974 3805 Tridentina
993 3745 1134 3824 insignem
1156 3753 1295 3822 occupant

199 3851 310 3908 locum.
354 3847 464 3906 Bellus
487 3849 657 3924 pontificias,
679 3865 730 3906 seu
750 3847 861 3905 decreta
883 3847 989 3924 sigillo,
1012 3846 1058 3903 vel
1080 3845 1225 3920 plumbeo,
1251 3842 1296 3899 vel

201 3966 299 4014 aureo,
315 3948 446 4013 munitas,
461 3964 524 4019 quae
544 3944 766 4006 consistoriulca
786 3945 926 4012 dicuntur,
948 3943 1059 4016 quoties
1073 3943 1103 3999 in
1115 3941 1294 4006 consistorio,

201 4064 240 4103 ex
262 4044 459 4104 CardInalium
481 4046 610 4112 consilio,
633 4043 833 4122 expediuntur,
853 4044 991 4100 inunum
1012 4038 1135 4114 collegit,
1155 4048 1184 4096 et
1205 4038 1235 4094 in
1258 4042 1294 4095 14

199 4154 297 4202 tomos
320 4142 459 4202 distribuit
479 4142 677 4222 Hieronymus
700 4139 878 4207 Maiuardus,
902 4136 1044 4197 Bullcrt'o
1067 4155 1182 4218 magno
1206 4135 1292 4196 edito.

470 4369 513 4436 (l)
532 4367 610 4418 lustit.
618 4363 693 4417 luris.
704 4363 824 4416 Canonici
832 4363 848 4413 l.
860 4363 904 4414 ic.
916 4361 949 4412 ri.
960 4376 986 4412 u.
997 4359 1038 4410 87.
