3146 5266
274 470 313 522 22
634 462 701 521 'DE
715 462 1000 535 ,IGNORANTna

275 628 369 684 minus
383 625 493 694 ardeat;
514 628 662 685 nonenim
676 628 737 684 sine
751 645 835 685 causa
848 626 954 686 dictum
967 636 1011 685 est
1032 627 1147 686 effunde
1160 629 1230 686 uam
1244 635 1330 686 tuam
1344 625 1381 690 in

273 735 381 802 gentes,
396 742 459 795 quae
473 734 499 782 te
513 743 571 783 non
584 718 770 784 neverunt.”l
812 725 954 785 Caeterum
969 725 1167 804 intelligendus
1182 735 1225 784 est
1236 727 1323 799 loqui
1337 725 1375 783 de

274 825 397 900 peccatis
411 833 506 881 contra
518 824 611 899 legem
633 833 748 894 naturae,
763 825 798 883 de
819 826 921 898 quibus
942 825 1099 903 Apostolus
1119 825 1183 884 loco
1200 827 1261 901 jam
1285 827 1375 882 citato

275 923 357 979 dicit:
396 923 486 980 “sine
512 923 574 998 lege
600 924 771 999 peribunt:”
807 943 870 997 quae
896 943 954 982 non
986 933 1136 983 censentur
1169 924 1377 982 invincibiliter

275 1023 432 1097 ignorasse.

313 1126 362 1178 33.
385 1120 569 1198 Ignorantia
572 1119 665 1200 facti,
680 1121 844 1202 nonjura'a,
861 1120 1011 1192 accusat,²
1024 1123 1137 1181 axioma
1149 1131 1193 1179 est
1207 1139 1264 1194 quo
1280 1122 1373 1198 signi-

275 1220 373 1276 ficatur
385 1221 415 1276 in
424 1219 540 1296 judiciis
551 1239 609 1278 non
622 1221 731 1281 admitti
744 1223 956 1281 excusationem
970 1223 995 1278 si
1009 1223 1073 1295 quis
1086 1222 1179 1298 legem
1187 1213 1374 1296 ignoraverit,

275 1337 360 1389 quam
374 1337 473 1375 omnes
487 1336 571 1376 nesse
584 1332 750 1388 censentur3
772 1321 823 1378 sed
835 1322 876 1378 rei
897 1323 1015 1397 alicujus
1036 1320 1166 1397 specialis
1180 1319 1376 1394 ignorantiam

274 1435 359 1491 posse
373 1416 547 1492 probabilem
561 1420 770 1477 subministrare
784 1419 989 1477 defensionem.
1033 1419 1111 1478 Reus
1129 1417 1306 1495 judicabitur
1320 1418 1374 1488 qui

274 1534 383 1573 merces
396 1514 458 1591 lege
472 1515 569 1572 vetitae
583 1518 613 1573 in
633 1519 837 1593 rempublicam
851 1519 999 1585 invexerit,
1019 1518 1086 1575 licet
1098 1535 1161 1574 eam
1181 1517 1372 1592 ignoraverit:

275 1612 326 1668 sed
347 1615 527 1672 excusabitur
548 1633 564 1669 a
583 1634 668 1689 poena
688 1619 739 1688 qui
759 1615 979 1691 chirographum
998 1617 1096 1674 fictum
1118 1613 1267 1674 bonafide
1290 1614 1375 1671 alteri

280 1710 440 1778 tradiderit;
464 1731 529 1769 uam
543 1721 572 1767 et
582 1713 630 1771 lex
643 1717 791 1772 scientiam
804 1714 911 1772 fraudis
924 1706 1038 1792 exigit³

321 1815 369 1868 34.
393 1811 553 1886 Ignorantia
570 1813 643 1887 juris
660 1814 777 1871 humani
799 1832 893 1871 coram
907 1813 1002 1872 Deos
1022 1815 1100 1890 gravi
1113 1813 1196 1888 culpa
1208 1819 1375 1878 excusatur,

275 1910 386 1980 quoties
407 1929 444 1966 ex
457 1911 534 1985 gravi
547 1911 718 1988 negligentia
730 1930 787 1969 non
801 1913 897 1979 oritur,
911 1912 1005 1969 habita
1026 1913 1132 1970 ratione
1154 1912 1292 1986 cujusque
1309 1929 1375 1966 mu·

276 2009 362 2074 neris,
377 2009 512 2072 scientie,
527 2011 783 2082 opportunitatum:
804 2029 920 2081 aequum
943 2012 1048 2087 quippe
1069 2019 1114 2068 est
1132 2027 1191 2068 non
1209 2008 1281 2065 adeo
1296 2017 1374 2065 arcte

275 2104 430 2179 urgendum
444 2105 644 2180 obligationem
657 2126 754 2165 eorum
769 2126 832 2180 quae
845 2109 955 2184 legibus
978 2108 1110 2166 humanis
1125 2109 1324 2173 decemuntur,
1340 2125 1374 2162 ac

276 2221 372 2260 eorum
387 2223 449 2277 quae
463 2221 556 2260 rerum
569 2214 666 2261 natura
687 2214 715 2261 et
737 2206 832 2263 divina
854 2206 917 2282 lege
939 2209 1073 2265 nituntur.
1117 2206 1260 2264 Caeterum
1283 2222 1376 2263 unus-

277 2303 396 2372 quisque
410 2302 584 2378 diligentiam
594 2313 780 2378 opportunam
791 2313 819 2360 et
827 2304 1104 2362 necessariamdebet
1112 2303 1262 2361 adhibere:
1286 2321 1374 2360 secus

276 2400 434 2457 censebitur
446 2400 517 2456 velle
540 2401 678 2475 ignorare,
693 2412 721 2458 et
741 2405 949 2478 praetermittere
971 2421 1033 2474 quae
1056 2402 1266 2477 praecipiuntur.
1312 2401 1376 2465 Qui

277 2499 424 2555 consuevit
437 2498 535 2555 diebus
549 2497 627 2554 sestis
652 2499 759 2557 adstare
782 2520 871 2568 sacro,
895 2509 923 2556 et
945 2519 981 2556 ex
1003 2502 1122 2575 pastoris
1146 2485 1261 2557 monitis
1281 2515 1375 2554 nosse
1457 2536 1460 2541 -

279 2594 341 2652 dies
356 2598 456 2666 quibus
472 2596 659 2672 jejunandum
681 2601 727 2667 sit,
742 2608 899 2666 excusatur,
914 2591 940 2654 si
961 2617 998 2654 ex
1019 2598 1184 2655 necessitate
1198 2594 1330 2663 abfuerit,
1346 2605 1378 2654 et

276 2692 312 2750 de
326 2693 371 2750 die
386 2695 508 2766 quodam
517 2695 621 2770 jejunii
633 2696 705 2754 nihil
718 2697 895 2774 cogitaverit:
919 2695 970 2754 sed
992 2697 1041 2768 qui
1060 2697 1143 2771 culpa
1165 2687 1219 2752 su'a
1229 2693 1330 2762 abfuit,
1346 2702 1375 2749 et

277 2791 312 2848 de
326 2791 425 2850 diebus
435 2794 539 2869 jejunii
552 2793 627 2852 haud
650 2814 681 2852 se
700 2796 801 2853 habeat
823 2796 975 2862 solicitum,
999 2795 1089 2870 culpae
1112 2795 1204 2869 gravis
1227 2809 1291 2849 reus
1316 2799 1372 2858 esl·

277 2893 387 2960 quoties
402 2911 452 2948 sua
464 2891 635 2965 negligentia
647 2892 732 2948 violat
740 2891 878 2948 Ecclesiae
889 2900 1061 2966 praeceptum
1072 2910 1080 2957 3
1102 2891 1147 2952 vel
1161 2890 1259 2948 saltem
1273 2889 1372 2969 gravis

277 2987 453 3063 negligentiae
466 3007 530 3045 reus
544 2996 595 3044 est.
639 2988 696 3053 Qui
709 3006 772 3045 rure
782 2987 896 3063 degrmt,
911 2987 1009 3065 procul
1023 2989 1057 3045 ab
1071 2989 1201 3056 ecclesia,
1215 2987 1320 3044 debent
1333 3004 1372 3042 ex

276 3083 354 3141 libris
369 3085 428 3143 dies
438 3087 542 3162 jejunii
555 3085 727 3158 festivosque
738 3085 882 3146 addiscere
894 3106 901 3154 ς
921 3103 975 3142 nec
985 3095 1163 3154 excusantur,
1175 3087 1209 3154 si,
1221 3103 1254 3142 ea
1264 3085 1375 3142 omissa

313 3255 355 3318 (l)
375 3253 404 3302 L.
417 3254 447 3304 de
458 3255 534 3316 gratia
546 3262 569 3304 et
581 3255 622 3305 lib.
634 3256 682 3304 arb.
694 3270 715 3303 c.
724 3254 771 3306 111.

311 3339 352 3403 (2)
372 3339 413 3388 Er
426 3340 486 3400 Reg.
493 3341 564 3404 juris.
601 3339 688 3389 “This
699 3347 765 3390 must
776 3341 805 3388 be
817 3355 849 3389 an
867 3341 998 3402 ignorenee
1010 3357 1036 3390 or
1047 3341 1150 3391 mistake
1162 3340 1249 3399 effect,
1258 3337 1308 3387 and
1320 3341 1369 3386 not

274 3437 306 3470 an
318 3438 383 3472 error
393 3425 420 3474 in
431 3424 501 3496 point
512 3425 540 3473 os
547 3426 601 3474 law.
637 3426 673 3474 As
685 3425 729 3475 ita
741 3441 807 3486 man,
818 3425 947 3488 intending
959 3433 984 3475 to
1001 3427 1045 3476 hill
1057 3442 1071 3476 a
1083 3425 1146 3475 thies
1154 3441 1181 3474 or
1191 3423 1373 3474 housebreaker

275 3507 301 3556 in
313 3508 352 3557 his
369 3526 426 3560 own
437 3510 522 3570 house,
533 3512 566 3574 by
578 3511 681 3561 mistahe
697 3511 754 3562 kills
772 3527 819 3561 one
831 3513 859 3560 of
871 3512 911 3561 his
929 3527 985 3561 own
1003 3511 1097 3574 family,
1109 3510 1157 3560 this
1168 3511 1190 3560 is
1206 3525 1241 3559 no
1257 3505 1372 3558 crimiual

276 3593 373 3645 actione
388 3596 433 3642 but
444 3594 466 3642 if
479 3611 493 3642 a
504 3612 563 3644 man
574 3596 658 3646 thinks
669 3596 702 3645 he
714 3596 758 3645 has
770 3613 784 3645 a
801 3597 866 3658 right
878 3603 905 3646 to
914 3597 957 3646 kill
975 3613 989 3645 a
1006 3611 1094 3660 person
1105 3591 1334 3644 excommunicated
1346 3604 1373 3638 or

276 3676 541 3734 outlawed,wherever
552 3678 583 3725 he
595 3686 671 3727 meets
682 3680 743 3737 him,
755 3681 803 3728 and
820 3681 878 3728 does
896 3697 939 3739 so;
956 3680 1005 3728 this
1021 3681 1043 3729 is
1060 3681 1138 3730 willul
1155 3678 1258 3729 murder:
1294 3677 1373 3726 Fora

277 3756 381 3806 mistake
395 3759 419 3806 in
433 3757 502 3822 point
514 3760 542 3807 os
555 3761 610 3819 law,
621 3760 703 3810 which
721 3777 793 3824 every
805 3777 893 3825 person
905 3763 933 3810 of
947 3761 1076 3812 discretiori
1096 3771 1140 3812 not
1149 3763 1206 3826 only
1218 3777 1284 3824 may,
1294 3761 1340 3810 but
1351 3758 1372 3806 is

277 3843 359 3891 bound
372 3843 420 3892 and
429 3844 557 3908 presumed
577 3852 601 3893 to
613 3845 695 3904 know,
707 3846 728 3894 is
739 3847 765 3894 in
783 3845 894 3894 criminal
911 3862 979 3895 cases
990 3862 1023 3895 no
1042 3854 1091 3896 sort
1101 3849 1129 3898 of
1141 3847 1249 3897 desence.
1283 3845 1372 3912 ‘Igno-

277 3927 449 3995 rantiajuris,
461 3926 528 3994 quod
538 3927 643 3995 quisque
654 3933 752 3980 tenetur
760 3929 829 3988 scire,
836 3929 1078 3990 neminemeaceaar,
1090 3931 1110 3980 is
1122 3947 1149 3980 as
1159 3931 1215 3980 well
1226 3929 1268 3980 the
1279 3927 1372 3979 maxim

277 4013 306 4060 of
314 4028 358 4062 our
366 4031 422 4063 own
435 4017 481 4064 law
493 4031 520 4063 as
529 4015 547 4065 it
559 4031 610 4065 was
621 4017 649 4065 os
656 4016 698 4066 the
710 4014 821 4066 Roman!
831 4014 847 4038 ''
881 4015 1028 4066 Blachstone
1040 4016 1056 4066 l.
1067 4016 1098 4066 iv.
1110 4031 1136 4066 n.
1148 4020 1190 4066 27.

313 4101 352 4164 (3)
372 4107 387 4130 “
396 4100 421 4149 If
428 4117 477 4164 any
488 4117 536 4150 one
547 4124 580 4142 -
592 4103 653 4153 shall
665 4119 729 4168 pass,
746 4110 810 4153 utter
828 4119 856 4152 or
873 4103 979 4166 publish,
991 4118 1017 4151 or
1033 4109 1136 4167 attempt
1151 4110 1176 4153 to
1188 4119 1253 4168 pass,
1263 4110 1327 4154 utter
1339 4117 1366 4152 cr

276 4184 373 4248 publish
386 4201 412 4234 as
423 4194 483 4245 true,
495 4202 543 4250 any
555 4188 622 4247 false,
635 4189 725 4254 forged,
738 4205 764 4239 or
778 4188 922 4241 counterseit
933 4188 975 4238 bill
987 4204 1014 4236 or
1024 4185 1236 4256 note-knows'ng
1249 4188 1291 4239 the
1304 4202 1370 4239 same

276 4277 301 4317 to
312 4271 341 4318 bc
358 4270 442 4333 falsely
455 4271 545 4334 forged,
563 4289 590 4324 or
608 4275 807 4326 counterfeited.’'
845 4280 893 4326 Act
912 4275 940 4325 of
954 4272 1014 4324 aeth
1026 4273 1127 4335 March,
1151 4273 1224 4326 1824.
1257 4273 1331 4325 Laws
1345 4272 1374 4322 ol

279 4355 465 4419 Pennsylvania
