3078 5258
474 501 531 560 DE
552 501 704 562 RERUM
725 501 954 563 DIVISIONE.
1155 505 1182 552 θ
1201 511 1264 572 w

167 668 292 746 scriptio
307 677 401 725 autem
415 675 490 724 certe
504 667 579 724 valet
591 675 656 744 post
667 666 867 743 longissimum
885 671 1021 745 temporis
1034 669 1157 747 lapsum,
1172 674 1197 732 si
1210 691 1261 751 po·

166 776 253 824 testas
267 775 401 843 usurpata
415 767 444 823 in
458 767 629 843 populorum
643 765 789 824 utilitatem
803 777 975 826 exerceatur.

209 871 236 923 6.
259 866 379 923 Sedium
392 866 541 940 occupatio
555 864 647 941 adjus
661 867 788 942 gentium
806 866 942 934 refertum
963 885 1052 940 quum
1071 871 1149 929 enim
1161 873 1260 946 generi

168 965 294 1022 humano
318 973 391 1021 totus
415 973 551 1022 terrarum
574 965 649 1022 orbis
673 965 703 1022 in
727 965 925 1024 habitationem
948 965 1081 1026 divinitis
1103 969 1184 1028 datus
1206 971 1258 1037 sit;

169 1064 235 1121 licet
254 1064 332 1140 genti
353 1063 542 1121 numerosiori
562 1079 649 1120 novas
672 1063 822 1135 exquirere
844 1065 976 1141 regiones
998 1063 1028 1122 in
1050 1068 1154 1140 quibus
1174 1069 1260 1128 vitam

170 1161 282 1238 degant.
317 1161 415 1219 Nemo
428 1160 544 1234 quidem
556 1171 600 1217 est
612 1163 661 1232 qui
676 1171 762 1220 terras
773 1164 875 1221 incolis
889 1181 992 1220 vacuas
1005 1165 1097 1239 primd
1111 1169 1260 1242 occupanti

171 1263 211 1318 sic
225 1261 327 1318 cedere
341 1272 441 1336 neget:
463 1259 555 1318 sedet
574 1261 704 1335 regiones
724 1271 809 1318 vastoe
830 1281 900 1334 quas
920 1261 1049 1320 incolunt
1067 1264 1197 1323 homines
1211 1285 1262 1324 nu·

170 1379 251 1418 mero
265 1361 358 1435 pauci,
373 1369 401 1414 et
412 1360 577 1436 sylvestres,
593 1377 643 1417 seu
656 1361 775 1428 barbari,
793 1369 912 1436 possunt
925 1363 1058 1437 occupari
1078 1364 1108 1420 in
1128 1365 1174 1422 sui
1186 1364 1260 1422 ntili·

171 1451 285 1524 tatem,l
298 1468 326 1514 et
338 1457 374 1514 ad
386 1457 500 1516 humani
514 1458 625 1534 generis
639 1458 737 1527 decus,
751 1468 782 1516 nt
793 1459 925 1517 homines
945 1459 1088 1535 pecudum
1101 1460 1159 1520 fere
1173 1463 1260 1520 instar

172 1551 316 1616 viventes²
328 1556 364 1614 ad
376 1575 470 1614 mores
484 1557 623 1616 humanos
638 1557 824 1626 traducantun
839 1569 869 1616 ut
888 1558 960 1618 nihil
979 1558 1106 1618 dicamus
1119 1560 1154 1618 de
1168 1561 1263 1620 Evan-

172 1656 239 1731 gelii
253 1656 352 1714 notitia
372 1655 617 1724 communicanda,
638 1676 702 1730 quae
724 1655 833 1715 Christi
850 1657 1004 1716 cultoribus
1026 1659 1167 1736 imprimis
1188 1661 1262 1718 esti·

172 1755 276 1813 manda
299 1748 366 1811 est.³
407 1754 627 1814 consueverunt
648 1765 741 1814 autem
765 1757 813 1827 qui
833 1775 937 1814 novam
959 1756 1093 1834 detegunt
1104 1759 1261 1834 regionem,

173 1854 291 1913 aedificia
304 1864 452 1927 trucesque
466 1854 588 1912 munitas
601 1855 632 1912 in
645 1873 679 1912 ea
698 1862 837 1921 extruere,
858 1864 886 1910 et
906 1855 1015 1927 aliquos
1029 1857 1067 1914 ibi
1081 1857 1262 1923 constituere,

173 1956 222 2025 qui
236 1955 326 2030 gentis
340 1954 457 2012 nomine
471 1948 645 2029 occupentt⁴
664 1971 869 2026 nonnunquam
889 1962 984 2011 tamen
998 1955 1065 2011 satis
1079 1954 1183 2013 habent
1195 1973 1262 2012 vex·

172 2052 263 2120 illum,
278 2071 328 2112 seu
341 2061 559 2112 monumentum
573 2051 782 2126 quodcumque,
797 2052 825 2110 in
840 2070 874 2109 ea
887 2053 1005 2128 erigere.

207 2227 249 2291 (l)
265 2225 395 2276 Consentit
406 2226 529 2276 Vattelius
542 2225 605 2291 juris
616 2225 726 2287 gentium
743 2225 844 2290 scriptor
855 2225 959 2276 nimium
968 2226 1095 2276 laudatus:
1113 2227 1214 2277 “Their
1231 2243 1267 2276 re·

173 2313 272 2373 moving
283 2312 346 2361 their
357 2311 505 2361 habitatione
516 2310 622 2372 through
640 2311 708 2360 these
718 2310 839 2360 immense
855 2311 960 2373 regions,
970 2320 1063 2361 cannot
1073 2313 1103 2360 be
1114 2313 1188 2362 taken
1199 2312 1236 2362 scr
1252 2327 1268 2361 a

172 2405 224 2445 true
235 2397 284 2445 and
295 2396 360 2457 legal
371 2396 526 2460 possession3
544 2396 591 2444 end
604 2395 645 2444 the
662 2395 748 2460 peoplo
766 2396 795 2444 os
807 2395 916 2460 Europe,
926 2403 967 2445 too
979 2396 1071 2461 closely
1083 2405 1142 2462 pent
1152 2413 1193 2461 up,
1205 2395 1267 2446 find·

171 2480 324 2541 iuglandes
337 2481 419 2530 which
431 2481 499 2530 these
511 2479 608 2529 natione
625 2495 665 2530 are
682 2481 708 2530 in
725 2497 758 2530 no
774 2481 904 2545 particular
916 2490 989 2542 want,
1006 2482 1054 2533 and
1072 2483 1101 2531 ot
1113 2481 1197 2532 which
1208 2481 1267 2545 they

173 2565 244 2614 melre
255 2581 289 2614 no
301 2566 382 2614 actual
393 2566 441 2614 and
453 2572 565 2614 constant
577 2580 629 2624 use,
641 2581 697 2628 may
707 2565 816 2629 lawsully
827 2581 924 2630 possess
935 2566 961 2625 it,
973 2566 1022 2615 and
1034 2565 1149 2616 establisb
1160 2564 1268 2614 colonias

174 2648 266 2699 there-'³
289 2648 339 2698 The
352 2651 415 2700 Luto
426 2648 457 2717 of
470 2649 582 2712 Notions,
594 2651 626 2715 by
636 2649 672 2699 M.
685 2649 723 2699 De
734 2650 825 2699 Vattel.
835 2651 850 2698 l.
861 2652 877 2699 i.
890 2667 911 2700 c.
923 2651 990 2700 xviii.
1003 2654 1017 2710 ἓ
1029 2652 1086 2702 208.

211 2737 250 2794 (2)
263 2733 398 2782 Robertson
411 2735 439 2783 de
454 2735 585 2785 viatoribus
596 2735 638 2799 qni
651 2734 764 2783 homines
781 2734 911 2796 sylvestres
928 2734 1064 2784 inviserent
1080 2733 1153 2784 dicit:
1171 2741 1186 2765 “
1196 2735 1268 2799 They

175 2819 241 2867 have
253 2820 315 2868 been
327 2819 462 2869 estoniabed
472 2822 520 2870 end
532 2820 648 2871 humbled
661 2820 721 2869 with
736 2819 866 2880 observing
878 2819 935 2868 hcvv
946 2821 1030 2883 nearly
1042 2835 1101 2870 man
1112 2821 1140 2869 in
1150 2820 1200 2870 this
1211 2836 1268 2871 con-

173 2903 252 2953 dition
265 2904 411 2968 approecbes
423 2914 446 2955 to
459 2906 500 2955 the
511 2908 580 2956 brute
591 2903 722 2956 creation.”
740 2904 841 2968 History
853 2904 882 2954 of
896 2905 1041 2964 Americed.
1053 2905 1085 2955 iv.
1096 2909 1111 2965 ς
1124 2905 1149 2955 ii.

209 2986 253 3052 (3)
266 2988 328 3038 Hec
344 2988 485 3051 adsignatur
501 2989 623 3054 precipue
633 2988 695 3038 ratio
712 2988 739 3038 in
750 2989 837 3038 celebri
855 2987 929 3041 Bulla
940 2989 1075 3040 Alexandri
1086 2989 1130 3040 Vl.
1142 3005 1198 3054 quae
1209 2989 1270 3040 inci·

173 3076 224 3141 pit:
243 3075 314 3126 Inter
320 3081 412 3127 wiern
431 3077 476 3126 Vis
488 3078 588 3128 rationis
598 3093 630 3127 οι
641 3077 749 3127 bominis
760 3079 848 3128 virtute
860 3095 910 3130 non
922 3065 1021 3144 pendet.

210 3158 252 3224 (l)
265 3159 295 3209 ln
313 3159 388 3210 Bulla
403 3161 551 3225 praelaudata
574 3160 677 3212 dicitnr:
694 3161 831 3226 “prelatus
846 3162 1036 3227 christophorus
1055 3160 1223 3228 (columbus)
1242 3164 1270 3213 in

172 3259 224 3293 una
235 3257 266 3293 ex
278 3244 452 3308 principalibus
463 3245 551 3295 insulis
567 3244 687 3310 predictis
700 3247 753 3310 jam
765 3261 842 3295 unam
859 3246 945 3295 turrim
963 3247 1022 3295 satis
1040 3247 1170 3304 munitam,
1182 3247 1208 3294 in
1221 3261 1271 3308 qua

175 3339 254 3379 certos
266 3329 429 3391 Christianos,
440 3331 483 3394 qni
495 3347 578 3380 secum
590 3330 693 3389 inerant,
710 3331 736 3380 iu
754 3330 897 3389 custodiam,
909 3339 934 3380 et
945 3337 973 3380 nt
984 3331 1044 3381 elias
1054 3330 1150 3380 insulas
1161 3337 1186 3379 et
1196 3339 1271 3379 terres

175 3416 266 3473 firmas,
289 3423 393 3465 remotes
412 3423 438 3465 et
459 3416 604 3478 incognitas,
620 3416 778 3480 inquirerent,
800 3416 889 3480 posuit,
900 3415 1010 3465 construi
1028 3422 1053 3464 et
1064 3413 1178 3464 edificari
1189 3413 1270 3462 fecit.'’

174 3500 262 3561 Quum
273 3500 326 3550 bec
336 3501 408 3550 fuerit
421 3502 477 3566 jure
488 3501 599 3562 gentium
609 3501 671 3550 ratio
680 3509 755 3549 terras
772 3499 916 3564 occupandi,
933 3500 1009 3562 liquet
1023 3498 1169 3548 Pontificem
1186 3513 1272 3560 agnos·

175 3601 239 3645 cere,
251 3586 345 3635 sancire
356 3594 381 3635 et
392 3587 492 3650 probare
500 3588 542 3652 jus
559 3588 622 3648 regis
638 3585 830 3650 Hispaniarum:
849 3585 915 3648 quod
932 3594 1014 3634 sutem
1032 3583 1104 3634 dicit:
1123 3584 1176 3632 “de
1188 3591 1272 3633 nostra

173 3685 242 3720 mera
253 3671 400 3727 liberalitate,
417 3679 442 3720 ot
458 3687 489 3720 ax
508 3679 572 3720 certa
592 3671 701 3730 scientia,
718 3677 742 3719 et
759 3669 789 3720 dc
806 3669 953 3733 Apostolice
971 3669 1097 3734 potestatis
1116 3668 1268 3734 plenitudino

174 3771 261 3806 omnes
272 3757 366 3806 insulas
377 3764 401 3806 et
412 3765 486 3806 terras
497 3757 586 3816 firmas,
603 3757 716 3806 inventes
726 3763 751 3805 et
767 3754 926 3805 inveniendas
938 3788 944 3803 .
957 3789 964 3802 .
976 3790 982 3804 .
995 3754 1139 3805 auctoritate
1152 3754 1272 3817 Omnipo·

173 3841 249 3890 tentis
260 3839 308 3889 Dei
320 3841 399 3890 Nobis
411 3842 437 3890 in
455 3841 532 3891 Beato
548 3841 621 3891 Petro
638 3857 770 3891 concessa.
781 3876 788 3890 .
800 3875 807 3888 .
819 3841 845 3890 in
862 3848 1007 3905 perpetuum
1025 3849 1108 3889 tenore
1117 3839 1272 3902 praesentium

171 3926 303 3984 donemus,
319 3926 477 3975 concedimus
495 3933 520 3975 et
536 3924 722 3988 assignemus;”
740 3925 927 3986 intelligendum
944 3932 980 3972 est
992 3924 1022 3972 de
1034 3923 1185 3985 amplissima
1202 3935 1272 3970 sanc·

174 4012 243 4060 tione
254 4027 303 4074 qna
314 4012 344 4060 ab
361 4012 465 4061 aliomm
485 4012 614 4062 conatibus
628 4013 671 4077 jus
688 4011 748 4061 illud
759 4011 918 4060 defendetur:
937 4016 1026 4058 notum
1043 4007 1135 4071 quippe
1151 4014 1189 4056 est
1201 4007 1274 4056 verbs

170 4096 214 4146 illa
226 4096 335 4146 adhiberi
351 4098 424 4161 juxta
435 4098 525 4160 stylum
538 4096 612 4148 curie
625 4103 653 4146 ut
664 4095 808 4145 latissimam
819 4094 1009 4157 explicationem
1021 4091 1128 4156 excipiat
1138 4091 1271 4143 decretum.

175 4180 307 4244 videque
319 4181 513 4244 supradiximus
529 4185 600 4231 treet.
613 4180 643 4230 ds
660 4178 757 4244 legibus
774 4176 830 4228 eccl.
841 4194 863 4227 c.
875 4177 915 4226 vii.
927 4193 953 4226 n.
969 4178 1011 4225 64.
1045 4176 1168 4241 Equidem
1180 4182 1276 4226 constat

172 4280 257 4328 regem
275 4265 468 4329 Hispaniensem
487 4266 639 4332 pontificiam
650 4265 808 4315 sanctionem
828 4263 971 4327 quesivisse
989 4263 1020 4313 sd
1037 4264 1196 4329 precavenda
1213 4263 1276 4324 regis

172 4349 290 4400 Lusitani
302 4350 407 4414 incepta,
418 4351 459 4400 cui
467 4353 520 4416 jam
532 4351 653 4400 Nicolaum
665 4350 696 4399 V.
709 4366 775 4399 enno
789 4351 862 4407 1454,
870 4350 914 4414 jus
925 4349 952 4399 in
960 4347 1085 4398 Guineam
1097 4348 1276 4397 vindicaverat:

173 4449 204 4485 eo
213 4433 306 4500 qnippe
320 4449 373 4484 ero
385 4435 497 4499 pontifex
508 4437 685 4501 agnoscebatur
693 4435 787 4501 jurium
797 4437 890 4484 arbiter.
918 4432 1042 4484 Ceterum
1054 4432 1105 4496 regi
1116 4426 1279 4496 Hispaniensi
