3078 5258
600 1283 742 1342 CAPUT
763 1281 817 1343 ΙΙΙ.

531 1495 569 1537 DE
592 1499 731 1538 GENTIUM
750 1498 881 1538 JURIBUS·

208 1697 238 1750 7.
262 1689 347 1747 Gnus
362 1685 493 1761 quaelibet
506 1689 653 1764 proprium
666 1689 774 1747 habens
788 1692 950 1766 imperium,
965 1711 1016 1768 par
1025 1691 1104 1750 alteri
1117 1702 1258 1762 censetur,

166 1791 339 1868 paribusque
354 1787 456 1864 gaudet
464 1788 586 1864 juribuS‚
601 1787 667 1844 licet
685 1787 831 1857 limitibus,
852 1790 970 1866 populo,
987 1792 1153 1864 viribusque
1166 1793 1260 1848 minor

163 1892 212 1947 sit.
255 1889 331 1945 Suos
346 1886 425 1963 eligit
437 1884 616 1963 magistratus
637 1895 665 1943 et
683 1888 838 1963 regiminis
853 1907 938 1960 quam
950 1887 1011 1948 vult
1022 1889 1142 1948 formam
1155 1888 1259 1954 habet;

166 2007 223 2047 nec
237 1987 315 2044 alteri
329 1987 506 2059 cuicumque,
518 1986 594 2061 genti
608 1979 654 2042 vel
675 1987 798 2062 principi
813 1987 863 2063 jus
883 1995 927 2044 est
947 1987 1045 2044 alieuae
1066 1987 1157 2064 gentis
1176 1987 1260 2043 rebus

167 2086 332 2144 domesticis
354 2103 416 2142 sese
437 2083 629 2150 immiscendi,
650 2085 696 2141 vel
717 2085 751 2143 de
771 2087 807 2144 iis
826 2087 965 2144 rationem
986 2085 1157 2162 postulandi.
1210 2086 1259 2143 Sic

168 2186 288 2260 quilibet
314 2203 349 2242 ex
371 2182 514 2242 soederatis
538 2181 654 2240 statibus
677 2185 818 2243 Americae
844 2186 935 2262 gentis
958 2185 1119 2253 instarem,
1142 2186 1260 2262 parique

167 2285 271 2362 gaudet
292 2285 368 2361 jure,
393 2289 566 2358 quapropter
588 2283 661 2340 duos
687 2284 771 2341 mittit
793 2283 828 2340 ad
851 2284 987 2342 Senatum
1011 2303 1186 2360 supremum,
1212 2285 1260 2356 qui

167 2386 332 2443 communia
345 2390 444 2440 curent
457 2382 580 2458 negotia,
596 2383 727 2454 quamvis
748 2383 777 2441 in
799 2382 884 2440 altero
898 2392 971 2440 coetu
992 2384 1149 2460 legatorum
1162 2402 1260 2442 nume·

165 2503 213 2540 rus
227 2503 279 2560 pro
293 2484 401 2540 civium
413 2481 522 2538 ratione
536 2479 694 2538 definiatur.
729 2479 778 2539 Ex
791 2481 896 2539 soedere
910 2483 979 2543 inito
993 2483 1154 2559 reipublicae
1168 2483 1259 2542 forma

166 2585 196 2640 in
211 2583 332 2660 singulis
354 2579 479 2638 Statibus
501 2579 638 2636 servanda
659 2577 735 2647 est;¹
756 2577 805 2638 scd
827 2581 922 2638 nullus
942 2581 1037 2638 Status
1059 2583 1142 2638 rebus
1164 2582 1260 2638 Status

167 2682 287 2739 alterius
308 2679 479 2756 specialibus
502 2679 665 2746 immiscere
688 2698 718 2736 sc
742 2688 854 2754 potest:
876 2677 953 2751 quod
975 2697 1029 2735 nec
1049 2679 1105 2752 ipsi
1124 2697 1258 2752 supremo

169 2779 321 2838 Gubemio
335 2778 509 2855 permittitur,
531 2776 582 2834 sed
596 2786 720 2853 potestas
740 2778 813 2834 intra
833 2777 946 2852 negotia
959 2777 1013 2833 sibi
1034 2776 1187 2832 commissa
1201 2795 1260 2833 om·

166 2880 248 2936 nium
264 2878 396 2934 Statuum
411 2895 550 2934 corisensu
571 2885 599 2934 ct
617 2873 722 2932 soedere
737 2894 767 2932 se
781 2875 863 2932 sistit.
906 2873 985 2932 Hinc
1006 2893 1068 2947 quae
1083 2871 1112 2932 in
1133 2874 1260 2933 Statibus
1319 2909 1323 2918 ·

166 2977 313 3036 nonnullis
336 2976 620 3052 Septemtnonalibus
641 2976 789 3032 societates
809 2973 936 3032 conflatae
959 2973 1084 3033 suntad
1103 2973 1260 3034 servitutis

168 3075 372 3143 abolitionem,
383 3077 424 3133 uti
434 3073 488 3132 sert
498 3094 593 3131 earum
607 3093 723 3142 nomen,
735 3073 807 3140 nihil
815 3084 935 3151 possunt
947 3075 1002 3132 nisi
1016 3076 1158 3142 suasione,
1174 3094 1260 3148 quam

168 3177 351 3234 vehementer
370 3175 503 3252 rejiciunt
523 3174 618 3230 Status
638 3174 837 3232 meridionales
858 3175 888 3230 in
909 3175 1011 3245 quibus
1032 3176 1152 3232 servitus
1171 3176 1257 3251 viget.

171 3275 363 3352 Congreaaus
376 3274 450 3351 ipre,
465 3282 554 3330 coetus
574 3273 682 3330 scilicet
701 3291 863 3349 supremus,
883 3271 955 3328 nihil
975 3269 1010 3326 de
1023 3272 1160 3328 abolenda
1172 3275 1259 3329 servi-

167 3385 222 3431 tate
236 3374 389 3432 decernere
401 3372 484 3440 valet,
499 3372 555 3428 nisi
569 3371 662 3444 quoad
676 3385 793 3447 parvam
805 3370 882 3428 illam
891 3371 1039 3446 regionem
1053 3388 1116 3441 quse
1130 3371 1257 3445 supremi

169 3474 309 3532 Gubernii
323 3483 375 3540 est,
391 3471 564 3530 districtum
579 3470 742 3529 Columbiae
755 3470 868 3528 dictam.
1206 3457 1208 3459 ⁵

209 3577 237 3630 8.
261 3573 294 3629 Si
316 3591 361 3628 rcs
382 3571 501 3647 alicujus
521 3571 614 3647 gentis
638 3571 741 3646 turbari
763 3567 921 3643 contigerit,
936 3575 965 3623 et
986 3565 1116 3636 exquirat
1138 3565 1258 3623 alienam

168 3690 253 3747 opem
267 3689 418 3746 supremus
437 3670 616 3745 magistratus
637 3669 671 3727 ad
693 3669 830 3745 populum
851 3663 1054 3723 continendum
1067 3666 1097 3722 in
1111 3663 1217 3732 officio,
1232 3675 1259 3721 ct

167 3771 295 3846 legitima
308 3769 454 3827 retinenda
469 3770 545 3845 jura,
559 3766 670 3826 videtur
682 3767 766 3824 licere
786 3783 949 3824 succurrere
963 3765 1085 3842 principi
1097 3765 1254 3822 laboranti:

169 3889 227 3927 non
241 3871 279 3927 ita
292 3870 317 3926 si
336 3867 516 3945 tyrannidem
537 3877 677 3934 exerceat,
699 3866 744 3924 vel
764 3866 788 3922 si
808 3865 932 3942 populus
953 3873 1037 3930 totus,
1058 3865 1094 3921 ob
1115 3863 1259 3938 publicam

170 3969 330 4035 utilitatem,
354 3967 501 4043 regiminis
525 3967 645 4024 formam
668 3966 713 4022 vel
725 3976 864 4024 rectorem
888 3971 995 4020 mutare
1019 3961 1183 4019 decreverit.
1226 3959 1259 4016 Si

169 4067 293 4143 populus
307 4065 457 4142 tyrannide
475 4084 630 4143 oppressus
651 4084 735 4140 opem
749 4065 871 4122 alienam
890 4061 1030 4133 exquirat,
1050 4068 1082 4117 ut
1094 4068 1168 4116 certa
1181 4067 1208 4115 et
1219 4059 1258 4115 le-

171 4167 269 4241 gitima
280 4168 346 4243 jura
365 4176 523 4242 recuperet,
544 4163 654 4223 videtur
667 4163 750 4221 licere
770 4163 806 4220 iis
827 4161 995 4221 subvenire:
1016 4177 1075 4218 non
1088 4167 1180 4217 autem
1193 4157 1261 4215 licet

461 4385 503 4448 (l)
518 4382 604 4432 Const.
617 4381 708 4432 United
721 4380 808 4438 States,
818 4388 860 4428 art.
872 4379 904 4429 iv.
918 4383 931 4437 ς
944 4379 975 4427 iv.
997 4365 999 4369 ¹
