3046 5262
272 477 331 534 812
516 471 572 530 DE
594 467 804 528 PEOCATIS
825 467 1115 528 CAPITALIBUS.

273 638 489 712 Multiloquium
508 638 595 696 etiem
617 655 682 694 oum
700 635 838 696 ebrietate
859 617 987 712 persepe
1005 636 1201 714 conjungitur
1226 637 1368 697 “nullum

273 747 411 796 secretum
435 745 479 795 eet
506 737 554 795 nbi
576 744 675 812 regnat
697 731 846 808 ebrietas,1
894 735 994 794 Hebes
1023 736 1192 812 plerumque
1214 735 1248 793 fit
1266 754 1367 796 mene:

275 836 368 895 “Prae
386 833 453 894 vino
476 836 647 903 nescierunt,
663 845 692 894 et
707 854 764 912 prae
782 835 915 894 ebrietate
935 826 1147 894 erraverunt.”²
1183 833 1263 892 Hine
1287 835 1368 892 Salo-

274 953 342 994 mon
364 935 419 994 ait:
455 933 620 1012 “Cogitavi
656 936 686 992 in
709 933 793 992 eorde
819 951 884 992 meo
917 934 1078 992 abstrahere
1102 952 1119 990 a
1151 934 1219 991 vino
1250 951 1368 991 earnem

273 1051 379 1101 meam,
393 1044 426 1093 ut
437 1034 565 1092 animum
580 1052 677 1092 meum
698 1029 878 1091 transserrdm
898 1032 933 1090 ad
952 1033 1132 1110 sapientiam,
1153 1031 1367 1104 devitaremque

275 1126 470 1190 stultitiam.”³

313 1235 363 1292 75.
384 1231 527 1298 Ebrietas,
542 1249 598 1303 qua
612 1231 727 1290 “bomo
741 1231 840 1288 volens
854 1239 883 1288 et
895 1231 989 1288 sciens
1002 1232 1136 1308 privatae
1149 1248 1205 1287 usu
1217 1231 1366 1298 orationis,

277 1349 334 1405 quo
347 1329 504 1390 seeundum
519 1331 651 1388 virtutem
664 1339 806 1406 operatur,
821 1339 849 1388 et
862 1340 978 1406 peeoata
989 1322 1149 1388 declinat'’⁴
1161 1338 1206 1386 est
1218 1339 1368 1406 peecatum

275 1431 405 1490 mortale.
439 1438 458 1465 “
471 1429 520 1486 ste
531 1439 629 1506 peccat
636 1429 799 1497 mortaliter,
811 1429 938 1506 periculo
948 1429 1085 1504 peccandi
1095 1446 1127 1486 se
1135 1421 1368 1487 committens.”⁵

278 1537 297 1566 ‘¹
310 1528 429 1588 Certum
442 1538 487 1586 est
499 1528 574 1605 apud
588 1528 722 1596 omnes,”
737 1529 830 1602 inquit
849 1527 882 1585 S.
903 1527 1081 1604 Alphonsus,
1098 1536 1117 1564 ‘⁶
1127 1528 1205 1601 quod
1219 1527 1256 1585 ad
1269 1528 1328 1585 hoe
1340 1534 1369 1585 ut

276 1629 396 1688 ebrietas
409 1627 446 1685 sit
458 1637 604 1704 peceatum
619 1627 746 1694 mortale,
761 1628 912 1701 requiritur
930 1636 963 1685 ut
981 1628 1018 1684 sit
1036 1627 1171 1703 perfecta,
1185 1645 1291 1703 nempe
1306 1645 1368 1698 qua

277 1727 393 1786 omnino
406 1727 500 1804 privet
511 1745 565 1786 usu
578 1727 706 1794 rationis,
720 1737 751 1784 ut
764 1728 841 1786 enirn
855 1726 938 1784 docet
950 1724 989 1783 D.
1001 1726 1180 1793 Thomas,2.
1192 1731 1221 1784 2.
1237 1745 1289 1798 qu.
1303 1730 1369 1793 150,

277 1835 326 1884 art.
341 1827 372 1886 ii.
386 1835 493 1884 etcum
507 1828 572 1904 ipro
585 1845 685 1885 omnes
699 1825 838 1894 doctores,
847 1826 877 1884 in
890 1825 946 1883 hoo
954 1827 1084 1884 consistit
1096 1825 1203 1884 malitia
1215 1826 1370 1892 ebrietatis,

277 1926 353 1998 quod
366 1925 454 1984 homo
467 1926 567 1984 volens
581 1937 609 1984 et
628 1927 722 1984 sciens
742 1927 834 2002 privat
846 1943 876 1982 se
896 1944 951 1983 usu
969 1926 1096 1984 rationis.
1139 1924 1179 1982 Et
1191 1924 1269 1981 idem
1288 1923 1371 1981 docet

276 2023 315 2082 D.
331 2026 503 2093 Antoninus,
517 2045 546 2102 p.
561 2025 647 2092 2,tit.
662 2026 700 2082 vi.
716 2044 742 2081 o.
756 2027 797 2083 iii.
812 2026 827 2100 §
844 2028 870 2081 l.
913 2023 999 2082 Unde
1020 2042 1077 2082 non
1097 2031 1197 2099 peceat
1211 2023 1369 2081 mortaliter

277 2125 327 2195 qni
340 2142 378 2181 ex
391 2133 459 2200 potu
474 2123 533 2181 vini
545 2143 603 2182 non
623 2123 724 2182 amittit
744 2123 865 2182 totaliter
883 2141 968 2180 usum
987 2123 1113 2191 rationis,
1134 2122 1265 2195 quamvis
1285 2139 1366 2180 mens

276 2223 462 2298 perturbetur,
477 2222 515 2278 ita
527 2233 621 2280 tamen
634 2231 665 2282 ut
675 2221 835 2280 discernere
848 2222 940 2280 valeat
951 2222 1024 2280 inter
1035 2223 1143 2280 bonum
1162 2229 1190 2278 et
1206 2221 1326 2290 malum,
1340 2231 1371 2278 ut

277 2322 467 2380 communiter
479 2321 578 2379 dieunt
590 2320 681 2379 Tol.”
697 2311 771 2378 &o.⁰

315 2423 364 2478 76.
387 2419 525 2484 Quaerunt
537 2419 663 2496 tlreologi
676 2428 770 2476 utrum
782 2419 866 2476 liceat
879 2421 1002 2496 aegrotis,
1017 2417 1129 2478 medico
1145 2419 1277 2498 jubente,
1291 2420 1368 2487 vino,

276 2517 321 2575 vel
335 2517 390 2576 alio
404 2526 472 2594 potu
485 2518 525 2574 uti
539 2515 575 2574 ad
593 2517 756 2575 ebrietatem
776 2535 878 2590 usque,
894 2518 928 2576 ad
949 2517 1035 2576 febris
1049 2518 1107 2577 vim
1128 2518 1310 2586 domandam,
1324 2518 1370 2576 vel

278 2616 314 2676 ad
327 2619 401 2677 vires
424 2616 525 2674 fractas
547 2616 729 2694 reparandae,
752 2617 798 2675 vel
821 2617 889 2674 alias
911 2619 1000 2676 instar
1018 2617 1178 2676 medicinae.
1222 2617 1370 2676 Sententia

279 2736 341 2791 quae
371 2717 492 2776 affirmat
516 2716 613 2785 licere,
642 2716 831 2775 verosimilior
858 2715 890 2775 S.
916 2716 1067 2794 Alpbonso
1092 2717 1154 2775 visa
1177 2725 1240 2774 est:
1270 2726 1290 2752 ‘⁶
1302 2719 1369 2774 satis

278 2817 442 2892 probabilis,
457 2818 516 2874 imo
533 2817 705 2894 probabilior
725 2817 798 2875 mihi
819 2815 929 2874 videtur
949 2835 1016 2874 casu
1029 2834 1087 2887 quo
1106 2817 1214 2892 potatio
1228 2817 1290 2874 vini
1302 2835 1370 2894 prae·

276 2915 376 2972 bantur
390 2915 426 2971 ad
445 2915 631 2989 expellendos
652 2917 712 2972 sive
726 2915 907 2991 corrigendos
922 2933 1024 2992 pravos
1039 2915 1195 2982 humores;
1214 2925 1284 2974 tunc
1294 2917 1367 2996 enim

276 3013 399 3087 privatio
419 3011 535 3067 rationis
555 3031 607 3088 per
626 3012 757 3070 accidens
778 3023 806 3068 et
819 3012 955 3071 indirecte
976 3015 1079 3083 evenit,
1094 3025 1123 3071 et
1142 3012 1208 3072 ideo
1221 3015 1298 3073 licito
1311 3033 1369 3090 per-

277 3109 350 3167 mitti
363 3117 476 3186 potest;
496 3108 606 3168 licitum
626 3119 671 3166 est
689 3111 772 3167 matri
792 3130 905 3170 sumere
919 3113 1104 3189 pharmacum
1118 3112 1224 3170 directe
1251 3113 1367 3172 tendens

277 3207 312 3266 ad
339 3206 506 3267 servandam
536 3227 616 3268 ruam
646 3209 743 3278 vitam,
772 3211 903 3282 quamvis
929 3211 1065 3270 indirecte
1100 3211 1213 3269 eveniat
1238 3213 1369 3289 expulsio

278 3307 424 3377 soetus,uti
438 3307 574 3377 diximus,
588 3307 639 3365 lto.
655 3309 696 3367 iii.
710 3328 741 3368 η.
754 3313 823 3377 394,
838 3316 860 3369 t.
876 3311 896 3368 i.
911 3330 939 3368 v.
959 3309 1112 3380 Quaeritur
1126 3310 1238 3388 igitur.
1281 3312 1367 3370 Serus

278 3427 345 3467 vero
364 3406 515 3466 dicendum
530 3409 554 3466 si
567 3408 673 3485 potatio
689 3407 799 3465 daretur
811 3407 915 3466 directe
929 3409 965 3466 ad
978 3411 1141 3468 ebrietatem
1155 3410 1217 3468 sive
1232 3409 1268 3466 ad
1281 3411 1368 3487 priva·

278 3509 383 3566 tionem
391 3507 509 3567 rationis
520 3505 700 3575 causandam,
711 3507 765 3564 hoe
779 3509 856 3565 enirn
869 3519 946 3566 esset
958 3527 1074 3586 semper
1086 3509 1239 3567 intrinsece
1254 3509 1365 3567 malurn.

277 3607 366 3674 Hine,
374 3607 485 3664 utbene
496 3606 614 3664 advertit
622 3604 724 3674 Croix,
735 3605 755 3664 l.
768 3625 795 3663 v.
807 3626 838 3666 rt.
849 3611 919 3675 3³1,
931 3625 999 3666 rum
1011 3607 1112 3667 Tana.
1124 3605 1246 3668 Dicant.
1257 3615 1286 3666 at
1297 3605 1365 3666 Gob.

277 3723 432 3777 numquam
443 3705 552 3762 licitum
566 3714 610 3762 est
632 3724 663 3762 se
677 3706 815 3763 inebriare
829 3705 864 3764 ad
878 3725 979 3765 sensus
1001 3705 1166 3785 sopiendos,
1180 3725 1217 3764 ne
1232 3708 1366 3766 eruciatus

276 3798 482 3863 sentiantur.”⁷

316 3909 366 3963 77.
387 3903 475 3964 Juxta
494 3902 691 3980 theologorum
712 3905 882 3962 sententiam
906 3924 969 3977 quta
984 3907 1076 3981 magis
1090 3904 1236 3982 probanda
1249 3902 1363 3968 videtur,

277 4005 420 4062 nonlicet
440 4022 471 4062 se
491 4003 629 4063 inebriate
652 4003 688 4061 ad
710 4003 851 4061 vitandam
875 4017 1006 4074 mortem,
1024 4023 1111 4077 quam
1136 4003 1206 4061 alter
1231 4004 1363 4061 intentat:

278 4108 297 4135 ‘⁶
309 4103 376 4173 quia
397 4101 441 4182 (ut
462 4099 599 4182 diximus)
625 4103 735 4179 privare
759 4121 790 4160 se
813 4101 917 4162 directe
937 4123 991 4162 usu
1014 4103 1131 4162 rationis
1154 4112 1198 4162 est
1217 4102 1364 4160 intrinsece

311 4267 349 4330 (l)
369 4268 440 4316 Prov.
452 4270 517 4318 xrri.
530 4270 552 4316 4.
721 4276 758 4328 (at
777 4271 846 4320 teate
858 4270 943 4321 xxviii.
956 4275 979 4320 7.
1139 4269 1178 4336 (3)
1198 4269 1267 4318 Ecol.
1278 4267 1303 4318 ii.
1312 4265 1334 4316 3.

313 4352 352 4415 (t)
371 4351 396 4398 S.
409 4352 498 4400 Thom.
512 4352 534 4400 2.
547 4357 570 4402 2.
582 4370 622 4416 qu.
634 4355 665 4403 ol·
676 4363 719 4406 art.
733 4356 759 4406 ii.
1130 4355 1173 4420 (5)
1193 4354 1229 4402 lb.

313 4437 354 4502 (6)
375 4435 462 4485 Theoi.
475 4434 537 4484 Mor.
550 4437 564 4484 l.
577 4453 598 4486 v.
611 4453 631 4486 o.
646 4437 679 4487 tii.
691 4448 734 4489 art.
747 4440 772 4488 it.
784 4455 809 4488 n.
822 4441 863 4489 vt.
1134 4440 1177 4503 (7)
1198 4438 1235 4487 lb.
1247 4453 1272 4486 n.
1285 4433 1322 4484 tt.
