3068 5256
396 505 453 566 DE
474 503 729 568 POTESTATE
750 505 889 568 LEGES
909 506 1110 570 FERENDI.
1213 517 1269 574 lm

200 681 264 732 rtem
276 673 360 749 regia
374 672 536 749 proximam
547 669 700 749 designat,¹
709 672 780 731 adeo
793 684 825 731 ut
833 674 908 752 regis
916 677 1033 735 nomine
1042 693 1162 752 regnum
1172 677 1271 752 guber·

197 772 354 839 arevaleat,
368 773 496 848 ligetque
510 789 563 829 suo
576 772 699 848 imperio
717 771 856 832 subditos.
898 771 994 834 Habet
1012 775 1097 852 igitur
1110 776 1222 842 Petrus,
1243 787 1271 835 et

190 872 223 942 ,ui
238 872 301 947 ejus
315 870 414 930 locum
428 879 514 938 tenet,
527 871 683 930 maximam
697 871 771 929 hanc
783 873 815 930 in
828 869 937 932 Christi
949 891 1048 951 regno,
1062 873 1140 948 quod
1152 883 1196 932 est
1213 875 1271 934 Ec·

187 967 271 1038 lesia,
287 970 493 1029 auctoritatem.
516 969 575 1027 Sed
587 977 617 1027 et
629 969 771 1028 universis
784 971 930 1046 Apostolis
943 972 1050 1032 dictum
1063 985 1124 1032 ost:
1147 981 1167 1010 “
1176 975 1270 1036 ΑΜ

186 1067 235 1126 ico
258 1069 354 1137 vobis,
368 1085 556 1144 quaecumque
577 1067 757 1146 alligaveritis
777 1079 989 1146 superterram,
1005 1083 1088 1131 erunt
1099 1073 1186 1150 ligata
1198 1083 1227 1129 et
1239 1073 1268 1132 in

183 1161 305 1240 uelo:”²
324 1187 390 1241 que
404 1169 501 1239 verba,
516 1169 648 1242 quamvis
661 1167 814 1244 respiciant
828 1167 969 1246 judicium
989 1172 1018 1230 in
1036 1189 1115 1230 reum
1128 1171 1270 1248 proferen-

182 1238 252 1420 tm,
268 1285 321 1324 sua
334 1277 430 1325 tamen
443 1266 630 1344 amplitudine
650 1268 874 1343 complectuntur
894 1287 979 1328 omne
999 1271 1143 1346 potestatis
1162 1271 1271 1329 exorci-

216 1383 256 1422 m.
301 1363 445 1436 Equidem
462 1365 594 1424 Christus
608 1365 763 1442 Apostolos
777 1369 806 1424 in
817 1368 981 1426 universum
994 1368 1132 1428 mundum
1145 1370 1270 1436 mittens,

185 1464 384 1539 impiissimam
407 1484 464 1537 qua
489 1483 539 1524 eos
562 1464 678 1523 donavit
703 1473 870 1540 potestatem
892 1465 1035 1534 indicavit,
1058 1468 1120 1543 ejus
1143 1485 1229 1539 quam
1255 1487 1271 1522 a

149 1622 151 1626 ,
187 1561 261 1619 ’atre
275 1572 424 1640 acceperat
435 1564 583 1641 praemissa
595 1563 741 1622 mentione
753 1583 761 1620 r
783 1573 802 1600 ⁴⁶
814 1563 889 1622 Data
900 1573 944 1622 est
956 1565 1027 1623 milri
1041 1565 1134 1623 omnis
1147 1573 1270 1641 potestas

190 1679 206 1718 o
222 1662 294 1719 coelo
308 1662 379 1719 etin
392 1671 464 1720 terra
473 1653 520 1719 :”³
540 1671 568 1719 et
581 1661 650 1718 alias
662 1681 669 1718 :
692 1670 711 1698 ‘⁶
723 1663 806 1721 Sicut
818 1663 895 1722 misit
914 1681 961 1722 me
974 1663 1069 1730 Pater,
1083 1673 1111 1720 et
1123 1681 1178 1740 ego
1191 1655 1270 1721 initto

195 1752 278 1816 os.”⁴
318 1757 382 1817 Hac
403 1763 447 1819 usi
467 1769 606 1838 potestate
629 1761 659 1818 in
681 1771 756 1820 cestu
780 1761 1044 1838 Hierosolymitano
1063 1771 1211 1820 vetuerunt
1233 1779 1269 1820 ne

176 1858 280 1917 ethnici
294 1857 330 1916 ad
343 1858 429 1917 iidem
449 1861 581 1918 conversi
599 1869 781 1918 vescerentur
793 1860 970 1936 idolothytis.
990 1861 1147 1928 suffocatis,
1159 1871 1188 1916 et
1207 1877 1270 1918 san·

179 1959 262 2031 guina
271 1951 295 2014 :⁵
315 1975 400 2030 qnam
412 1959 506 2036 legem
520 1967 616 2016 sancte
636 1959 803 2017 servandam
816 1958 923 2018 Paulus
937 1958 1070 2025 ostendit,
1090 1976 1155 2015 nam
1176 1966 1195 1994 ‘⁶
1207 1975 1270 2034 per·

85 2058 89 2067 “
177 2057 334 2114 ambulabat
354 2057 477 2132 Syriam
490 2067 519 2115 et
541 2057 686 2125 Ciliciam,
710 2058 881 2116 confirmans
903 2057 1066 2117 Ecclesiae:
1101 2057 1269 2133 precipiens

118 2145 120 2150 ’
179 2155 318 2212 custodire
345 2165 486 2233 praecepta
508 2157 712 2233 Apostolorum
734 2165 763 2214 et
786 2150 988 2216 Saniorum.''⁶
1026 2155 1154 2232 Singulis
1177 2165 1270 2215 autem

66 2243 69 2249 ’
178 2255 321 2330 episcopis
335 2256 365 2312 in
378 2274 479 2332 greges
493 2256 549 2312 sibi
558 2256 730 2314 commissos
740 2256 859 2314 eandem
872 2265 1033 2334 competere
1043 2263 1220 2333 potestatem,
1233 2274 1270 2312 ex

158 2391 160 2394 -
179 2354 268 2411 verbis
282 2354 366 2411 Pauli
376 2353 411 2412 ad
423 2356 550 2412 seniores
561 2354 683 2431 Epheso
697 2354 831 2414 Miletum
841 2358 991 2415 accersitos
1001 2355 1151 2432 colligitur,
1162 2355 1270 2431 quippe

83 2452 87 2462 '
125 2465 132 2474 ·
175 2453 379 2529 quiaSpiritu
394 2454 499 2511 Sancto
514 2453 600 2529 positi
613 2461 688 2521 sunt,
703 2464 734 2512 ut
753 2462 898 2531 pastorum
911 2455 1008 2515 omnia
1020 2455 1120 2515 munia
1132 2451 1268 2530 adimple-

177 2559 236 2618 ant,
250 2570 307 2608 non
321 2561 431 2610 tantum
445 2551 598 2628 pascendo,
613 2552 662 2609 sed
682 2562 709 2609 et
728 2553 910 2630 gubcmando
929 2572 997 2614 oves
1009 2573 1016 2609 r
1039 2552 1210 2612 “Attendite
1223 2569 1272 2610 vo-

175 2650 219 2705 bis
234 2659 262 2705 et
272 2651 407 2708 universo
421 2651 510 2727 gregi,
524 2653 554 2710 in
570 2670 627 2724 quo
643 2671 695 2710 vos
717 2651 843 2728 Spiritus
864 2653 986 2711 Sanctus
1000 2653 1096 2729 posuit
1108 2652 1269 2727 episcopos,

178 2765 278 2821 regere
290 2747 454 2807 Ecclesiam
463 2749 518 2808 Dei
532 2769 620 2823 quam
635 2751 786 2824 acquisivit
798 2750 935 2826 sanguine
949 2741 1050 2809 suo.”⁷
1090 2747 1159 2806 ldeo
1172 2745 1271 2804 fideles

171 2846 290 2903 monuit
309 2847 436 2904 Paulus:
458 2847 612 2908 “Obedite
633 2849 792 2926 praepositis
812 2847 913 2906 vestris
932 2857 962 2906 et
980 2847 1122 2924 subjacete
1135 2845 1194 2903 eis:
1216 2845 1271 2921 ipsi

176 2944 255 3002 enim
274 2946 445 3022 pervigilant
465 2949 546 3020 quasi
565 2948 706 3007 rationem
727 2966 780 3025 pro
800 2947 946 3007 animabus
966 2947 1068 3006 vestris
1087 2936 1270 3004 reddituri.”⁸

179 3043 226 3100 De
239 3052 378 3119 potestate
392 3047 538 3122 regiminis
552 3047 643 3104 insius
652 3048 714 3124 jam
728 3041 939 3107 disseruimus.⁹

212 3146 241 3200 4.
263 3144 311 3201 Ex
326 3143 389 3218 ipsa
401 3144 544 3203 Ecclesiae
557 3145 731 3204 institutione
747 3157 873 3224 potestas
892 3146 970 3223 leges
990 3144 1098 3204 serendi
1111 3143 1263 3220 colligitur,

173 3251 261 3312 quum
274 3243 352 3300 enim
368 3241 501 3302 Christus
516 3263 580 3302 eam
593 3263 630 3302 ex
644 3246 776 3303 omnibus
796 3247 925 3323 gentibus
945 3253 1074 3303 constare
1093 3241 1260 3307 decreverit,

176 3349 203 3396 et
215 3360 267 3416 per
279 3342 377 3400 omnia
397 3341 497 3400 durare
519 3343 631 3412 saecula,
653 3346 807 3403 rectoribus
828 3345 891 3422 ejus
913 3352 1081 3420 potestatem
1101 3341 1272 3400 concesserit

175 3449 285 3514 oportet
299 3442 396 3514 quain
405 3461 495 3502 unum
509 3461 613 3519 corpus
628 3451 668 3501 tot
680 3444 780 3520 populi
793 3444 993 3510 coalescerent,
1003 3448 1031 3499 et
1043 3438 1202 3515 respublica
1214 3446 1271 3496 tota

173 3537 254 3596 firma
267 3541 439 3598 consisteret
451 3550 480 3599 et
492 3541 620 3600 immota.
663 3541 759 3620 Leges
772 3550 866 3600 autom
886 3542 1011 3599 maxime
1024 3536 1191 3596 necessaria
1205 3545 1271 3592 sunt

173 3636 208 3692 ad
221 3639 359 3697 unitatem
372 3648 401 3696 et
411 3640 585 3709 firmitatem,
606 3643 715 3718 quippe
728 3641 831 3715 quibus
850 3638 1027 3718 singulorum
1040 3643 1187 3696 coercetur
1199 3633 1271 3691 arbi·

175 3737 272 3804 trium,
287 3748 316 3794 et
327 3757 379 3814 pro
391 3757 497 3808 rerum,
510 3740 651 3809 locorum,
666 3749 883 3818 temporumque
903 3739 1035 3823 vadente
1049 3735 1151 3814 agendi
1164 3733 1269 3811 regulae

171 3837 399 3908 praescribuntur.
442 3837 611 3898 Rectoribus
626 3860 642 3897 a
656 3839 773 3900 Christo
786 3841 940 3920 designatis
955 3840 1048 3899 omnis
1062 3845 1188 3914 potestas
1203 3849 1267 3904 qnae

207 4023 247 4086 (l)
260 4021 325 4072 Vide
337 4021 427 4074 isaiam
444 4025 504 4076 xxii.
517 4029 559 4076 22.
761 4029 801 4094 (2)
815 4026 886 4078 Matt
898 4025 966 4076 xviii.
979 4027 1018 4073 18.

211 4107 254 4173 (3)
269 4108 340 4158 Mart
351 4110 435 4162 xxviii.
451 4110 488 4159 18.
762 4114 806 4178 (4)
819 4110 942 4162 Ιοαωι.
954 4113 995 4158 21.

211 4191 251 4255 (5)
262 4193 319 4243 Act.
328 4207 368 4242 xv.
381 4197 423 4244 29.
761 4198 803 4262 (6)
816 4195 908 4246 Ibidem
919 4197 962 4247 41.

210 4275 465 4339 (nrnmmxaas.
694 4266 709 4292 '
761 4281 993 4347 (emanantia

213 4359 258 4424 (9)
272 4359 409 4424 Theologia
421 4361 575 4424 Dogmaticc,
586 4361 668 4416 Tract.
680 4363 705 4414 ii.
716 4363 746 4414 de
757 4363 869 4416 Ecclesia
880 4380 901 4415 c·
912 4380 953 4414 xv.
964 4362 1013 4414 xvi.
1025 4362 1074 4414 xix.
1087 4375 1130 4410 xx.

271 4423 352 4486 Von.
370 4427 485 4491 1.--1s
