3046 5262
294 491 353 550 DE
373 489 527 548 LEGUM
550 489 745 550 CIVILIUM
766 489 1071 554 OBLIGATIONE.
1171 503 1230 556 275

135 658 313 725 discrimine,
327 656 405 714 cives
420 654 497 714 enirn
515 655 616 731 jubent
634 673 711 712 anna
730 672 828 730 gerere
849 654 983 714 adversus
1003 657 1111 725 hostes,
1125 669 1153 716 et
1165 677 1232 737 sup·

136 756 264 833 peditare
278 753 414 813 subsidia.
458 752 518 810 Sed
538 753 664 812 duriores
679 762 745 812 sunt
756 754 846 830 leges,
865 755 967 828 quibus
981 774 1054 832 pene
1069 766 1143 815 totus
1155 757 1231 816 labo·

137 857 177 913 ris
190 854 296 918 fructus
310 851 420 912 colonis
434 853 566 910 aufertur.

175 958 227 1012 25.
249 954 355 1010 Poenas
369 970 433 1024 quae
446 951 630 1010 violatoribus
649 950 746 1027 legum
760 953 936 1010 intentantur
947 969 1032 1012 nemo
1049 955 1143 1012 subire
1156 964 1233 1015 tene·

137 1061 192 1120 tur,
207 1052 264 1110 nisi
274 1059 341 1126 post
348 1048 454 1127 judicis
466 1051 645 1117 sententiam,
660 1050 759 1109 ordine
769 1051 944 1127 judiciomm
958 1061 1089 1110 servato:
1105 1055 1143 1112 ita
1156 1056 1232 1113 enirn

136 1150 193 1208 fert
205 1147 390 1208 consuetudo.
420 1147 506 1214 Quod
519 1147 544 1204 si
557 1149 724 1223 gravissima
738 1150 775 1206 sit
787 1168 881 1226 poena,
895 1167 922 1206 v.
937 1169 973 1225 g:
995 1159 1152 1210 extremum
1167 1171 1233 1230 sup·

138 1251 267 1325 plicium‚
281 1265 378 1304 carcer
397 1245 557 1314 diumrnus,
573 1247 701 1315 exilium,
722 1249 861 1306 bonorum
882 1248 1056 1317 confiscatio,
1075 1250 1232 1327 culpandus

137 1348 266 1406 nouerit
282 1348 333 1419 qui
347 1347 498 1403 occasione
512 1346 602 1403 utitur
617 1354 649 1403 ut
661 1363 723 1402 earn
744 1345 862 1402 evadat:
884 1364 937 1404 nec
951 1349 1026 1406 enirn
1042 1351 1163 1422 quisque
1177 1352 1233 1410 nisi

137 1454 256 1504 coactus
270 1463 332 1502 eam
347 1445 405 1521 pati
417 1445 592 1520 intelligitur.
635 1443 740 1502 Meritd
754 1445 839 1520 igitur
851 1444 919 1501 dicit
930 1444 1033 1504 Petrus
1043 1447 1139 1506 Dens:
1163 1459 1182 1486 ‘⁶
1192 1452 1234 1509 ni·

137 1545 195 1602 mis
209 1543 311 1600 durum
331 1552 359 1600 et
379 1525 568 1602 inhumanum
590 1543 671 1612 soret,
694 1544 719 1600 si
740 1543 805 1616 quis
825 1542 907 1600 bonis
927 1544 986 1600 suis
1009 1556 1090 1604 antea
1108 1546 1233 1623 legitime

137 1644 286 1716 acquisitis
301 1651 443 1700 teneretur
456 1644 584 1718 seipsum
598 1635 769 1717 spoliare.”¹
810 1641 857 1700 Eo
879 1643 970 1718 magis
984 1644 1080 1703 licebit
1092 1655 1156 1704 ante
1170 1667 1233 1706 sen·

138 1744 256 1800 tentiam
270 1741 400 1799 advocati
415 1760 502 1817 opera
514 1743 556 1799 uti
569 1739 604 1798 ad
620 1739 829 1799 damnationem
850 1739 1055 1800 declinandam.
1097 1743 1233 1805 Leviores

137 1851 233 1900 autem
254 1859 365 1918 poenas,
387 1839 484 1913 quales
505 1849 570 1897 sunt
591 1841 713 1907 mulctae,
745 1838 849 1896 debent
878 1841 977 1907 subiri,
1001 1843 1141 1900 sententia
1158 1844 1232 1902 lata:

138 1960 207 1998 narn
220 1941 250 1997 in
263 1959 294 1997 re
307 1939 383 1997 haud
397 1938 468 1996 adeo
481 1939 568 1997 ardua
580 1958 638 1996 non
653 1947 696 1996 est
709 1935 916 2014 expectandum
930 1947 962 1996 ut
973 1939 1016 1996 vis
1030 1939 1144 2016 publica
1157 1941 1236 2001 adhi-

137 2041 248 2096 beatur.
290 2038 347 2104 Qui
360 2047 454 2096 autern
478 2047 556 2095 actus
578 2039 649 2096 irriti
661 2038 773 2114 legibus
793 2035 971 2096 declarantur
983 2039 1013 2095 in
1032 2057 1156 2114 poenam,
1176 2059 1236 2100 non

139 2146 210 2196 sunt
222 2137 379 2195 necessarid
392 2137 516 2196 habendi
529 2137 599 2194 irriti
616 2138 647 2195 in
666 2136 842 2200 conscientia
860 2146 924 2193 ante
933 2135 1041 2212 judicis
1055 2141 1233 2209 sententiam,

138 2239 164 2295 si
178 2237 297 2309 aequitas
311 2237 351 2293 eis
365 2237 492 2308 alioquin
505 2236 616 2302 faveat;
639 2254 704 2293 nam
719 2252 836 2310 poenam
852 2253 938 2292 nemo
952 2236 1007 2294 nisi
1020 2255 1085 2294 reus
1101 2249 1232 2297 meretur:

139 2337 192 2394 scd
205 2337 350 2394 sententiae
364 2335 616 2411 obtemperandum
629 2345 682 2402 est,
702 2353 738 2392 ne
754 2332 885 2410 judicum
899 2334 1065 2394 authoritate
1081 2337 1234 2396 vilescente

138 2435 209 2494 ordo
222 2437 354 2511 publicus
369 2437 513 2501 turbetur.
857 2449 860 2454 ’

179 2538 229 2594 26.
252 2536 340 2612 Legis
366 2535 459 2592 civilis
486 2535 675 2611 interpretatio
696 2533 857 2594 anthentica
883 2537 936 2603 est,
963 2555 1026 2607 quae
1053 2537 1236 2596 tribunalium

138 2652 341 2711 supremorum
355 2635 501 2692 sententiis
515 2630 637 2692 nititur.2
677 2633 852 2693 Doctrinalis
866 2634 1057 2707 interpretatio
1070 2635 1102 2690 fit
1111 2653 1145 2691 ea
1153 2637 1237 2710 juxta

138 2733 369 2808 principiaque
389 2731 454 2790 dum
474 2733 509 2789 de
528 2733 639 2809 legibus
659 2731 860 2789 ecclesiasticis
886 2739 1014 2805 ageretur
1030 2733 1236 2790 recensuimus.

138 2829 339 2906 Dispensandi
357 2838 478 2906 potestas
499 2833 608 2889 nemini
628 2830 774 2907 competit,
798 2829 854 2904 ipsi
874 2830 952 2887 enirn
976 2827 1187 2888 Gubematores
1210 2841 1238 2887 et

138 2932 254 2988 Praeses
265 2931 426 2987 executioni
439 2931 535 3006 legum
549 2929 809 3006 invigilarcdebent‚
819 2928 889 3000 quin
902 2928 1025 3000 aliquem
1035 2929 1071 2986 iis
1082 2930 1234 2988 subtrahat:

139 3038 315 3106 quapropter
327 3030 353 3086 si
366 3047 411 3086 res
426 3030 521 3106 exigat
533 3028 738 3104 indulgentiam
752 3027 917 3104 specialem,
929 3036 1029 3085 acceto
1038 3028 1131 3106 legem
1146 3029 1237 3088 seren·

141 3129 214 3186 tium
234 3128 354 3204 petenda
380 3137 433 3196 est,
458 3138 486 3184 et
504 3129 568 3204 lege
589 3126 774 3186 decernenda.
817 3127 866 3184 Ex
887 3146 944 3200 quo
957 3127 1082 3185 Jacobus
1095 3129 1135 3188 ΙΙ.
1150 3148 1238 3206 regno

142 3227 256 3304 Angliae
271 3245 410 3285 excussus
425 3237 477 3294 est,
488 3227 550 3284 haec
560 3226 743 3302 dispensandi
758 3233 883 3300 potestas
897 3225 967 3299 ipsis
980 3225 1094 3300 regibus
1108 3228 1142 3283 ab
1156 3229 1238 3284 Aulis

139 3326 312 3402 denegatur:
334 3344 420 3398 quem
435 3327 609 3402 precipuum
624 3325 746 3383 fmctum
760 3323 840 3398 regni
850 3322 941 3378 eversi
950 3323 1065 3399 jactant.

180 3430 230 3484 27.
252 3422 439 3482 Consuetudo
465 3425 523 3482 vim
542 3424 614 3500 legis
634 3425 743 3481 obtinet
762 3419 875 3494 quando
896 3419 932 3477 ad
947 3422 996 3498 jus
1018 3439 1169 3478 commune
1193 3441 1236 3479 re-

139 3525 238 3591 fertur,
252 3523 362 3581 scilicet
375 3520 409 3578 ad
427 3523 500 3600 juris
523 3523 664 3598 principia
687 3538 801 3596 semper
820 3519 923 3595 agnita,
938 3527 965 3576 et
984 3519 1013 3576 in
1027 3519 1155 3595 regulam
1164 3521 1239 3595 judi-

139 3623 249 3680 ciorum
264 3630 425 3680 constanter
438 3631 591 3697 assumpta.
634 3620 725 3678 Nulla
738 3627 831 3676 autern
843 3618 885 3674 vis
899 3625 943 3675 est
951 3617 1164 3677 consuetudinis
1176 3638 1238 3691 quae

138 3722 199 3796 legi
212 3722 324 3797 scriptae
338 3721 510 3788 adversatur,
521 3721 604 3796 juxta
618 3738 703 3792 quam
712 3703 824 3796 judices
836 3720 1125 3795 sempersententiam
1135 3719 1237 3779 ferunt.

139 3819 202 3877 Sed
215 3819 367 3892 aliquando
389 3820 521 3877 omnium
542 3819 630 3876 veluti
643 3817 822 3877 conniventia
842 3819 891 3876 lex
912 3818 1077 3895 negligitur,
1092 3819 1133 3874 uti
1148 3837 1241 3895 nuper

138 3919 298 3994 contigisse
312 3918 346 3975 de
360 3917 559 3994 chirographis
574 3918 706 3993 superins
721 3917 878 3976 retulimus.
921 3917 1048 3992 Speciali
1067 3917 1097 3973 in
1112 3933 1179 3974 casu
1192 3918 1241 3976 lex

176 4124 219 4190 (l)
233 4121 315 4172 Tract.
328 4121 358 4172 de
369 4123 471 4184 legibus,
482 4139 524 4188 qn.
536 4139 559 4172 v.
567 4137 592 4174 n.
605 4125 646 4173 39.
658 4124 692 4172 vi.

178 4209 221 4273 (2)
241 4208 371 4258 “iudicinl
382 4208 505 4258 decisione
517 4209 545 4257 of
558 4208 600 4258 the
619 4207 717 4269 highest
734 4204 848 4265 tribunal,
861 4205 892 4270 by
905 4203 947 4254 the
958 4205 1050 4256 known
1063 4222 1147 4258 course
1160 4211 1188 4259 ol
1201 4212 1243 4261 the

134 4295 256 4342 common
274 4292 329 4352 law,
340 4307 382 4341 are
392 4291 534 4342 considered
546 4309 573 4341 as
584 4291 743 4354 establishing
756 4288 797 4340 the
815 4297 868 4340 true
884 4291 1052 4342 construction
1064 4292 1092 4341 os
1105 4293 1146 4344 the
1158 4295 1242 4346 lsws.”

135 4377 223 4440 Story,
236 4375 334 4425 llcmm.
343 4376 360 4427 l.
371 4375 405 4426 iii.
417 4391 438 4426 c.
450 4377 481 4425 iv.
493 4379 507 4435 §
520 4375 575 4426 377.
