3046 5262
258 515 319 572 300
496 505 552 568 DE
574 505 783 568 PEOGATIS
804 505 1095 566 CAPITALIBUS.

261 677 308 736 vel
312 677 442 753 juniores
452 682 543 743 atate,
553 692 630 752 saepe
639 673 712 733 levis
722 673 876 750 estculpn:
892 673 950 729 imo
959 671 995 730 ad
1004 671 1212 728 comestionem
1218 670 1349 746 probrum

261 775 401 852 prolatum
417 774 588 848 quandoque
603 773 688 849 eulpa
697 781 785 830 vacat:
803 770 911 839 “hoa”
925 770 1017 842 inquit
1026 770 1058 826 S.
1070 769 1212 836 Thomas,
1227 777 1249 804 “⁶
1261 778 1352 845 potest

260 891 325 934 esse
333 873 505 948 quandoque
512 881 661 952 peccam
670 869 969 945 veniale,2quandoque
980 877 1074 926 autem
1081 869 1190 940 absque
1198 869 1279 926 omni
1286 885 1350 944 pec·

261 969 372 1033 eam-”¹
413 973 538 1032 Gravius
551 981 597 1032 est
607 981 755 1048 pecatum
767 969 968 1028 contumeliam
982 967 1095 1034 inferre,
1110 985 1197 1038 quarn
1209 967 1290 1024 lame
1302 965 1350 1022 de-

260 1073 381 1139 trahere,
395 1072 604 1145 quiahomines
616 1070 761 1130 honorem
778 1069 859 1127 samse
880 1075 1065 1143 anteponunt.
1107 1065 1151 1124 Ut
1167 1065 1203 1122 de
1216 1066 1280 1142 ejus
1295 1083 1351 1140 gra·

260 1172 344 1230 vitate
367 1171 520 1249 judicetur,
547 1169 678 1246 adjuncta
698 1169 796 1227 omnia
818 1165 989 1226 attendenda
1005 1174 1082 1224 sunt.
1123 1164 1204 1222 Inter
1222 1164 1351 1222 homines

260 1270 380 1330 humilis
392 1269 563 1333 conditionis
576 1269 751 1331 contumelia
762 1286 822 1326 non
835 1266 908 1325 adeo
919 1251 964 1323 est
981 1265 1086 1341 gravis,
1100 1264 1168 1336 quia
1181 1263 1278 1322 verbis
1292 1280 1352 1339 pro·

261 1369 353 1428 bmsis
374 1369 466 1445 magis
486 1377 681 1428 assueverunt.
722 1367 756 1426 Si
775 1367 865 1425 homo
887 1384 904 1423 e
926 1365 1009 1441 plebe
1030 1363 1090 1421 viro
1113 1362 1251 1439 dignitate
1274 1370 1352 1419 aucto

262 1467 396 1545 probrum
409 1468 520 1536 inserat,
534 1469 657 1545 gravitas
670 1469 731 1546 ejus
742 1477 861 1539 utroque
875 1464 1013 1540 cacapite
1024 1471 1151 1539 angetur,
1161 1461 1237 1534 quod
1248 1460 1355 1518 scilicet

263 1567 329 1626 vilis
342 1567 429 1626 homo
442 1565 542 1624 audeat
553 1567 613 1624 viro
633 1567 741 1644 insigni
754 1566 876 1641 irrogare
897 1563 1039 1640 injuriam.
1081 1561 1194 1622 Malitia
1213 1561 1353 1618 dictorum

261 1664 367 1742 pendet
380 1683 417 1722 ex
429 1665 585 1724 intentione
600 1665 758 1738 loquentis,
780 1665 830 1738 qui
849 1672 943 1734 tamen
965 1679 1065 1719 cavere
1089 1661 1229 1719 debetne
1249 1669 1354 1718 temere

263 1763 388 1841 proferat
406 1762 484 1836 quod
497 1763 558 1820 aliis
571 1764 737 1839 aegrotent,
752 1765 797 1822 vel
816 1762 863 1821 det
875 1762 1055 1820 occasionem
1064 1759 1263 1836 blasphemiae,
1276 1760 1354 1825 rixa,

263 1861 366 1922 duello.
410 1863 541 1921 Graviter
552 1863 651 1938 procul
664 1863 750 1921 dubio
763 1872 861 1940 peccat
874 1862 923 1934 qui
930 1861 1012 1937 alapa
1025 1861 1111 1918 alium
1125 1859 1251 1936 percutit
1262 1859 1356 1917 animo

263 1963 464 2023 contumeliam
478 1960 629 2020 inserendi.
903 2009 906 2015 .

304 2065 353 2120 59.
376 2057 504 2118 “Causa
517 2059 674 2135 discipline
688 2060 890 2136 potestaliquis
904 2059 993 2126 alteri,
1008 2075 1094 2130 quem
1108 2055 1191 2114 debet
1204 2057 1355 2134 corrigere,

263 2161 426 2220 convicium
440 2159 543 2218 dicere.
586 2158 626 2216 Et
637 2159 693 2216 hoc
706 2158 794 2217 modo
807 2157 949 2216 Dominus
959 2157 1114 2232 discipulos
1123 2157 1237 2214 vocavit
1246 2156 1354 2214 stultos.

266 2258 312 2318 ‘O
326 2260 424 2328 stulti’
439 2260 532 2332 inquit
550 2258 638 2316 anae
657 2258 768 2326 ultimo,
789 2265 839 2314 ‘et
857 2255 928 2314 tardi
948 2256 1031 2313 eorde
1049 2257 1085 2314 ad
1104 2255 1280 2314 eredendum
1292 2254 1310 2314 l'
1331 2263 1357 2312 et

263 2358 428 2432 Apostolus,
443 2376 489 2432 ep.
504 2362 533 2424 3,
549 2356 665 2414 Galatas
679 2358 857 2414 insensatos:
880 2355 927 2412 ⁴0
942 2355 1078 2412 insensati
1092 2355 1215 2424 Galatae,
1229 2356 1295 2427 quis
1309 2373 1357 2412 ros

264 2455 411 2516 fascinavit
423 2473 481 2514 non
494 2454 609 2512 obedire
622 2455 731 2511 veritati
742 2453 764 2510 l’
806 2453 929 2521 Tamen,
944 2454 1017 2511 sicut
1035 2452 1102 2510 dicit
1121 2454 1154 2511 S.
1169 2455 1357 2530 Augustinus,

263 2557 294 2614 in
311 2555 384 2613 libro
397 2555 432 2614 de
445 2573 578 2613 sermone
592 2553 712 2613 Domini
725 2554 755 2611 in
773 2563 891 2610 monte:
915 2551 1010 2610 ‘Raro
1030 2553 1102 2610 etin
1116 2571 1221 2629 magna
1234 2554 1358 2612 necessi·

264 2663 318 2714 tate
332 2656 542 2734 objurgationes
556 2653 721 2712 adhibendae
735 2662 809 2721 sunt,
824 2653 863 2710 ita
875 2661 970 2710 umen
980 2660 1011 2708 ut
1022 2651 1107 2708 etiam
1121 2651 1205 2708 inhia
1219 2653 1292 2728 ipsis
1303 2671 1359 2710 non

266 2755 358 2823 nobis,
373 2757 424 2814 aed
437 2755 503 2814 Deo
514 2763 546 2813 ut
559 2755 696 2812 serviatur
709 2747 896 2811 instemus.''²
936 2759 956 2786 “
968 2749 1090 2817 Quando
1099 2759 1194 2808 autem
1204 2753 1358 2809 necessitas

265 2853 457 2929 disciplinae,”
481 2855 574 2927 inquit
593 2853 780 2930 Augustinus,
805 2851 990 2910 “minoribus
1010 2849 1174 2908 coercendis
1195 2849 1292 2908 dicere
1311 2867 1359 2908 vos

267 2952 353 3007 verba
367 2953 437 3010 dura
451 2951 605 3027 compellit,
620 2953 645 3008 si
658 2953 741 3008 etiam
755 2953 785 3008 in
799 2952 869 3027 ipsis
882 2949 999 3009 modum
1010 2967 1061 3006 vos
1071 2950 1232 3006 excessisse
1242 2949 1359 3014 sentitis,

264 3066 324 3106 non
338 3068 354 3104 a
368 3050 447 3107 vobis
461 3049 586 3124 exigitur
601 3057 633 3106 ut
646 3050 679 3105 ab
692 3051 735 3107 eis
754 3049 867 3106 veniam
886 3048 1044 3126 postuletis,
1066 3067 1102 3106 ne
1122 3048 1197 3125 apud
1217 3065 1267 3106 eos
1288 3066 1359 3122 quos

263 3155 374 3223 oportet
386 3167 451 3206 esse
463 3148 590 3226 subjecto
602 3167 626 3216 a,
648 3146 714 3206 dum
729 3148 817 3206 nimia
836 3160 962 3206 servatur
981 3147 1135 3215 humilitas,
1155 3147 1277 3224 regendi
1288 3149 1360 3206 sran-

265 3256 346 3325 gatur
359 3249 529 3316 auctoritas3
550 3247 602 3306 sed
617 3259 713 3307 tamen
727 3247 848 3325 petenda
860 3247 992 3306 estvenia
1005 3248 1174 3306 abcmnium
1185 3241 1359 3307 Domino.”³

310 3352 359 3408 611.
382 3349 582 3408 conmmelias
596 3349 687 3407 illatas
711 3347 848 3426 repellere
870 3347 946 3415 licet,
969 3347 1065 3405 animo
1079 3356 1173 3406 manen
1186 3347 1223 3404 ad
1240 3349 1360 3424 majores

266 3451 425 3510 tolerandas
439 3459 546 3526 parato.
590 3457 610 3484 “
620 3449 702 3506 Sicut
715 3448 850 3525 patientia
862 3447 1023 3505 necessaria
1032 3456 1076 3504 est
1086 3447 1116 3504 in
1129 3445 1174 3504 his
1188 3465 1254 3518 quae
1267 3455 1361 3504 contra

264 3569 317 3608 nos
331 3550 412 3618 fiunt,
427 3551 465 3608 ita
477 3551 562 3608 ctiam
572 3550 603 3608 in
616 3549 661 3608 his
677 3567 740 3621 quae
752 3556 849 3606 contra
858 3565 912 3605 nos
922 3545 1064 3605 dicuntur.
1107 3545 1256 3622 Praecepta
1269 3555 1359 3603 antem

263 3651 404 3724 patientia
417 3650 447 3706 in
460 3648 506 3706 his
529 3666 592 3720 quae
614 3657 712 3707 eontra
735 3667 787 3706 nos
801 3647 881 3713 fiunt,
906 3654 973 3705 sunt
994 3645 1024 3703 in
1045 3646 1255 3722 preparatione
1275 3643 1360 3702 animi

263 3747 401 3814 habenda,
416 3747 490 3804 sicut
502 3748 688 3822 Augustinus,
703 3746 723 3802 l.
739 3747 768 3802 ii.
790 3745 826 3803 de
846 3763 977 3804 sermone
999 3745 1120 3804 Domini
1140 3745 1171 3802 in
1191 3752 1299 3810 monte,
1313 3761 1361 3800 ex·

262 3849 343 3924 ponit
368 3846 437 3906 illud
457 3855 631 3923 preceptum
650 3845 790 3903 Domini:
814 3845 866 3902 ‘Si
889 3846 953 3918 quis
977 3845 1149 3921 percusserit
1171 3853 1198 3902 te
1222 3845 1254 3902 in
1276 3860 1359 3900 unam

261 3949 418 4017 maxillam,
432 3949 527 4025 prebe
541 3946 568 4004 ei
581 3954 609 4004 et
617 3945 698 4004 aliam
709 3942 728 4011 3'
749 3953 781 4002 ut
793 3944 903 4002 scilicet
912 3945 1044 4003 homcsit
1059 3953 1173 4020 paratus
1184 3943 1241 4002 hoc
1255 3943 1357 4006 lacere,

260 4046 286 4101 si
299 4065 371 4122 opus
384 4048 478 4107 suerit.
520 4047 550 4107 N
553 4066 591 4105 on
604 4056 699 4105 mmen
712 4043 768 4102 hoc
781 4062 896 4121 semper
909 4053 1019 4104 tenetur
1032 4043 1123 4102 lacere
1132 4051 1207 4111 actu,
1222 4044 1292 4116 quia
1305 4058 1359 4100 nec

464 4217 504 4280 (l)
525 4219 540 4264 2
553 4214 576 4263 2.
588 4231 629 4279 qu.
642 4217 711 4268 lxxii.
724 4222 766 4264 art
778 4213 805 4263 ii.
840 4211 916 4278 Resp.

468 4302 506 4358 (2)
524 4299 547 4347 2·
559 4298 582 4346 2·
592 4315 633 4362 qu.
646 4301 716 4348 lxxii.
728 4307 771 4348 art
783 4298 808 4347 11.
821 4296 856 4348 ad
865 4294 1014 4346 secundum.

466 4381 508 4444 (3)
528 4380 576 4443 Ep.
588 4383 649 4430 ccxi.
662 4383 721 4431 alias
732 4382 780 4431 cix.
