3146 5266
260 539 296 595 16
404 533 460 594 DE
481 534 535 601 VI,
559 532 694 602 METU‚
714 532 773 593 ET
793 532 1183 594 OONGUPISCENTIA.

257 700 299 757 vis
321 697 467 756 adhibetur
485 706 516 755 ut
532 696 681 755 voluntatis
702 697 877 774 propositum
902 706 1033 764 mutetur,
1061 697 1137 770 quod
1162 699 1224 756 fieri
1250 707 1344 754 tamen

257 797 355 870 nequit
367 797 422 854 nisi
435 797 549 872 proprio
563 791 712 853 voluntatis
726 804 797 852 actu.
840 796 886 853 De
900 797 1005 852 actibus
1018 795 1149 854 violentis
1163 796 1231 854 dicit
1244 795 1343 853 Cardi-

257 897 328 954 nalis
343 894 460 952 Gerdil:
484 903 502 930 ‘⁶
513 895 547 952 In
560 894 615 952 illis
630 895 735 951 actibus
748 895 836 952 horno
852 895 1014 952 violentiam
1028 895 1139 970 patitur,
1161 904 1190 952 et
1207 904 1343 968 quatenus

257 993 325 1051 tales
339 1002 416 1050 actrrs
430 1003 526 1051 natura
539 1011 590 1049 sua
610 993 728 1049 subsunt
750 993 870 1068 imperio
890 993 1051 1060 voluntatis,
1065 992 1123 1051 dici
1144 1003 1237 1070 potest
1249 993 1344 1064 aliquo

193 1151 202 1164 ,
257 1109 342 1150 sensu
356 1093 440 1148 etiam
453 1092 512 1148 vim
524 1090 620 1148 inferri
632 1090 776 1158 voluntati,
791 1109 828 1178 εοΙ
839 1090 916 1163 quod
929 1109 979 1166 per
992 1092 1133 1149 actionem
1148 1092 1257 1148 externi
1270 1091 1344 1166 prin·

257 1191 325 1267 cipii
337 1191 383 1246 νε]
395 1209 453 1248 non
466 1197 631 1247 exercentur
644 1198 720 1246 actus
735 1208 807 1262 quos
820 1189 948 1265 imperat,
960 1189 1005 1245 vel
1018 1208 1090 1261 quos
1104 1209 1162 1248 non
1172 1191 1300 1265 imperat,
1312 1207 1345 1246 ea

258 1289 420 1354 obsistente,
434 1282 647 1345 encrcentur.”1

297 1392 347 1444 23.
370 1387 467 1443 Metus
481 1395 500 1422 ‘⁶
510 1394 553 1442 est
565 1386 693 1443 instantis
707 1385 752 1443 vel
764 1386 849 1443 futuri
861 1385 980 1463 periculi
1000 1405 1084 1443 causa
1104 1387 1207 1444 mentis
1225 1385 1344 1461 trepida·

258 1480 347 1543 εἰο.”2
388 1485 491 1542 Gravis
512 1483 613 1544 dicituu
635 1486 745 1555 quoties
766 1485 872 1542 malum
898 1484 1012 1556 aliquod
1037 1486 1138 1560 ingens
1167 1484 1346 1560 probabiliter

258 1583 367 1640 videtur
387 1582 527 1640 futurum:
558 1583 599 1638 sic
620 1584 738 1639 carceris
760 1582 892 1650 diutumi‚
914 1584 1105 1658 percussionis
1126 1583 1255 1639 violentae
1280 1599 1344 1638 cum

258 1683 356 1739 mortis
371 1679 493 1753 quodam
515 1681 651 1757 periculo,
665 1699 774 1757 magnae
795 1681 923 1757 pecuniae
945 1681 1034 1756 copiae
1056 1681 1217 1739 amissionis
1239 1681 1344 1736 verosi·

258 1779 344 1846 milis,
366 1788 457 1837 metus
483 1779 575 1854 gravis
597 1788 735 1836 censetur.
778 1779 864 1836 Levis
888 1787 931 1836 est
952 1787 1044 1837 metus
1064 1780 1178 1837 levioris
1200 1778 1345 1854 cujusdam

260 1878 365 1946 damni,
380 1897 415 1934 v:
438 1897 474 1953 g:
498 1876 575 1950 quod
584 1878 647 1950 quis
657 1896 762 1953 paucos
776 1877 874 1935 obolos
888 1879 1011 1946 amittat3
1032 1880 1077 1935 vel
1091 1879 1182 1954 gravis
1192 1877 1258 1934 mali
1271 1875 1345 1933 haud

259 1977 428 2034 verosimilis
442 1977 617 2052 expectatio:
643 1977 684 2032 sic
705 1976 784 2032 dives
797 1986 935 2033 mercator
946 1977 1003 2034 levi
1017 1985 1123 2035 tanturn
1137 1985 1214 2034 metu
1227 1976 1346 2051 tangitur

259 2093 295 2132 ne
308 2092 408 2131 omnes
421 2092 479 2130 suae
492 2091 578 2130 naves
592 2072 682 2129 subito
696 2084 820 2149 pereant,
832 2091 989 2148 omnesque
1003 2075 1047 2131 sui
1060 2075 1199 2132 debitores
1212 2075 1280 2132 fiant
1293 2074 1345 2130 sol·

259 2170 352 2228 vendo
365 2173 496 2247 impares.
539 2169 684 2229 Absolute
697 2172 742 2228 vel
759 2171 881 2230 relative
894 2181 985 2231 metus
1000 2174 1103 2249 gravis,
1117 2173 1162 2230 νε]
1182 2172 1263 2240 levis,
1277 2191 1346 2230 nun·

260 2279 377 2346 cupatur
389 2277 472 2345 prout
484 2271 513 2326 in
527 2287 558 2326 se
572 2270 677 2327 malum
691 2289 785 2346 grave,
799 2271 930 2340 velleve,
945 2280 997 2339 est,
1011 2273 1057 2330 vel
1069 2281 1199 2347 respectu
1213 2288 1344 2347 persona·

259 2387 332 2425 rum.
375 2367 510 2426 Absolute
524 2370 616 2444 gravis
630 2377 673 2424 est
684 2379 787 2437 metus,
801 2372 851 2443 qui
870 2370 987 2429 habetur
1004 2389 1040 2429 ne
1053 2371 1142 2428 hostis
1157 2367 1247 2426 subitb
1262 2386 1346 2441 quem

260 2466 316 2523 telo
329 2467 477 2524 conficiat:
498 2466 611 2524 relative
626 2468 718 2543 gravis
732 2477 774 2525 est
786 2477 877 2548 metus
902 2470 1027 2526 mulieris
1049 2487 1086 2526 nc
1107 2469 1172 2540 quis
1186 2485 1249 2523 earn
1262 2476 1347 2523 noctu

260 2583 311 2640 per
323 2566 417 2622 vicum
431 2573 620 2623 transeuntem
642 2566 825 2642 aggrediatur.
868 2567 954 2624 Levis
976 2574 1122 2624 estmetus
1136 2562 1270 2622 absolute
1284 2564 1347 2639 ejus
1448 2613 1450 2618 ,

261 2664 310 2734 qui
322 2665 402 2721 timet
411 2683 446 2721 ne
461 2664 525 2736 quis
546 2682 612 2722 eum
632 2664 788 2740 vituperet;
811 2663 942 2732 relative,
967 2665 1019 2721 viri
1041 2663 1147 2722 robusti
1167 2663 1291 2719 timentis
1312 2680 1347 2719 ne

256 2763 381 2836 juvenis,
396 2762 442 2820 vel
464 2764 506 2820 vir
528 2763 632 2820 viribus
653 2763 779 2831 inferior,
801 2783 867 2822 eum
887 2782 973 2822 manu
991 2764 1136 2838 percutiat.
1179 2760 1277 2818 Metus
1291 2777 1347 2818 non

260 2859 327 2917 lacit
339 2861 416 2932 quod
429 2869 506 2918 actus
519 2862 623 2918 nonsit
635 2862 806 2917 voluntarius
819 2862 994 2935 simpliciter,
1009 2859 1059 2918 sed
1072 2868 1180 2916 tantum
1193 2857 1347 2915 secundum

261 2956 348 3027 quid;
369 2975 436 3013 nam
449 2957 498 3028 qui
511 2957 619 3021 metuit,
633 2957 691 3029 agit
703 2958 882 3026 quantumvis
903 2955 979 3012 haud
992 2957 1172 3014 inclinatione
1186 2956 1344 3013 voluntatis.

262 3053 397 3137 Famulus
411 3054 459 3125 qui
473 3054 552 3109 timet
571 3071 607 3108 ne
628 3070 745 3109 munere
766 3053 927 3122 dimittatur,
941 3054 996 3110 nisi
1017 3072 1132 3129 operam
1155 3062 1268 3130 praestet
1279 3053 1347 3109 hero

260 3151 397 3226 flagitium
420 3151 548 3227 patranti,
562 3149 716 3208 voluntarie
739 3153 805 3228 agit,
820 3153 949 3223 quamvis
976 3151 1186 3225 quodammodo
1211 3160 1348 3227 repugnat

261 3249 406 3306 voluntas:
430 3247 488 3306 “id
501 3248 610 3316 enim,''
625 3249 716 3319 inquit
729 3248 762 3307 S.
777 3249 917 3319 Thomas,
931 3250 966 3308 dc
979 3259 1056 3308 metu
1069 3250 1221 3317 disserens,
1244 3258 1262 3284 ‘⁶
1273 3248 1348 3320 quod

262 3366 312 3423 per
324 3357 432 3406 metum
445 3347 543 3422 agitur,
557 3349 587 3404 in
601 3365 631 3404 se
648 3346 854 3406 consideratum
875 3367 934 3406 non
954 3359 997 3406 est
1018 3348 1223 3406 voluntarium:
1248 3346 1299 3404 sed
1318 3347 1349 3402 fit

261 3446 449 3504 voluntarium
471 3446 501 3502 in
523 3464 601 3514 casu,
616 3445 723 3519 scilicet
743 3447 778 3503 ad
800 3447 944 3504 vitandum
968 3448 1073 3504 malum
1094 3446 1170 3520 quod
1191 3436 1349 3504 timetur.”³

262 3545 334 3611 Quae
347 3546 418 3602 fiunt
430 3563 467 3602 ex
487 3553 564 3602 metu
584 3544 723 3602 minorem
744 3565 802 3623 prae
823 3563 853 3601 se
875 3546 1026 3620 praefemnt
1046 3546 1208 3620 gravitatem
1229 3544 1264 3600 iis
1285 3561 1348 3614 quae

262 3652 339 3699 metu
362 3644 440 3700 nullo
462 3651 579 3717 urgente
603 3642 674 3699 facta
696 3637 787 3702 suut⁴
825 3642 904 3701 Hinc
927 3645 957 3702 in
975 3646 1040 3720 jure
1059 3643 1196 3702 canonico
1215 3641 1349 3700 Pontifex

261 3739 387 3796 decernit
397 3739 533 3796 leviorem
555 3738 758 3814 injungendam
780 3741 972 3817 poenitentiam
986 3742 1139 3817 episcopis,
1159 3743 1259 3812 quiex
1272 3749 1348 3797 metu

262 3845 466 3895 consensemnt
475 3837 585 3914 injustae
596 3836 766 3912 depositioni
775 3839 903 3915 episcopi
912 3834 937 3894 :⁵
949 3851 977 3896 et
986 3847 1077 3898 metus
1088 3839 1188 3898 dicitur
1198 3849 1348 3903 attenuare,
1402 3875 1404 3882 ι

263 3937 333 4008 quin
345 3935 422 3993 tollat
435 3926 573 4012 culpam.⁶
599 3934 743 3994 Caetcrum
757 3936 840 4011 culpa
853 3936 1019 4012 plerumque
1033 3937 1157 3995 mortalis
1171 3946 1282 3997 manet:
1299 3936 1349 3994 sed

263 4035 293 4092 in
312 4035 346 4091 iis
366 4053 429 4107 quae
445 4037 509 4112 jure
531 4044 638 4093 tanturm
652 4034 786 4113 positivo
808 4045 873 4093 sunt
892 4047 1032 4113 praecepta
1044 4037 1089 4093 νε]
1102 4037 1195 4104 vetita,
1210 4045 1302 4095 metus
1316 4035 1349 4091 ab

299 4199 341 4264 (l)
360 4199 443 4250 Tract.
455 4199 485 4250 de
496 4200 589 4252 actibus
600 4202 725 4253 humanus
736 4218 757 4252 c.
769 4203 785 4252 i.
799 4201 869 4266 Prop.
881 4202 898 4252 i.

298 4284 341 4349 ll)
361 4283 409 4334 Lib
421 4285 452 4334 iv.
466 4283 561 4346 Digest.
573 4285 609 4335 tit
621 4286 646 4334 ii.
850 4285 891 4351 (³)
912 4284 933 4334 1.
945 4284 968 4333 2.
980 4301 1021 4350 qu.
1033 4286 1065 4336 vi.

299 4368 341 4433 (4)
362 4366 385 4416 2.
397 4372 421 4417 2.
430 4384 472 4431 qu.
483 4384 555 4418 cxxv.
567 4376 609 4418 art.
621 4369 653 4419 iv.
665 4367 740 4435 Κεφ.
843 4371 885 4435 (b)
906 4367 967 4435 Gap.
980 4367 1121 4437 Inprimis,
1133 4385 1220 4421 caussa
1230 4369 1254 4420 2.
1266 4385 1307 4436 qu.
1317 4371 1333 4420 i.

299 4453 342 4517 (6)
363 4451 425 4518 Gap.
438 4452 531 4512 sarta,
543 4452 579 4502 tit.
591 4452 621 4502 de
631 4452 677 4514 his,
687 4467 742 4517 quaa
753 4452 781 4504 in
792 4459 867 4513 metu,
879 4453 927 4504 &a
993 4517 1001 4524 ⁸
