3068 5256
268 490 308 546 96
558 481 615 542 DE
637 479 797 540 TERTIO
818 477 1070 542 PRAEOEPTO.

271 648 380 706 scilicet
391 645 470 704 labor
483 646 575 704 omitti
588 644 687 715 nequit
699 643 805 716 absque
819 645 898 720 gravi
910 643 1088 702 detrimento.
1130 645 1180 702 Sic
1193 655 1366 705 excusantur

272 745 423 819 mancipia,
439 762 501 816 quae
515 743 632 802 domino
646 743 821 818 praecipienti
834 762 892 800 non
905 744 1009 800 audent
1021 755 1187 818 repugnare.
1213 745 1270 802 His
1284 747 1368 802 etiam

272 845 340 902 licet
353 861 419 900 suas
432 843 549 900 reficere
558 851 650 898 vestes
665 839 763 897 diebus
777 840 949 909 Dominicis,
961 842 987 898 si
999 842 1062 898 aliis
1075 841 1174 898 diebus
1182 842 1299 901 facultas
1307 861 1366 899 non

271 941 362 1000 detur.
405 941 510 998 Utrum
534 950 627 998 autem
650 939 733 996 liceat
751 941 792 996 eis
815 939 928 997 hortum
949 939 1042 1012 sibia
1063 939 1186 997 dominis
1199 959 1369 998 concessum

273 1039 376 1099 iisdem
391 1039 491 1097 diebus
505 1040 607 1106 colere,
623 1037 658 1096 ad
671 1038 813 1113 peculium
828 1038 1059 1116 comparandum,
1071 1037 1190 1096 dubitari
1203 1047 1307 1114 potest.
1335 1039 1371 1096 In

274 1138 461 1196 affirmantem
477 1139 644 1195 sententiam
668 1136 889 1212 propendemus,
914 1155 979 1194 narn
1002 1136 1104 1195 durum
1126 1135 1237 1193 videtur
1255 1138 1370 1194 unicam

227 1234 240 1260 ·’
273 1239 348 1296 hanc
362 1237 470 1312 peculii
477 1237 617 1294 rationem
625 1237 660 1292 iis
671 1235 819 1310 denegare.
845 1234 987 1293 Caeterum
999 1235 1097 1292 salutis
1107 1236 1251 1310 negotium
1261 1244 1372 1292 nonest

275 1334 488 1412 negligendum.
511 1333 802 1410 Pauperes,alioquin
812 1336 934 1409 impares
944 1335 1003 1392 suis
1012 1333 1210 1399 sustentandis,
1219 1332 1374 1390 damnandi

275 1452 333 1492 non
347 1443 423 1502 sunt,
438 1435 462 1490 si
476 1435 609 1509 privatim
624 1433 730 1502 absque
744 1432 876 1489 scandalo
888 1433 1024 1490 laborent.
1049 1431 1144 1503 Coqui
1158 1431 1315 1496 etculinarii
1326 1450 1375 1488 ne·

275 1533 404 1590 cessitate
414 1540 442 1590 et
451 1529 656 1590 consuetudine
666 1539 844 1587 excusantur.
867 1531 1025 1588 Pistoressi
1037 1530 1374 1608 nequeantpridiepanes

276 1630 427 1696 conficere,
451 1631 499 1701 qui
517 1631 617 1705 populi
638 1629 703 1684 usui
724 1629 754 1684 in
771 1628 869 1685 diebus
890 1629 1052 1686 Dominicis
1072 1629 1222 1695 sufficiant,
1246 1629 1375 1686 excusati

275 1727 430 1786 habentur:
453 1727 531 1800 quod
553 1726 588 1784 de
610 1727 762 1802 pistoribus
776 1726 919 1784 dulciariis
940 1727 1094 1803 praesertim
1108 1728 1189 1785 valet.
1230 1726 1376 1785 Laniones

277 1828 327 1900 qui
341 1827 445 1884 alicubi
457 1827 493 1884 ob
502 1826 611 1884 calores
626 1826 739 1883 aestivos
753 1844 851 1883 carues
865 1826 965 1884 indies
979 1835 1107 1900 posteros
1121 1843 1231 1882 servare
1240 1844 1301 1882 non
1310 1843 1377 1901 pos·

277 1936 353 1993 sunt,
378 1936 550 1985 excusantur
567 1926 601 1982 si·
612 1926 682 2002 ipsis
703 1923 802 1982 diebus
822 1925 984 1983 Dominicis
998 1924 1129 1980 animalia
1142 1921 1281 1991 occidant,
1296 1942 1377 1980 scan-

277 2024 485 2081 fflommm
537 2005 1376 2099 OEmffleQmeanmwmmmwmm,

244 2195 247 2201 Ι
278 2121 347 2178 dum
362 2130 450 2179 artem
465 2139 546 2178 suam
560 2121 590 2177 iu
598 2121 698 2177 diebus
711 2119 790 2177 sestis
805 2132 947 2179 exercent.
990 2120 1171 2179 (laudatores
1184 2121 1251 2177 ferri
1265 2131 1293 2177 et
1302 2121 1376 2188 vitri,

279 2228 408 2278 coctores
422 2220 542 2277 laterum
552 2219 682 2286 sterilem,
691 2218 849 2277 laborantes
859 2223 888 2278 in
899 2220 1012 2278 officina
1024 2239 1087 2292 quae
1096 2219 1197 2278 dicitur
1205 2217 1377 2297 guaworlre,

279 2319 430 2390 caeterique
457 2318 627 2389 omnesqui
653 2336 726 2393 opus
756 2328 836 2376 antea
858 2319 1021 2378 inchoatum
1045 2320 1247 2395 interrumpere
1271 2321 1378 2391 absque

278 2416 357 2492 gravi
371 2415 542 2473 detrimento
556 2435 614 2473 non
628 2427 758 2492 possunt,
772 2437 788 2474 a
800 2419 903 2476 violato
917 2419 1059 2494 praece'pto
1073 2427 1137 2474 sunt
1150 2419 1304 2475 immunes.

319 2517 369 2570 82.
392 2513 496 2572 Utrum
508 2535 646 2591 magnum
660 2515 770 2572 lucrum
781 2535 817 2573 ex
825 2518 919 2574 labore
929 2517 1112 2575 derivandum
1125 2517 1300 2575 necessitatis
1309 2517 1375 2574 loco

278 2613 441 2671 habendum
455 2614 501 2682 sit,
516 2615 589 2672 inter
602 2614 750 2690 theologos
771 2614 951 2690 disceptatur.
993 2616 1145 2673 Affirmans
1159 2615 1298 2672 sententia
1311 2615 1380 2672 satis

279 2713 433 2788 probabilis
447 2713 568 2782 videtur,
583 2715 611 2772 in
627 2714 702 2772 idem
717 2716 794 2772 enirn
807 2714 906 2772 recidit
920 2733 1023 2790 magno
1040 2714 1118 2771 lucro
1137 2733 1242 2781 carere,
1256 2723 1285 2770 et
1303 2713 1381 2770 darn·

279 2830 349 2869 num
369 2814 440 2888 pati,
463 2823 634 2890 quapropter
656 2814 768 2872 lucrum
788 2833 902 2872 cessans
929 2814 1007 2890 gravi
1033 2812 1136 2871 damno
1163 2803 1376 2888 aequiparatur.¹

279 2908 452 2968 Cavendum
466 2920 561 2966 tamen
574 2930 610 2967 ne
624 2911 658 2966 de
670 2912 752 2968 lucro
766 2913 917 2979 ordinario,
932 2927 982 2969 seu
996 2911 1127 2968 mercede
1141 2913 1240 2969 diurna
1253 2911 1282 2968 id
1297 2910 1377 2968 intel·

278 3006 400 3081 ligatur:
424 3025 507 3063 secus
522 3007 655 3082 obligatio
670 3010 763 3066 omnis
778 3010 909 3066 servandi
922 3011 982 3068 dies
997 3011 1165 3068 Dominicos
1180 3021 1368 3066 evanesceret.

319 3108 368 3160 83.
392 3103 560 3162 Necessitas
582 3106 735 3182 spiritualis
764 3110 956 3166 excusationis
979 3109 1074 3167 locum
1097 3110 1210 3176 obtinet,
1234 3109 1258 3164 si
1280 3127 1381 3185 graves

279 3202 449 3259 tentationes
469 3222 603 3279 superare
623 3207 687 3277 quis
708 3225 765 3264 non
779 3209 878 3282 possit,
900 3209 955 3265 nisi
968 3208 1092 3265 laborem
1107 3209 1278 3284 susceperit:
1302 3205 1379 3280 quod

279 3309 374 3357 umen
385 3299 449 3359 rard
463 3305 610 3379 contingit.
632 3305 717 3380 Saepe
727 3315 820 3363 tamen
828 3306 922 3373 rudes,
932 3308 981 3378 qui
994 3307 1088 3382 legere
1101 3316 1256 3379 nequeunt,
1267 3307 1381 3382 magnis

280 3409 399 3458 aestuant
413 3401 602 3477 cupiditatum
615 3403 750 3473 febribus,
766 3406 822 3462 otio
836 3411 925 3460 totum
939 3405 1014 3462 diem
1028 3406 1219 3482 indulgentes.

319 3504 369 3558 84.
394 3509 413 3536 “
425 3501 611 3562 Excusantur
620 3504 818 3560 instauratores
832 3502 963 3571 fontium,
978 3505 1119 3582 pontium,
1130 3506 1239 3561 viamm
1253 3504 1381 3580 publica·

278 3618 352 3665 rum,
375 3609 404 3657 et
424 3602 562 3659 similium
585 3621 648 3673 quae
669 3622 777 3660 moram
808 3623 866 3660 non
893 3603 1069 3678 patiuntur.’'
1111 3603 1154 3660 Ita
1174 3603 1379 3660 Busembaum.

280 3696 412 3752 Sertores
428 3700 512 3755 etiam
529 3700 578 3769 qui
591 3699 690 3757 diebus
711 3701 846 3777 profestis
866 3711 960 3758 vestes
982 3703 1118 3778 perticere
1130 3701 1204 3759 haud
1219 3711 1381 3777 potuerunt,

280 3803 454 3858 excusantur
468 3797 492 3852 si
506 3807 626 3871 urgeant
638 3800 754 3873 nuptie,
766 3799 861 3867 funus,
871 3801 916 3857 vel
925 3801 978 3857 alia
986 3802 1115 3873 quaedam
1123 3819 1204 3872 aequa
1213 3801 1379 3858 necessitas.

279 3895 466 3952 Excusantur
479 3912 579 3953 omnes
594 3897 642 3968 qui
656 3897 789 3954 feretrum
802 3897 918 3966 faciunt,
933 3900 978 3956 vel
998 3900 1089 3958 funeri
1103 3909 1237 3976 praestant
1249 3917 1378 3974 operam.

281 3993 431 4052 Tonsores
446 4015 506 4054 non
520 4005 702 4063 excusantur,
717 3997 773 4054 nisi
786 3998 904 4074 speciali
918 3999 1012 4072 aliquo
1025 4001 1055 4079 in
1076 4017 1153 4065 casu,
1167 4000 1213 4056 vel
1226 4017 1279 4073 per
1291 3996 1381 4054 modi·

281 4109 347 4148 cum
363 4101 476 4168 tempus
491 4096 629 4154 matutino
643 4106 781 4172 tempore,
796 4107 827 4154 ut
840 4097 874 4154 iis
889 4098 938 4169 qui
951 4099 1066 4156 sabbato
1080 4095 1213 4154 accedere
1227 4116 1288 4154 non
1302 4105 1380 4172 pote·

284 4197 358 4258 rant,
374 4195 565 4251 necessariam
579 4206 714 4270 prestent
722 4215 849 4274 operam.
876 4196 1016 4272 Agricolae
1030 4199 1135 4269 absque
1149 4197 1233 4272 culpa
1246 4196 1381 4271 colligunt

680 4398 722 4463 (l)
742 4397 772 4446 Ia·
784 4415 827 4452 uu.
839 4417 861 4450 c.
873 4399 902 4450 de
913 4405 975 4452 sent.
