3068 5256
511 485 568 544 DE
589 485 723 546 PRIMO
744 485 995 546 PRAEFEOTO.
1243 499 1282 554 77

235 658 283 714 36.
304 651 413 709 Contra
431 661 605 726 preceptum
616 657 734 726 peccant
746 650 771 706 si
791 651 840 722 qni
852 651 882 708 in
901 651 1070 728 imaginibus
1089 651 1215 714 divinam
1234 657 1283 716 ali·

194 773 278 827 quam
297 751 429 808 virtutem
450 749 544 807 inesse
565 756 673 825 putent,
693 749 743 822 qui
764 748 942 808 ethnicorum
954 751 1007 808 snit
1026 769 1111 818 error3
1133 753 1178 810 rel
1198 755 1284 814 iniis

193 852 325 910 fiduciam
338 856 486 923 reponant,
508 855 653 919 tamquam
673 847 703 904 in
722 848 815 904 causis
833 847 1035 908 beneficiorum
1048 867 1111 922 qun
1130 853 1283 927 postulant,

193 951 238 1008 vel
251 967 298 1007 eas
312 947 389 1005 cultu
408 953 623 1021 prosequantur,
637 945 687 1017 qui
705 946 736 1004 in
754 946 789 1002 iis
810 946 953 1015 consistat,
974 966 1027 1006 nec
1040 947 1075 1006 ad
1087 967 1136 1008 ecs
1151 969 1224 1024 quos
1244 971 1285 1010 re-

192 1053 363 1124 praescntant
372 1043 514 1101 reseratur.
545 1041 690 1102 Oaeterurn
702 1062 761 1102 non
770 1043 852 1101 facile
865 1043 1016 1104 damandi
1029 1058 1095 1105 sunt
1107 1047 1204 1106 fideles
1218 1050 1285 1110 sim·

193 1147 337 1222 pliciores‚
351 1161 473 1215 quorum
486 1159 580 1200 sermo
592 1142 639 1200 vcl
652 1150 730 1198 actus
740 1143 858 1200 nimiam
871 1143 1012 1215 quandam
1025 1146 1158 1223 imaginis
1171 1165 1285 1206 venera·

193 1245 299 1303 tionem
318 1241 446 1299 videatur
464 1239 600 1316 prodere:
624 1239 791 1315 plerumque
813 1241 891 1299 enirn
911 1261 993 1302 mens
1013 1261 1111 1302 eorum
1130 1247 1213 1304 rectis
1233 1247 1284 1306 im·

193 1343 257 1401 buta
270 1351 314 1400 cst
326 1339 484 1416 principiis,
498 1340 627 1411 quamvis
640 1337 717 1396 hand
729 1339 847 1398 feliciter
863 1357 894 1396 se
907 1341 1058 1418 explicent.
1100 1342 1135 1401 Id
1153 1345 1284 1404 omnibns

193 1451 300 1499 certum
313 1450 343 1497 et
361 1437 538 1513 exploratum
558 1445 602 1494 est
622 1435 687 1494 Deo
707 1438 762 1496 soli
781 1455 945 1512 supremum
966 1441 1072 1498 cultum
1094 1441 1283 1503 tribuendum.

194 1540 265 1606 Qua
280 1535 449 1612 quibusdam
461 1536 634 1614 imaginibus
647 1535 735 1592 virtus
755 1535 864 1594 videtur
884 1537 1005 1596 adscribi
1024 1538 1060 1596 ob
1072 1539 1209 1600 beneficia
1222 1542 1284 1620 plu·

194 1638 267 1695 rima
279 1638 339 1714 ejus
353 1634 500 1693 occasione
521 1635 678 1711 impetrata,
693 1633 728 1691 ad
741 1635 797 1693 Dei
817 1635 987 1695 voluntatem
1007 1637 1153 1698 reserenda
1165 1651 1218 1710 est,
1233 1643 1282 1715 qui

193 1735 269 1795 dona
281 1754 333 1793 sua
346 1734 510 1810 impertitur,
525 1734 555 1792 in
567 1734 603 1791 iis
618 1733 720 1807 quibus
733 1734 793 1794 vult
805 1753 900 1794 rerum
913 1737 1068 1816 adjunctis.
