3046 5262
277 486 336 546 20⁰
465 477 520 538 DE
541 473 837 536 Phocaeorum
857 471 1178 537 Dtsrntcmontlt.

317 651 369 706 22.
389 642 577 703 Peccetcrum
591 643 715 719 gravitas
727 659 765 699 ex
777 641 879 718 majori
897 639 1077 714 oppositione
1090 637 1193 696 divine
1205 639 1264 715 legi
1278 638 1368 696 dime-

281 745 375 804 tienda
387 751 440 800 est.
483 741 646 820 objectum,
665 741 742 808 finis,
763 747 791 796 et
809 738 941 815 adjuncta
959 737 1161 812 perpendenda
1180 747 1254 804 suut,
1270 753 1307 794 ex
1321 737 1369 794 his

278 844 355 902 enirn
369 841 510 900 derivatur
522 840 638 898 malitia.
679 839 810 898 Ebrietas
830 856 881 913 per
900 853 931 892 se
951 835 1063 912 gravior
1082 845 1126 893 est
1139 833 1303 894 mendacio:
1327 843 1367 891 at·

169 929 175 938 ’
274 951 370 1002 nmen
382 941 407 997 si
430 939 486 996 hcc
505 938 661 1016 proseratur
674 937 710 994 ad
732 936 888 994 innocentis
909 933 1013 992 samam
1026 933 1236 1010 emigraneam,
1250 942 1365 1009 preter·

276 1039 401 1118 greditur
425 1037 501 1096 illius
531 1037 705 1114 gravitatem.
747 1035 804 1101 Qui
822 1035 935 1112 jocatur
954 1031 1079 1109 puellam
1098 1033 1251 1091 seducendi
1267 1050 1364 1099 causa,

276 1137 363 1216 longe
377 1136 489 1212 gravius
503 1144 603 1212 peccet
615 1135 670 1192 alio
683 1152 720 1192 ex
734 1133 821 1192 animi
839 1132 951 1191 levitate
972 1131 1077 1190 similia
1095 1132 1265 1206 proferente.
1308 1131 1367 1187 Pro

277 1237 380 1314 majori
392 1234 421 1292 vi
435 1234 522 1292 anirui
535 1243 565 1291 et
577 1234 642 1292 uisu
656 1251 713 1304 quo
733 1231 861 1289 voluntas
881 1238 1030 1305 peccatum
1049 1231 1240 1305 prosequitur,
1264 1239 1293 1286 et
1305 1229 1366 1286 diu·

275 1334 394 1394 turniori
414 1331 516 1390 effectu
539 1349 606 1390 cum
626 1331 760 1388 libertatis
781 1329 928 1395 exercitio,
952 1329 1065 1404 gravius
1084 1338 1136 1386 est.
1178 1329 1251 1394 Quae
1271 1328 1364 1385 virtuti

275 1431 463 1510 prestantiori
476 1438 643 1507 repugnant,
664 1428 820 1501 etquidem
839 1426 926 1486 modo
945 1426 1095 1494 contr-ario,
1115 1427 1244 1503 graviore
1257 1427 1364 1484 caeteris

273 1531 441 1608 plerumque
455 1537 528 1586 eunt.
571 1527 620 1584 Sic
640 1525 737 1584 odium
757 1527 815 1584 Dei
834 1526 1033 1602 gravissimum
1047 1533 1101 1592 est,
1114 1535 1210 1601 utpote
1222 1525 1362 1590 charitati,

275 1645 339 1700 que
351 1645 464 1686 summa
476 1633 520 1682 eet
532 1625 631 1691 virtus,
645 1625 762 1682 omniuo
776 1623 934 1682 adversum.
977 1621 1121 1680 Ceterum
1135 1623 1287 1696 aliquando
1301 1639 1363 1694 que

276 1734 420 1802 precepto
433 1724 519 1782 etiam
532 1723 629 1780 divino
642 1723 835 1799 injunguntur,
845 1722 903 1799 legi
913 1731 1018 1780 uaturae
1032 1719 1134 1789 addite,
1148 1723 1173 1780 si
1185 1722 1365 1798 negligantur
1406 1759 1408 1764 -
1509 1701 1510 1704 Ἴ

275 1823 413 1884 leviorem
427 1821 564 1882 inducunt
575 1822 687 1898 culpam
701 1821 736 1878 its
750 1839 813 1894 que
825 1822 882 1898 legi
901 1829 1006 1878 nature
1026 1821 1144 1877 omnino
1163 1820 1362 1878 adversantur:

275 1924 318 1982 sic
331 1921 507 1982 eucharistie
518 1920 705 1996 suscipiende
719 1921 864 1997 neglectus
877 1921 968 1978 levior
980 1927 1023 1975 est
1035 1918 1203 1977 homicidio.

312 2025 362 2080 23.
384 2019 514 2078 Effectus
528 2027 641 2076 secutus
655 2037 692 2076 ex
705 2029 822 2094 peccato
835 2019 897 2095 ejus
910 2018 1045 2078 malitiam
1059 2025 1152 2095 auget,
1166 2019 1280 2090 quoties
1293 2035 1363 2093 pre·

272 2118 351 2176 visus
364 2126 417 2184 est,
431 2117 477 2174 vel
490 2117 639 2194 previderi
652 2118 752 2193 potuit,
766 2127 794 2175 et
807 2118 911 2185 debuit,
924 2118 992 2175 licet
1004 2135 1127 2192 peccans
1145 2135 1212 2175 eum
1225 2115 1302 2174 haud
1315 2133 1362 2172 vo·

272 2215 356 2276 luerit
369 2233 494 2292 ponere:
515 2235 581 2274 nam
595 2214 694 2274 meritb
708 2217 882 2293 imputantur
891 2234 954 2289 quae
968 2233 1005 2274 ex
1014 2233 1101 2291 prava
1109 2217 1220 2273 actione
1233 2224 1363 2272 secutura

272 2323 436 2370 noscuntur.
479 2313 529 2370 Sic
552 2332 617 2372 reus
640 2314 757 2371 habetur
778 2314 927 2373 homicidii
949 2315 998 2387 qui
1020 2315 1203 2372 vehementer
1223 2314 1364 2389 percussit

273 2409 368 2476 aliurn,
389 2411 545 2485 presertim
567 2412 622 2469 telo
646 2409 779 2479 adhibito,
801 2412 867 2470 licet
886 2423 1005 2469 mortem
1027 2413 1129 2470 inferre
1152 2413 1362 2482 uolueritque

272 2515 365 2565 tamen
388 2514 485 2564 secuta
506 2517 559 2565 est.
602 2506 661 2566 Sed
683 2509 708 2566 si
729 2519 830 2586 praeter
852 2511 1079 2586 expectationem
1102 2508 1207 2583 aliquid
1229 2519 1362 2582 sequatur

272 2605 415 2665 funestum
430 2605 507 2678 quod
529 2607 689 2666 nullatenus
709 2618 768 2665 erat
786 2611 957 2675 verosimile,
978 2608 1054 2666 haud
1074 2609 1138 2666 ideo
1158 2619 1234 2666 actus
1256 2608 1362 2665 malitia

271 2707 428 2784 augebitur,
442 2724 509 2766 nam
524 2724 592 2766 casu
606 2707 701 2784 potius
716 2723 800 2778 quam
813 2709 955 2766 voluntate
969 2706 1106 2764 accidisse
1120 2709 1288 2766 censebitur.
1311 2707 1361 2764 Sic

271 2805 297 2860 si
320 2806 384 2875 quis
405 2823 491 2862 mauu
512 2803 612 2864 leviter
633 2815 780 2881 percutere
803 2807 911 2875 volens,
934 2815 1054 2863 mortem
1075 2825 1142 2863 casu
1164 2807 1360 2873 interserens

270 2900 417 2958 homicidii
431 2901 578 2959 habendus
597 2921 654 2960 non
666 2903 729 2960 erit.
772 2903 968 2963 Homicidium
989 2905 1023 2961 ab
1043 2905 1120 2961 ebrio
1140 2914 1287 2980 patratum,
1311 2905 1360 2976 qui

269 3005 351 3054 antea
361 2998 515 3055 mansuetis
528 3001 655 3058 moribus
668 3009 736 3068 eret,
747 3019 806 3060 non
819 3001 904 3060 habet
913 3003 1047 3061 malitiam
1061 3003 1159 3060 aliene
1173 3003 1269 3070 caedis,
1283 3005 1309 3061 si
1324 3021 1360 3061 ne

270 3093 428 3170 periculum
443 3095 559 3168 quidem
573 3098 642 3156 tanti
653 3097 785 3157 facinoris
800 3119 863 3158 sese
873 3101 1057 3159 inebriaturus
1067 3102 1206 3178 suspicari
1219 3105 1358 3177 potuerit:

270 3191 323 3252 scd
335 3193 366 3252 in
378 3193 441 3254 foro
454 3195 531 3254 civili
543 3215 609 3255 reus
626 3195 825 3276 judicabitur.¹
866 3200 937 3267 Qure
951 3208 1108 3273 sequuntur
1119 3201 1193 3258 mala
1206 3209 1233 3257 et
1246 3213 1362 3277 peccata

269 3294 419 3352 occasione
441 3295 589 3372 cujusdem
613 3298 722 3373 peccati
743 3298 906 3375 gravitatem
926 3299 989 3374 ejus
1009 3299 1177 3375 plerumque
1196 3299 1360 3366 ostendunt,

269 3402 366 3470 utpote
389 3411 452 3466 que
475 3385 557 3452 facile
578 3405 729 3472 potuerunt
751 3396 906 3473 previderi.
950 3398 999 3456 Sic
1027 3398 1092 3456 libri
1113 3397 1239 3456 haeretici
1262 3407 1289 3454 et
1310 3401 1359 3458 ob·

268 3493 358 3551 sceui
371 3491 495 3568 plurima
506 3494 643 3555 inducunt
655 3496 739 3564 male,
753 3515 816 3569 que
829 3497 1012 3573 scriptoribus
1025 3493 1124 3556 meritis
1138 3497 1307 3556 tribuuntur.

307 3593 357 3648 24.
387 3591 556 3653 Alienorum
582 3603 762 3670 peccatorum
783 3613 848 3653 reus
874 3597 994 3668 quisque
1017 3595 1195 3654 constituitur
1213 3597 1358 3673 jussione,

298 3825 339 3890 (1)
353 3830 368 3854 “
378 3823 414 3872 As
426 3832 451 3873 tc
464 3825 572 3876 artificia!
591 3825 737 3892 voluntarily
751 3831 886 3880 connected
904 3823 1026 3891 madnees,
1043 3835 1074 3897 by
1087 3834 1264 3894 drunhenuess,
1277 3851 1304 3884 or
1321 3837 1358 3886 in·

261 3909 401 3986 toxication,
420 3909 512 3971 which,
529 3911 656 3976 depriring
675 3927 732 3962 men
751 3915 778 3962 us
789 3915 851 3964 their
869 3931 962 3976 reason,
980 3925 1038 3981 pute
1056 3918 1123 3968 them
1141 3920 1167 3968 in
1186 3929 1356 3986 atemporary

259 3989 359 4054 t‘reuzy3
378 4007 422 4041 our
434 3995 480 4042 law
494 3995 562 4044 looks
574 4011 641 4060 upon
653 3994 701 4047 this
713 4013 739 4046 as
751 4013 782 4046 an
795 4003 951 4060 aggravation
963 4001 992 4065 os
1004 4003 1046 4052 the
1056 4001 1156 4065 offenee,
1168 4007 1248 4056 rather
1259 4006 1320 4056 than
1330 4023 1356 4055 as

261 4088 292 4123 an
305 4089 394 4123 excuse
407 4075 443 4124 sor
451 4094 503 4144 any=
513 4080 624 4130 crimiual
642 4081 827 4134 misbehariour.
861 4083 885 4132 A
897 4085 1027 4148 druukard,
1046 4105 1102 4154 says
1114 4087 1154 4140 Sir
1165 4091 1270 4142 Edward
1280 4093 1356 4151 Coke,

260 4154 318 4204 who
329 4156 350 4204 is
362 4160 513 4216 voluntarius
530 4164 634 4222 demon,
647 4166 704 4216 hath
722 4183 755 4216 no
767 4167 882 4232 privilege
899 4169 1014 4234 thereby3
1030 4174 1074 4224 but
1091 4173 1158 4226 what
1174 4176 1231 4228 burt
1242 4192 1269 4226 or
1280 4177 1306 4228 ill
1319 4195 1357 4230 so·

259 4245 315 4288 ever
327 4239 358 4288 he
370 4241 435 4301 deth,
448 4243 487 4292 his
498 4246 671 4298 druukeuneas
688 4251 746 4299 deth
764 4260 892 4314 aggravata
909 4255 939 4310 it,
958 4271 1015 4306 nam
1028 4274 1101 4310 omne
1112 4261 1203 4312 crimen
1216 4264 1319 4320 ebrietas
1330 4273 1355 4314 et

259 4322 368 4373 incendit
375 4332 400 4373 et
412 4325 528 4387 detegit?
547 4327 703 4393 Blackstcue,
715 4335 730 4383 1.
742 4335 774 4384 iv.
787 4352 812 4386 n.
825 4340 867 4386 26.
