3146 5266
251 553 290 606 80
331 545 388 604 DE
409 543 592 604 ACTUUM
614 543 896 604 HUMANORUM
917 543 1078 604 MORALI
1100 543 1262 604 SPECIE.

252 711 383 768 adversa:
412 717 576 784 aggravatur
602 711 675 766 intra
699 708 818 767 eandem
842 711 978 786 speciem,
1001 708 1114 780 quando
1137 708 1230 766 eidem
1250 709 1343 766 virtuti

251 810 342 884 magis
357 807 529 874 adversatur,
544 807 627 866 sicuti
639 807 701 864 rixa
714 809 787 866 inter
799 808 932 865 homiues
949 807 1082 884 dignitate
1096 815 1272 884 praestantes.

291 911 341 964 48.
373 905 455 976 Quid
477 907 619 982 objectum
641 908 749 982 peccati
769 906 891 974 denotat,
915 907 997 978 quale
1020 914 1067 963 aut
1087 914 1222 978 quantum
1242 907 1340 964 fuerit:

254 1005 382 1062 “dicitur
395 1005 513 1083 proinde
534 1007 753 1074 circumstantia,
774 1016 859 1082 prout
877 1004 1006 1083 designat
1026 1014 1188 1062 extraneam
1203 1003 1344 1077 quandam

254 1102 444 1162 conditionem
458 1104 570 1181 objecto
583 1105 754 1181 adjunctam.
796 1104 882 1170 Quod
902 1105 1053 1180 perspicuo
1067 1104 1201 1179 exemplo
1215 1103 1297 1160 docet
1311 1103 1342 1159 S.

255 1203 396 1260 Thomas.
438 1203 516 1260 Nam
530 1204 608 1275 quod
622 1203 726 1276 aliquis
748 1202 921 1280 perfundens
941 1203 1027 1262 alium
1049 1222 1131 1275 aqua,
1153 1221 1220 1261 cum
1242 1201 1343 1268 abluat,

255 1321 313 1360 non
327 1311 371 1358 est
383 1301 534 1359 ablutionis
548 1304 767 1360 circumstantia.
788 1303 917 1360 Pertinet
929 1301 1005 1361 enim
1016 1301 1051 1358 ad
1060 1303 1119 1359 vim
1133 1319 1224 1374 aquae,
1239 1298 1345 1359 eidem·

256 1419 312 1474 que
337 1410 381 1458 est
393 1403 541 1477 proprium
556 1411 584 1459 et
597 1403 729 1459 intimum
742 1411 775 1459 ut
787 1403 896 1460 abluat:
919 1419 1017 1459 verum
1032 1399 1109 1472 quod
1121 1399 1261 1456 abluendo
1274 1399 1345 1456 cale·

256 1500 348 1566 faciat,
363 1499 408 1556 vel
421 1499 574 1576 infrigidet,
586 1499 662 1573 quod
675 1509 764 1567 sanet,
774 1501 818 1558 vel
828 1509 937 1565 noceat,
948 1499 1004 1557 hoc
1017 1497 1129 1555 advenit
1142 1517 1178 1555 ex
1191 1496 1345 1565 accidente,

257 1608 357 1670 estque
371 1596 441 1656 adeo
455 1599 664 1656 circumstantia
677 1599 766 1674 ipsius
784 1590 983 1656 ablutionis.”¹
1024 1597 1074 1653 Sic
1087 1597 1226 1673 sacrilegii
1240 1597 1346 1654 malitia

257 1697 349 1772 major
362 1704 406 1751 est
418 1698 443 1754 si
457 1697 594 1754 ciborium
608 1697 694 1754 saeris
707 1697 810 1755 hostiis
829 1696 968 1773 repletum
983 1696 1146 1772 abripiatur,
1161 1714 1246 1768 quam
1260 1695 1285 1750 si
1298 1714 1346 1752 au-

258 1795 376 1852 ferretur
389 1795 463 1866 calix
476 1815 592 1852 vacuus.
633 1796 755 1854 Diversa
771 1806 815 1854 est
834 1797 945 1873 species
959 1793 1087 1852 adrdtcrii
1107 1815 1123 1852 a
1144 1794 1346 1858 fornicatione3

258 1895 364 1971 conjux
377 1895 454 1952 enim
467 1895 554 1962 illius,
568 1895 686 1954 foemina
699 1896 793 1954 soluta
802 1896 888 1972 hujus
902 1895 1044 1970 objectum
1058 1903 1110 1950 est.

298 1998 357 2050 49:
373 1991 430 2051 Uti
442 1995 537 2052 locum
551 1994 673 2061 denotat,
688 2004 765 2051 actus
785 1996 863 2051 enim
876 1993 942 2051 inde
956 1993 1045 2051 sumit
1058 1991 1207 2066 aliquando
1221 1992 1347 2066 speciem

259 2092 400 2148 diversam
418 2092 542 2158 malitiae,
563 2090 712 2164 aliquando
732 2091 798 2149 verb
822 2091 939 2168 gradum
961 2093 1108 2168 majorem.
1150 2089 1347 2150 Homicidium

259 2192 289 2247 in
302 2190 408 2264 templo
422 2189 601 2266 sacrilegium
615 2199 674 2247 est:
696 2190 869 2264 colloquium
889 2199 970 2267 turpe
988 2191 1074 2268 lunge
1087 2191 1199 2268 gravius
1213 2199 1265 2256 est,
1280 2189 1305 2245 si
1317 2189 1347 2245 in

260 2308 295 2348 eo
308 2289 453 2347 habeatur.

301 2392 348 2444 50.
383 2386 499 2457 Quibus
525 2387 653 2447 auxiliis
679 2391 743 2462 quis
762 2409 831 2448 usus
853 2389 946 2457 fuerit,
967 2391 1092 2447 maxime
1114 2389 1230 2445 interest
1251 2403 1346 2452 nosse,

260 2505 334 2544 nova
353 2487 429 2543 enim
448 2487 494 2543 vel
513 2487 603 2563 major
622 2488 728 2546 malitia
753 2489 826 2546 actui
847 2507 884 2548 ex
905 2490 940 2546 iis
954 2507 1029 2563 saepe
1049 2487 1185 2562 provenit.
1229 2485 1262 2540 Si
1283 2485 1348 2554 quis

260 2585 384 2662 puellam
396 2593 428 2645 ut
447 2584 571 2653 seducat,
593 2588 755 2662 quempiam
768 2589 818 2660 qui
837 2607 890 2647 suo
909 2587 1023 2645 nomine
1042 2569 1105 2641 eam
1124 2583 1228 2640 alliciat
1244 2582 1347 2648 mittat,

260 2685 316 2742 hoc
328 2694 410 2742 utens
424 2684 550 2744 subsidio
563 2687 630 2743 novi
643 2687 751 2762 peccati
771 2687 803 2743 fit
823 2706 899 2744 reus.
941 2685 973 2741 Si
993 2683 1125 2740 aemulum
1146 2680 1267 2757 dejicere
1287 2699 1349 2737 rnu-

260 2802 327 2841 nere
341 2784 416 2852 velit,
430 2783 552 2856 ideoque
572 2785 730 2853 calumniis,
750 2785 903 2854 fraudibus,
923 2784 1098 2850 muneribus,
1112 2789 1214 2847 utatur,
1227 2779 1273 2836 his
1287 2798 1347 2836 orn·

260 2885 343 2940 nibus
357 2883 475 2940 diversis
489 2885 642 2941 rationibus
655 2893 762 2959 peccat.

301 2985 349 3037 51.
384 2979 445 3037 Cur
470 2981 557 3037 finem
583 2982 714 3049 alienum,
742 2999 827 3052 quem
853 2997 939 3056 agens
966 2979 1019 3036 sibi
1044 2979 1201 3054 proposuit,
1225 2976 1346 3034 denotat.

260 3079 279 3136 J
283 3079 380 3136 uvenis
394 3079 443 3150 qui
456 3081 571 3155 surripit
583 3081 732 3157 pecuniam
751 3077 877 3146 domino,
897 3087 929 3135 ut
948 3077 1087 3134 theatrum
1108 3077 1197 3144 adeat,
1212 3076 1257 3132 vel
1270 3075 1348 3152 potui

261 3197 327 3238 cum
341 3179 427 3236 sociis
439 3178 591 3255 indulgeat,
605 3180 651 3236 vel
664 3198 726 3236 eam
736 3179 929 3235 meretricibus
939 3177 1081 3253 largiatur,
1092 3185 1192 3252 praeter
1205 3175 1271 3232 furti
1284 3193 1348 3251 pec·

261 3287 364 3344 catum,
379 3277 457 3345 alias,
472 3297 523 3354 pro
536 3279 601 3335 finis
614 3279 732 3345 ratione,
746 3287 854 3354 peccat.

302 3381 350 3434 52.
376 3375 530 3446 Quomodo
543 3377 593 3434 fiat
605 3379 677 3434 actio
697 3377 782 3434 etiarn
802 3373 1000 3432 attendendum
1014 3383 1075 3431 cst:
1097 3372 1234 3447 pudorem
1248 3371 1349 3447 virgini

261 3477 290 3533 vi
309 3477 418 3553 eripere
438 3485 567 3552 stuprum
587 3486 640 3544 est,
662 3495 750 3550 quum
772 3475 995 3532 consentientem
1016 3473 1112 3530 vitiare
1134 3473 1171 3529 sit
1192 3471 1348 3529 semicatio.

261 3574 314 3633 Irae
328 3595 464 3634 excessus
478 3595 515 3634 ex
528 3575 786 3634 vehementioribus
801 3574 979 3634 contumeliis
993 3573 1151 3631 innotescit.
1244 3617 1246 3621 .

302 3677 350 3728 53.
377 3673 503 3742 Quando
517 3682 629 3748 tempus
648 3676 778 3748 respicit;
800 3676 825 3730 si
844 3676 921 3731 enim
934 3675 997 3746 quis
1018 3672 1063 3729 die
1077 3669 1248 3727 Parasceves
1263 3668 1349 3726 ebrie·

262 3771 312 3826 tati
324 3779 414 3836 vacet,
428 3769 474 3826 vel
488 3769 532 3825 die
546 3769 618 3825 festo
631 3771 742 3844 publice
756 3780 837 3827 vacet
855 3773 934 3845 operi
947 3771 1052 3837 servili,
1067 3770 1178 3845 gravius
1192 3777 1299 3845 peccat,
1314 3767 1350 3824 ob

262 3869 397 3946 temporis
410 3867 555 3925 sanctioris
569 3876 771 3943 contemptum.

303 3973 352 4027 54.
374 3969 503 4028 Eventus
517 3968 616 4042 quiex
636 3967 729 4043 pravis
750 3966 856 4024 actibus
877 3977 1032 4040 sequuntur
1045 3987 1143 4026 eorum
1155 3967 1291 4024 malitiam
1304 3984 1350 4022 au·

240 4078 340 4144 *gent
362 4079 499 4140 quatenus
520 4067 752 4145 praevidebantur,
773 4066 820 4123 vel
839 4075 967 4142 poterant
988 4077 1016 4124 et
1036 4066 1174 4125 debebant
1193 4064 1349 4142 praevideri.

264 4166 314 4223 Sic
327 4167 425 4239 quiex
444 4167 522 4226 libris
542 4168 692 4234 obscaenis,
712 4167 758 4224 vel
776 4166 843 4222 alias
864 4167 967 4241 pravis,
988 4168 1084 4244 lapsus
1103 4166 1287 4243 plurimorum
1307 4181 1351 4221 se-

265 4275 397 4339 quuntur,
412 4266 557 4342 scriptoris
569 4267 704 4324 malitiam
717 4265 878 4324 ostendunt.

610 4467 652 4533 (l)
666 4464 748 4518 Tract.
759 4465 789 4516 de
800 4473 846 4516 act.
858 4466 926 4518 hum.
937 4483 958 4516 c.
968 4466 1001 4516 itt
