3068 5256
445 475 503 533 DE
526 475 716 535 SEPTIMO
737 473 994 536 PRAECEPTO.
1213 483 1268 538 133

172 641 207 699 ad
219 641 361 717 mancipia
373 639 522 698 traducere
537 642 621 699 licet:
643 643 748 715 quibus
769 650 801 700 ut
819 659 835 699 e
855 661 909 700 suo
930 641 1055 718 peculio,
1070 643 1095 700 si
1109 641 1180 700 forte
1200 643 1270 716 quid

172 740 291 798 habeant
303 760 339 798 ex
353 739 538 798 dominorum
551 742 645 809 venia,
660 741 732 799 furta
744 740 910 817 hujusmodi
921 747 1107 817 compensent
1118 741 1268 820 injungere

173 839 272 897 durum
285 838 406 906 ridetur,
421 858 511 912 quum
532 858 648 898 omnem
668 859 752 898 suam
770 857 888 916 operam
908 839 985 898 heris
1005 849 1161 917 perlatam
1182 842 1267 902 vitam

172 937 328 996 conferant.

212 1041 280 1095 158.
304 1038 388 1095 Uxor
400 1039 502 1095 marito
516 1038 670 1114 surripiens
683 1039 846 1114 pecuniam,
860 1039 906 1098 vel
926 1039 980 1096 alia
998 1039 1073 1096 bona
1093 1041 1266 1108 communia,

172 1155 260 1208 eaque
282 1138 312 1194 in
331 1153 402 1194 usus
415 1155 506 1194 vanos
524 1136 570 1193 vel
583 1155 686 1212 pravos
706 1137 886 1214 impendens,
900 1147 1007 1213 peccat,
1025 1149 1054 1194 et
1066 1137 1101 1195 ad
1120 1139 1268 1198 restituen-

173 1235 239 1292 dum
260 1244 387 1302 tenetur;
408 1235 614 1294 administratio
634 1236 710 1293 enim
724 1237 865 1302 bonorum
879 1237 1074 1295 communium
1085 1255 1174 1313 penes
1187 1241 1270 1296 mari·

174 1344 232 1392 tum
247 1343 300 1391 est.
344 1333 491 1392 Caeterum
505 1335 621 1394 maritus
641 1327 751 1393 facilius
771 1337 904 1412 injuriam
924 1336 1090 1412 hujusmodi
1109 1337 1270 1396 condonare

174 1443 315 1500 censetur,
340 1433 396 1490 nisi
418 1432 500 1490 valde
522 1434 652 1492 notabilis
675 1435 721 1491 sit.
773 1435 936 1492 Excusatur
955 1435 1038 1492 etiam
1059 1453 1142 1503 uxor,
1162 1437 1187 1493 si
1208 1437 1268 1494 viro

173 1533 295 1609 prodigo
316 1551 349 1589 ea
362 1532 508 1590 subtrahat
528 1533 716 1591 conservandi
736 1553 830 1602 causa,
845 1535 890 1592 vel
910 1534 945 1592 ad
965 1533 1175 1592 sustentandam
1190 1535 1269 1592 farni-

172 1632 256 1699 liam,
270 1631 316 1688 vel
329 1631 363 1688 ad
384 1650 418 1688 ea
437 1632 628 1708 comparanda
648 1651 712 1705 quae
732 1634 795 1703 sibi,
809 1633 855 1692 vel
877 1633 955 1702 tiliis,
969 1643 1035 1692 sunt
1054 1635 1214 1692 necessaria
1227 1650 1271 1692 se·

174 1731 304 1790 cundum
318 1749 401 1788 suum
414 1741 525 1790 stabim.
567 1726 668 1790 Potest
680 1733 762 1790 etiam
783 1733 856 1810 proli
875 1751 913 1792 ex
926 1733 981 1790 alio
994 1735 1174 1792 matrimonio
1187 1743 1269 1802 natae,

174 1831 220 1888 vel
236 1831 308 1908 patri
322 1829 368 1887 vel
381 1831 473 1898 matri,
487 1827 638 1890 moderatis
652 1831 787 1890 subsidiis
800 1849 973 1898 succurrere,
984 1850 1020 1888 ne
1033 1833 1129 1907 inopia
1141 1850 1271 1907 preman-

175 1940 231 1987 tur.
274 1929 502 2006 Eleemosynam
515 1929 580 1988 dare
597 1931 624 1988 ei
644 1931 711 1988 licet
729 1949 781 2007 pro
801 1949 880 1988 more
894 1939 1057 1988 caeteramm
1077 1948 1199 1988 uxorum
1212 1949 1271 1989 sure

176 2027 359 2096 conditionis,
373 2029 484 2100 aliaque
505 2030 597 2087 facere
617 2047 713 2087 earum
732 2031 829 2098 instar,
842 2031 896 2088 etsi
914 2041 1053 2106 repugnet
1070 2030 1176 2102 absque
1193 2031 1272 2107 justa

176 2146 265 2186 causa
277 2129 402 2185 maritus.
436 2128 482 2185 De
496 2129 531 2186 iis
545 2138 639 2186 autem
654 2146 716 2201 quae
729 2147 780 2186 sua
797 2129 972 2206 comparavit
983 2129 1129 2197 industria,
1143 2130 1188 2186 vel
1202 2149 1271 2202 quo-

174 2247 239 2285 rum
260 2226 419 2284 dominium
439 2236 468 2284 et
487 2226 691 2286 administratio
710 2245 799 2304 penes
818 2230 910 2304 ipsam
930 2237 1006 2296 sunt,
1026 2228 1113 2285 libere
1134 2229 1197 2304 ipsa
1216 2229 1272 2286 dis·

179 2328 264 2402 ponit.
1107 2313 1112 2324 ⁶

218 2429 285 2484 159.
306 2426 379 2492 Quae
394 2429 431 2484 sit
443 2425 509 2484 furti
522 2427 615 2504 gravis
626 2427 745 2486 materia
757 2428 831 2504 apud
844 2427 991 2504 theologos
1005 2427 1035 2484 in
1048 2429 1204 2500 quastione
1218 2437 1270 2485 est.

177 2525 322 2598 Equidem
335 2536 414 2584 certa
432 2526 530 2602 regula
549 2545 605 2598 qua
625 2545 739 2604 semper
757 2527 905 2585 definiaur
923 2527 1007 2585 statui
1027 2545 1085 2584 non
1104 2537 1206 2602 potest,
1221 2526 1272 2583 sed

177 2626 348 2698 plerumque
362 2644 400 2683 ex
414 2625 552 2701 adjunctis
565 2625 751 2702 judicandum
765 2636 823 2683 est:
844 2635 977 2684 ceterum
991 2625 1119 2697 quadam
1134 2643 1192 2701 prae
1205 2643 1271 2682 ocu·

177 2724 215 2779 lis
229 2721 361 2780 habenda
374 2733 449 2791 sunt,
462 2733 492 2780 ut
506 2725 645 2800 judicium
660 2725 709 2782 fiat
721 2725 892 2790 verosimile,
912 2726 937 2781 si
950 2741 1008 2780 non
1022 2723 1139 2780 omnino
1152 2731 1270 2780 ceruum.

223 2825 291 2880 160.
314 2821 437 2880 Materia
449 2823 478 2880 111
492 2841 522 2880 se
535 2825 629 2900 gravis
643 2821 813 2881 admittenda
832 2830 885 2890 est,
906 2821 987 2900 eujus
1001 2821 1104 2879 ablatio
1123 2822 1216 2898 gravis
1230 2831 1273 2878 est

178 2922 272 2998 culpa,
296 2922 327 2978 111
352 2923 576 2994 quibuscumque
603 2942 697 2981 rerum
725 2922 875 2998 adjunctis,
896 2942 912 2979 a
931 2923 993 2980 viro
1019 2921 1085 2979 licet
1112 2920 1271 2980 ditissimo:

178 3039 243 3078 nam
258 3023 377 3078 interest
390 3023 455 3080 boui
470 3023 631 3080 communis
644 3032 676 3081 111
687 3023 796 3080 nemini
808 3023 947 3080 auferatur
958 3041 1003 3080 res
1017 3040 1069 3098 per
1081 3041 1112 3080 se
1126 3024 1231 3098 gravis,
1245 3031 1275 3080 et

179 3120 233 3178 nisi
253 3119 282 3178 id
296 3121 421 3178 districte
442 3121 650 3197 prohiberetur,
671 3121 771 3180 divites
792 3121 873 3180 facile
893 3123 951 3180 suis
972 3121 1054 3180 bonis
1074 3123 1271 3199 spoliarentur.

180 3219 314 3292 Quinque
329 3222 441 3278 nummi
455 3221 591 3298 argentei,
605 3239 656 3278 seu
676 3241 749 3278 unus
771 3239 881 3288 aureus,
895 3230 962 3278 sunt
972 3221 1069 3292 utique
1083 3224 1199 3279 materia
1212 3241 1274 3297 gra·

179 3320 240 3386 vis;
262 3339 316 3377 nec
331 3321 409 3377 enirn
423 3319 582 3378 ditissimus
597 3338 646 3378 eos
660 3320 714 3377 sibi
727 3322 830 3398 injuria
849 3319 950 3378 auferri
969 3320 1025 3377 nisi
1039 3321 1184 3397 aegerrime
1198 3329 1274 3395 pate-

184 3428 270 3476 retur.
314 3419 452 3484 Quaenam
467 3428 560 3476 autern
581 3419 674 3477 minor
686 3438 798 3478 summa
816 3420 853 3476 sit
872 3419 989 3476 materia
1007 3421 1099 3494 gravis
1114 3437 1173 3477 non
1193 3419 1275 3476 facile

179 3535 234 3574 nec
248 3527 324 3575 certo
344 3518 427 3575 statui
441 3526 553 3594 potest:
575 3518 626 3576 sed
639 3519 722 3576 nobis
745 3517 855 3575 videtur
875 3535 1010 3574 nummus
1029 3534 1103 3574 unus
1126 3525 1274 3592 argenteus

179 3616 350 3692 plerumque
372 3616 515 3675 sufficere.
556 3617 658 3682 Quoad
681 3618 832 3694 plerosque
852 3614 958 3673 divitiis
972 3614 1048 3673 haud
1062 3624 1158 3674 auctos
1172 3613 1276 3674 sufficit

181 3715 333 3774 dimidium
347 3717 456 3774 nummi
470 3717 613 3792 argentei:
641 3715 735 3790 quoad
756 3733 895 3794 pauperes
914 3715 1016 3794 viginti
1036 3718 1161 3790 quinque
1181 3717 1272 3775 oboli:

180 3815 274 3887 quoad
289 3815 439 3872 mendieos
454 3817 580 3888 quinque
594 3817 680 3874 oboli.

212 3918 280 3972 161.
292 3915 440 3973 Damnum
449 3914 565 3973 domino
573 3916 681 3974 illatum
689 3917 812 3974 materia
821 3917 983 3992 gravitatm
992 3924 1084 3990 auget,
1094 3933 1159 3972 nam
1168 3933 1276 3991 pauper

181 4014 288 4072 amisso
303 4012 422 4072 dimidio
435 4033 554 4072 nummo
568 4024 700 4092 argenteo
720 4015 856 4073 damnum
876 4029 959 4090 grave
973 4013 1085 4091 patitur,
1100 4013 1221 4087 ideoque
1235 4015 1277 4073 fu-

179 4131 245 4170 rans
259 4114 383 4190 graviter
396 4131 515 4188 peceare
529 4113 689 4173 censendus
709 4125 761 4172 est.
802 4111 965 4184 Aliquando
985 4112 1122 4190 contingit
1134 4123 1165 4172 ut
1177 4133 1206 4172 re
1220 4115 1276 4172 levi

179 4212 272 4269 ablata
285 4229 371 4288 grave
386 4213 491 4270 oriatur
500 4213 710 4282 detrimentum,
721 4212 877 4290 praesertim
890 4213 915 4269 si
929 4212 965 4269 it
972 4213 1189 4272 instrumentum
1201 4213 1277 4287 quod

179 4330 239 4369 non
253 4313 348 4388 possit
361 4310 445 4370 facile
459 4313 627 4390 comparari.
669 4313 748 4371 Hinc
762 4330 844 4370 acum
859 4313 959 4370 sartori
973 4313 1112 4390 surripere
1126 4313 1277 4385 aliquando

179 4423 224 4466 est
237 4411 332 4487 gravis
346 4410 440 4486 culpa,
456 4412 567 4472 scilicet
580 4413 604 4470 si
619 4412 690 4471 alius
704 4413 730 4470 ei
744 4411 826 4480 desit,
840 4431 892 4470 nec
908 4421 991 4484 queat
1011 4410 1093 4470 facile
1105 4413 1213 4470 haberi:
1235 4413 1277 4468 sic

273 4497 355 4558 Vor..
372 4499 484 4562 1.--13
