<?xml version="1.0" encoding="UTF-8"?>
<!DOCTYPE html PUBLIC "-//W3C//DTD XHTML 1.0 Transitional//EN"
    "http://www.w3.org/TR/xhtml1/DTD/xhtml1-transitional.dtd">
<html xmlns="http://www.w3.org/1999/xhtml" xml:lang="en" lang="en">
 <head>
  <title>
</title>
<meta http-equiv="Content-Type" content="text/html;charset=utf-8" />
  <meta name='ocr-system' content='tesseract 3.04.00' />
  <meta name='ocr-capabilities' content='ocr_page ocr_carea ocr_par ocr_line ocrx_word'/>
</head>
<body>
  <div class='ocr_page' id='page_1' title='image "./theologiaemoral03kenrgoog_0370.png"; bbox 0 0 3076 5260; ppageno 0'>
   <div class='ocr_carea' id='block_1_1' title="bbox 322 493 1262 558">
    <p class='ocr_par' dir='ltr' id='par_1_1' title="bbox 322 493 1262 558">
     <span class='ocr_line' id='line_1_1' title="bbox 322 493 1262 558; baseline 0.004 -6"><span class='ocrx_word' id='word_1_1' title='bbox 322 494 379 553; x_wconf 89' lang='lat' dir='ltr'>DE</span> <span class='ocrx_word' id='word_1_2' title='bbox 401 493 761 553; x_wconf 74' lang='lat' dir='ltr'>OBLlGATIONIBUS</span> <span class='ocrx_word' id='word_1_3' title='bbox 781 495 1114 558; x_wconf 85' lang='lat' dir='ltr'><strong>RELIGIOSORUM.</strong></span> <span class='ocrx_word' id='word_1_4' title='bbox 1206 503 1262 557; x_wconf 82' lang='grc'>351</span> 
     </span>
    </p>
   </div>
   <div class='ocr_carea' id='block_1_2' title="bbox 131 657 1272 2202">
    <p class='ocr_par' dir='ltr' id='par_1_2' title="bbox 176 657 1269 1528">
     <span class='ocr_line' id='line_1_2' title="bbox 177 657 1266 739; baseline 0.004 -23"><span class='ocrx_word' id='word_1_5' title='bbox 177 657 301 718; x_wconf 90' lang='lat' dir='ltr'>triduum</span> <span class='ocrx_word' id='word_1_6' title='bbox 315 658 414 726; x_wconf 89' lang='lat' dir='ltr'>defert,</span> <span class='ocrx_word' id='word_1_7' title='bbox 426 659 475 716; x_wconf 91' lang='lat' dir='ltr'>ubi</span> <span class='ocrx_word' id='word_1_8' title='bbox 489 659 513 716; x_wconf 90' lang='lat' dir='ltr'>is</span> <span class='ocrx_word' id='word_1_9' title='bbox 524 659 620 730; x_wconf 90' lang='lat' dir='ltr'>aliquo</span> <span class='ocrx_word' id='word_1_10' title='bbox 629 659 710 736; x_wconf 80' lang='lat' dir='ltr'>signo</span> <span class='ocrx_word' id='word_1_11' title='bbox 720 659 869 717; x_wconf 88' lang='lat' dir='ltr'>distinctus</span> <span class='ocrx_word' id='word_1_12' title='bbox 879 658 947 718; x_wconf 87' lang='lat' dir='ltr'>est.¹</span> <span class='ocrx_word' id='word_1_13' title='bbox 967 667 996 719; x_wconf 99' lang='grc'>2.</span> <span class='ocrx_word' id='word_1_14' title='bbox 1011 662 1124 735; x_wconf 91' lang='lat' dir='ltr'>quando</span> <span class='ocrx_word' id='word_1_15' title='bbox 1133 673 1266 739; x_wconf 87' lang='lat' dir='ltr'>suscepto</span> 
     </span>
     <span class='ocr_line' id='line_1_3' title="bbox 176 757 1264 836; baseline 0.004 -21"><span class='ocrx_word' id='word_1_16' title='bbox 176 759 223 815; x_wconf 91' lang='lat' dir='ltr'>tali</span> <span class='ocrx_word' id='word_1_17' title='bbox 236 757 333 816; x_wconf 90' lang='lat' dir='ltr'>habitu</span> <span class='ocrx_word' id='word_1_18' title='bbox 348 757 593 834; x_wconf 87' lang='lat' dir='ltr'>professiexercet</span> <span class='ocrx_word' id='word_1_19' title='bbox 603 759 662 834; x_wconf 89' lang='lat' dir='ltr'>jus,</span> <span class='ocrx_word' id='word_1_20' title='bbox 678 779 714 816; x_wconf 85' lang='lat' dir='ltr'>u:</span> <span class='ocrx_word' id='word_1_21' title='bbox 729 777 766 834; x_wconf 86' lang='lat' dir='ltr'>g:</span> <span class='ocrx_word' id='word_1_22' title='bbox 782 759 949 835; x_wconf 84' lang='lat' dir='ltr'>suffragium</span> <span class='ocrx_word' id='word_1_23' title='bbox 959 761 988 819; x_wconf 89' lang='lat' dir='ltr'>in</span> <span class='ocrx_word' id='word_1_24' title='bbox 1002 760 1124 836; x_wconf 88' lang='lat' dir='ltr'>capitulo</span> <span class='ocrx_word' id='word_1_25' title='bbox 1137 760 1264 820; x_wconf 87' lang='lat' dir='ltr'>ferendo.</span> 
     </span>
     <span class='ocr_line' id='line_1_4' title="bbox 178 856 1266 935; baseline 0.005 -21"><span class='ocrx_word' id='word_1_26' title='bbox 178 862 207 915; x_wconf 88' lang='lat'>3.</span> <span class='ocrx_word' id='word_1_27' title='bbox 229 858 254 914; x_wconf 87' lang='lat' dir='ltr'>si</span> <span class='ocrx_word' id='word_1_28' title='bbox 273 856 385 915; x_wconf 88' lang='lat' dir='ltr'>habitus</span> <span class='ocrx_word' id='word_1_29' title='bbox 412 857 605 933; x_wconf 88' lang='lat' dir='ltr'>professorum</span> <span class='ocrx_word' id='word_1_30' title='bbox 625 857 759 933; x_wconf 88' lang='lat' dir='ltr'>specialis</span> <span class='ocrx_word' id='word_1_31' title='bbox 778 877 835 916; x_wconf 91' lang='lat' dir='ltr'>non</span> <span class='ocrx_word' id='word_1_32' title='bbox 863 859 908 926; x_wconf 89' lang='lat' dir='ltr'>sit,</span> <span class='ocrx_word' id='word_1_33' title='bbox 932 860 981 932; x_wconf 90' lang='lat' dir='ltr'>qui</span> <span class='ocrx_word' id='word_1_34' title='bbox 1007 869 1074 935; x_wconf 88' lang='lat' dir='ltr'>post</span> <span class='ocrx_word' id='word_1_35' title='bbox 1092 861 1266 935; x_wconf 80' lang='lat' dir='ltr'>tyrocinium</span> 
     </span>
     <span class='ocr_line' id='line_1_5' title="bbox 178 954 1267 1035; baseline 0.004 -23"><span class='ocrx_word' id='word_1_36' title='bbox 178 975 284 1013; x_wconf 91' lang='lat' dir='ltr'>annum</span> <span class='ocrx_word' id='word_1_37' title='bbox 297 957 438 1032; x_wconf 88' lang='lat' dir='ltr'>integrum</span> <span class='ocrx_word' id='word_1_38' title='bbox 453 955 578 1014; x_wconf 90' lang='lat' dir='ltr'>habitum</span> <span class='ocrx_word' id='word_1_39' title='bbox 592 955 698 1016; x_wconf 78' lang='lat' dir='ltr'>ordinis</span> <span class='ocrx_word' id='word_1_40' title='bbox 712 956 810 1026; x_wconf 90' lang='lat' dir='ltr'>defert,</span> <span class='ocrx_word' id='word_1_41' title='bbox 827 967 957 1015; x_wconf 85' lang='lat' dir='ltr'>censetur</span> <span class='ocrx_word' id='word_1_42' title='bbox 975 954 1149 1035; x_wconf 81' lang='lat' dir='ltr'>professus.²</span> <span class='ocrx_word' id='word_1_43' title='bbox 1189 958 1267 1017; x_wconf 86' lang='lat' dir='ltr'>Reli-</span> 
     </span>
     <span class='ocr_line' id='line_1_6' title="bbox 179 1054 1267 1130; baseline 0.005 -18"><span class='ocrx_word' id='word_1_44' title='bbox 179 1055 252 1130; x_wconf 89' lang='lat' dir='ltr'>giosi</span> <span class='ocrx_word' id='word_1_45' title='bbox 265 1054 391 1112; x_wconf 90' lang='lat' dir='ltr'>habitum</span> <span class='ocrx_word' id='word_1_46' title='bbox 406 1056 562 1130; x_wconf 80' lang='lat' dir='ltr'><strong>specialem</strong></span> <span class='ocrx_word' id='word_1_47' title='bbox 577 1055 622 1111; x_wconf 89' lang='lat' dir='ltr'>sui</span> <span class='ocrx_word' id='word_1_48' title='bbox 636 1056 744 1115; x_wconf 87' lang='lat' dir='ltr'>ordinis</span> <span class='ocrx_word' id='word_1_49' title='bbox 758 1064 863 1113; x_wconf 91' lang='lat' dir='ltr'>temere</span> <span class='ocrx_word' id='word_1_50' title='bbox 882 1055 1046 1115; x_wconf 89' lang='lat' dir='ltr'>deserentes</span> <span class='ocrx_word' id='word_1_51' title='bbox 1059 1059 1089 1114; x_wconf 91' lang='lat' dir='ltr'>in</span> <span class='ocrx_word' id='word_1_52' title='bbox 1102 1076 1267 1117; x_wconf 87' lang='lat' dir='ltr'>excommu·</span> 
     </span>
     <span class='ocr_line' id='line_1_7' title="bbox 179 1147 1268 1231; baseline 0.005 -22"><span class='ocrx_word' id='word_1_53' title='bbox 179 1153 349 1212; x_wconf 80' lang='lat' dir='ltr'>cinationem</span> <span class='ocrx_word' id='word_1_54' title='bbox 371 1147 541 1212; x_wconf 79' lang='lat' dir='ltr'>incurrunt.³</span> <span class='ocrx_word' id='word_1_55' title='bbox 582 1152 725 1213; x_wconf 83' lang='lat' dir='ltr'>Caetemm</span> <span class='ocrx_word' id='word_1_56' title='bbox 746 1173 831 1212; x_wconf 89' lang='lat' dir='ltr'>nemo</span> <span class='ocrx_word' id='word_1_57' title='bbox 850 1156 943 1231; x_wconf 90' lang='lat' dir='ltr'>palam</span> <span class='ocrx_word' id='word_1_58' title='bbox 963 1155 1053 1213; x_wconf 87' lang='lat' dir='ltr'>defert</span> <span class='ocrx_word' id='word_1_59' title='bbox 1065 1156 1191 1214; x_wconf 89' lang='lat' dir='ltr'>habitum</span> <span class='ocrx_word' id='word_1_60' title='bbox 1203 1157 1268 1215; x_wconf 83' lang='lat' dir='ltr'>reli-</span> 
     </span>
     <span class='ocr_line' id='line_1_8' title="bbox 179 1252 1267 1329; baseline 0.003 -20"><span class='ocrx_word' id='word_1_61' title='bbox 179 1252 291 1328; x_wconf 85' lang='lat' dir='ltr'>giosum</span> <span class='ocrx_word' id='word_1_62' title='bbox 305 1254 334 1310; x_wconf 92' lang='lat' dir='ltr'>in</span> <span class='ocrx_word' id='word_1_63' title='bbox 355 1253 408 1310; x_wconf 87' lang='lat' dir='ltr'>hac</span> <span class='ocrx_word' id='word_1_64' title='bbox 428 1254 554 1329; x_wconf 81' lang='lat' dir='ltr'>regione,</span> <span class='ocrx_word' id='word_1_65' title='bbox 576 1256 705 1324; x_wconf 88' lang='lat' dir='ltr'>quamvis</span> <span class='ocrx_word' id='word_1_66' title='bbox 728 1253 923 1322; x_wconf 86' lang='lat' dir='ltr'>Dominicani,</span> <span class='ocrx_word' id='word_1_67' title='bbox 941 1256 958 1313; x_wconf 88' lang='lat' dir='ltr'>J</span> <span class='ocrx_word' id='word_1_68' title='bbox 962 1256 1067 1322; x_wconf 84' lang='lat' dir='ltr'>esuitae,</span> <span class='ocrx_word' id='word_1_69' title='bbox 1082 1256 1187 1328; x_wconf 88' lang='lat' dir='ltr'>aliique</span> <span class='ocrx_word' id='word_1_70' title='bbox 1201 1273 1267 1312; x_wconf 92' lang='lat' dir='ltr'>eum</span> 
     </span>
     <span class='ocr_line' id='line_1_9' title="bbox 180 1350 1269 1431; baseline 0.002 -23"><span class='ocrx_word' id='word_1_71' title='bbox 180 1350 260 1409; x_wconf 92' lang='lat' dir='ltr'>domi</span> <span class='ocrx_word' id='word_1_72' title='bbox 282 1351 417 1410; x_wconf 86' lang='lat' dir='ltr'>deferant.</span> <span class='ocrx_word' id='word_1_73' title='bbox 460 1352 591 1411; x_wconf 85' lang='lat' dir='ltr'>Moribus</span> <span class='ocrx_word' id='word_1_74' title='bbox 614 1352 699 1428; x_wconf 89' lang='lat' dir='ltr'>igitur</span> <span class='ocrx_word' id='word_1_75' title='bbox 719 1354 833 1419; x_wconf 89' lang='lat' dir='ltr'>nostris,</span> <span class='ocrx_word' id='word_1_76' title='bbox 854 1354 902 1426; x_wconf 89' lang='lat' dir='ltr'>qui</span> <span class='ocrx_word' id='word_1_77' title='bbox 922 1369 1016 1412; x_wconf 88' lang='lat' dir='ltr'>rerum</span> <span class='ocrx_word' id='word_1_78' title='bbox 1040 1353 1179 1431; x_wconf 87' lang='lat' dir='ltr'>adjunctis</span> <span class='ocrx_word' id='word_1_79' title='bbox 1203 1364 1269 1412; x_wconf 86' lang='lat' dir='ltr'>sunt</span> 
     </span>
     <span class='ocr_line' id='line_1_10' title="bbox 181 1450 881 1528; baseline 0.004 -22"><span class='ocrx_word' id='word_1_80' title='bbox 181 1450 395 1517; x_wconf 89' lang='lat' dir='ltr'>accommodati,</span> <span class='ocrx_word' id='word_1_81' title='bbox 410 1450 544 1528; x_wconf 85' lang='lat' dir='ltr'>obligatio</span> <span class='ocrx_word' id='word_1_82' title='bbox 557 1451 618 1508; x_wconf 86' lang='lat' dir='ltr'>haec</span> <span class='ocrx_word' id='word_1_83' title='bbox 633 1470 691 1509; x_wconf 89' lang='lat' dir='ltr'>non</span> <span class='ocrx_word' id='word_1_84' title='bbox 704 1461 747 1509; x_wconf 91' lang='lat' dir='ltr'>est</span> <span class='ocrx_word' id='word_1_85' title='bbox 760 1461 881 1526; x_wconf 87' lang='lat' dir='ltr'>recepta.</span> 
     </span>
    </p>

    <p class='ocr_par' dir='ltr' id='par_1_3' title="bbox 131 1548 1272 2202">
     <span class='ocr_line' id='line_1_11' title="bbox 222 1548 1270 1628; baseline 0 -21"><span class='ocrx_word' id='word_1_86' title='bbox 222 1554 270 1608; x_wconf 89' lang='grc'>53.</span> <span class='ocrx_word' id='word_1_87' title='bbox 293 1548 334 1607; x_wconf 92' lang='lat' dir='ltr'>Ut</span> <span class='ocrx_word' id='word_1_88' title='bbox 346 1551 496 1626; x_wconf 80' lang='lat' dir='ltr'>professio,</span> <span class='ocrx_word' id='word_1_89' title='bbox 511 1569 574 1624; x_wconf 82' lang='lat' dir='ltr'>quae</span> <span class='ocrx_word' id='word_1_90' title='bbox 588 1549 641 1607; x_wconf 88' lang='lat' dir='ltr'>fuit</span> <span class='ocrx_word' id='word_1_91' title='bbox 662 1551 750 1618; x_wconf 88' lang='lat' dir='ltr'>nulla,</span> <span class='ocrx_word' id='word_1_92' title='bbox 765 1551 855 1608; x_wconf 89' lang='lat' dir='ltr'>valeat</span> <span class='ocrx_word' id='word_1_93' title='bbox 876 1550 1021 1628; x_wconf 81' lang='lat' dir='ltr'>deinceps,</span> <span class='ocrx_word' id='word_1_94' title='bbox 1045 1570 1164 1609; x_wconf 85' lang='lat' dir='ltr'>necesse</span> <span class='ocrx_word' id='word_1_95' title='bbox 1184 1560 1270 1610; x_wconf 90' lang='lat' dir='ltr'>estut</span> 
     </span>
     <span class='ocr_line' id='line_1_12' title="bbox 182 1649 1269 1721; baseline 0.002 -15"><span class='ocrx_word' id='word_1_96' title='bbox 182 1650 246 1721; x_wconf 90' lang='lat' dir='ltr'>quis</span> <span class='ocrx_word' id='word_1_97' title='bbox 266 1649 360 1706; x_wconf 88' lang='lat' dir='ltr'>sciens</span> <span class='ocrx_word' id='word_1_98' title='bbox 381 1667 444 1706; x_wconf 93' lang='lat' dir='ltr'>eam</span> <span class='ocrx_word' id='word_1_99' title='bbox 465 1668 524 1708; x_wconf 91' lang='lat' dir='ltr'>non</span> <span class='ocrx_word' id='word_1_100' title='bbox 546 1649 680 1716; x_wconf 90' lang='lat' dir='ltr'>valuisse,</span> <span class='ocrx_word' id='word_1_101' title='bbox 700 1649 769 1708; x_wconf 82' lang='lat' dir='ltr'>velit</span> <span class='ocrx_word' id='word_1_102' title='bbox 788 1669 852 1708; x_wconf 91' lang='lat' dir='ltr'>eam</span> <span class='ocrx_word' id='word_1_103' title='bbox 872 1651 973 1708; x_wconf 89' lang='lat' dir='ltr'>iterum</span> <span class='ocrx_word' id='word_1_104' title='bbox 987 1652 1125 1717; x_wconf 81' lang='lat' dir='ltr'>emittere,</span> <span class='ocrx_word' id='word_1_105' title='bbox 1139 1660 1168 1706; x_wconf 91' lang='lat' dir='ltr'>et</span> <span class='ocrx_word' id='word_1_106' title='bbox 1180 1659 1269 1708; x_wconf 86' lang='lat' dir='ltr'>ratam</span> 
     </span>
     <span class='ocr_line' id='line_1_13' title="bbox 181 1747 1271 1821; baseline -0.001 -16"><span class='ocrx_word' id='word_1_107' title='bbox 181 1748 294 1806; x_wconf 89' lang='lat' dir='ltr'>habere.</span> <span class='ocrx_word' id='word_1_108' title='bbox 337 1747 423 1814; x_wconf 85' lang='lat' dir='ltr'>Quod</span> <span class='ocrx_word' id='word_1_109' title='bbox 443 1749 468 1806; x_wconf 92' lang='lat' dir='ltr'>si</span> <span class='ocrx_word' id='word_1_110' title='bbox 488 1750 553 1821; x_wconf 91' lang='lat' dir='ltr'>quis</span> <span class='ocrx_word' id='word_1_111' title='bbox 574 1749 705 1806; x_wconf 86' lang='lat' dir='ltr'>nesciens</span> <span class='ocrx_word' id='word_1_112' title='bbox 726 1748 832 1820; x_wconf 90' lang='lat' dir='ltr'>aliquid</span> <span class='ocrx_word' id='word_1_113' title='bbox 855 1748 997 1806; x_wconf 88' lang='lat' dir='ltr'>obstitisse</span> <span class='ocrx_word' id='word_1_114' title='bbox 1017 1768 1053 1807; x_wconf 92' lang='lat' dir='ltr'>ne</span> <span class='ocrx_word' id='word_1_115' title='bbox 1074 1748 1188 1816; x_wconf 86' lang='lat' dir='ltr'>valeret,</span> <span class='ocrx_word' id='word_1_116' title='bbox 1204 1748 1271 1806; x_wconf 89' lang='lat' dir='ltr'>velit</span> 
     </span>
     <span class='ocr_line' id='line_1_14' title="bbox 182 1845 1270 1923; baseline 0 -19"><span class='ocrx_word' id='word_1_117' title='bbox 182 1865 245 1905; x_wconf 89' lang='lat' dir='ltr'>eam</span> <span class='ocrx_word' id='word_1_118' title='bbox 258 1855 346 1905; x_wconf 88' lang='lat' dir='ltr'>ratam</span> <span class='ocrx_word' id='word_1_119' title='bbox 360 1846 472 1915; x_wconf 87' lang='lat' dir='ltr'>habere,</span> <span class='ocrx_word' id='word_1_120' title='bbox 487 1866 520 1904; x_wconf 89' lang='lat' dir='ltr'>ea</span> <span class='ocrx_word' id='word_1_121' title='bbox 533 1847 643 1923; x_wconf 90' lang='lat' dir='ltr'>adjecta</span> <span class='ocrx_word' id='word_1_122' title='bbox 655 1848 827 1916; x_wconf 91' lang='lat' dir='ltr'>conditione,</span> <span class='ocrx_word' id='word_1_123' title='bbox 851 1856 869 1882; x_wconf 85' lang='lat'>“</span> <span class='ocrx_word' id='word_1_124' title='bbox 878 1848 1007 1920; x_wconf 86' lang='lat' dir='ltr'>quamvis</span> <span class='ocrx_word' id='word_1_125' title='bbox 1021 1849 1056 1905; x_wconf 93' lang='lat' dir='ltr'>ob</span> <span class='ocrx_word' id='word_1_126' title='bbox 1077 1848 1204 1920; x_wconf 85' lang='lat' dir='ltr'>aliquem</span> <span class='ocrx_word' id='word_1_127' title='bbox 1223 1845 1270 1904; x_wconf 89' lang='lat' dir='ltr'>de·</span> 
     </span>
     <span class='ocr_line' id='line_1_15' title="bbox 182 1945 1270 2022; baseline 0 -19"><span class='ocrx_word' id='word_1_128' title='bbox 182 1945 285 2005; x_wconf 87' lang='lat' dir='ltr'>fectum</span> <span class='ocrx_word' id='word_1_129' title='bbox 305 1945 382 2004; x_wconf 92' lang='lat' dir='ltr'>haud</span> <span class='ocrx_word' id='word_1_130' title='bbox 405 1946 553 2013; x_wconf 91' lang='lat' dir='ltr'>valuerit,”</span> <span class='ocrx_word' id='word_1_131' title='bbox 567 1964 625 2003; x_wconf 89' lang='lat' dir='ltr'>non</span> <span class='ocrx_word' id='word_1_132' title='bbox 648 1946 713 2004; x_wconf 89' lang='lat' dir='ltr'>ideo</span> <span class='ocrx_word' id='word_1_133' title='bbox 736 1955 867 2022; x_wconf 87' lang='lat' dir='ltr'>putamus</span> <span class='ocrx_word' id='word_1_134' title='bbox 887 1964 950 2003; x_wconf 87' lang='lat' dir='ltr'>eam</span> <span class='ocrx_word' id='word_1_135' title='bbox 969 1955 1055 2004; x_wconf 89' lang='lat' dir='ltr'>ratam</span> <span class='ocrx_word' id='word_1_136' title='bbox 1069 1945 1227 2004; x_wconf 89' lang='lat' dir='ltr'>habendam</span> <span class='ocrx_word' id='word_1_137' title='bbox 1240 1946 1270 2004; x_wconf 87' lang='lat' dir='ltr'>in</span> 
     </span>
     <span class='ocr_line' id='line_1_16' title="bbox 131 2042 1272 2122; baseline 0.002 -22"><span class='ocrx_word' id='word_1_138' title='bbox 131 2089 134 2096; x_wconf 89' lang='lat'>.</span> <span class='ocrx_word' id='word_1_139' title='bbox 153 2071 155 2074; x_wconf 95' lang='lat'>·</span> <span class='ocrx_word' id='word_1_140' title='bbox 182 2043 242 2104; x_wconf 86' lang='lat' dir='ltr'>foro</span> <span class='ocrx_word' id='word_1_141' title='bbox 256 2057 385 2112; x_wconf 87' lang='lat' dir='ltr'>externo,</span> <span class='ocrx_word' id='word_1_142' title='bbox 394 2063 481 2117; x_wconf 92' lang='lat' dir='ltr'>quum</span> <span class='ocrx_word' id='word_1_143' title='bbox 491 2044 657 2122; x_wconf 87' lang='lat' dir='ltr'>hujusmodi</span> <span class='ocrx_word' id='word_1_144' title='bbox 667 2045 813 2103; x_wconf 88' lang='lat' dir='ltr'>ratificatio</span> <span class='ocrx_word' id='word_1_145' title='bbox 826 2064 862 2102; x_wconf 86' lang='lat' dir='ltr'>ex</span> <span class='ocrx_word' id='word_1_146' title='bbox 873 2062 965 2102; x_wconf 87' lang='lat' dir='ltr'>errore</span> <span class='ocrx_word' id='word_1_147' title='bbox 976 2045 1117 2120; x_wconf 86' lang='lat' dir='ltr'>proficisci</span> <span class='ocrx_word' id='word_1_148' title='bbox 1130 2042 1272 2102; x_wconf 87' lang='lat' dir='ltr'>censenda</span> 
     </span>
     <span class='ocr_line' id='line_1_17' title="bbox 184 2145 228 2202; baseline 0.023 -1"><span class='ocrx_word' id='word_1_149' title='bbox 184 2145 228 2202; x_wconf 86' lang='lat' dir='ltr'>sit.</span> 
     </span>
    </p>
   </div>
   <div class='ocr_carea' id='block_1_3' title="bbox 183 2243 1271 2617">
    <p class='ocr_par' dir='ltr' id='par_1_4' title="bbox 183 2243 1271 2617">
     <span class='ocr_line' id='line_1_18' title="bbox 222 2243 1271 2320; baseline -0.003 -18"><span class='ocrx_word' id='word_1_150' title='bbox 222 2248 270 2302; x_wconf 85' lang='grc'>54.</span> <span class='ocrx_word' id='word_1_151' title='bbox 293 2244 477 2302; x_wconf 88' lang='lat' dir='ltr'>Professionc</span> <span class='ocrx_word' id='word_1_152' title='bbox 491 2245 612 2303; x_wconf 86' lang='lat' dir='ltr'>solemni</span> <span class='ocrx_word' id='word_1_153' title='bbox 626 2247 743 2312; x_wconf 88' lang='lat' dir='ltr'>emissa,</span> <span class='ocrx_word' id='word_1_154' title='bbox 759 2256 823 2304; x_wconf 90' lang='lat' dir='ltr'>vota</span> <span class='ocrx_word' id='word_1_155' title='bbox 835 2243 976 2320; x_wconf 90' lang='lat' dir='ltr'>simplicia</span> <span class='ocrx_word' id='word_1_156' title='bbox 989 2253 1070 2300; x_wconf 89' lang='lat' dir='ltr'>antea</span> <span class='ocrx_word' id='word_1_157' title='bbox 1082 2243 1165 2310; x_wconf 88' lang='lat' dir='ltr'>facta,</span> <span class='ocrx_word' id='word_1_158' title='bbox 1179 2243 1271 2300; x_wconf 87' lang='lat' dir='ltr'>extin-</span> 
     </span>
     <span class='ocr_line' id='line_1_19' title="bbox 183 2341 1269 2418; baseline -0.002 -18"><span class='ocrx_word' id='word_1_159' title='bbox 183 2345 231 2418; x_wconf 91' lang='lat' dir='ltr'>gui</span> <span class='ocrx_word' id='word_1_160' title='bbox 243 2353 405 2411; x_wconf 76' lang='lat' dir='ltr'>censentur,</span> <span class='ocrx_word' id='word_1_161' title='bbox 419 2363 486 2401; x_wconf 91' lang='lat' dir='ltr'>nam</span> <span class='ocrx_word' id='word_1_162' title='bbox 501 2345 623 2402; x_wconf 86' lang='lat' dir='ltr'>“omnia</span> <span class='ocrx_word' id='word_1_163' title='bbox 636 2345 690 2402; x_wconf 92' lang='lat' dir='ltr'>alia</span> <span class='ocrx_word' id='word_1_164' title='bbox 703 2352 768 2401; x_wconf 90' lang='lat' dir='ltr'>vota</span> <span class='ocrx_word' id='word_1_165' title='bbox 780 2353 846 2402; x_wconf 89' lang='lat' dir='ltr'>sunt</span> <span class='ocrx_word' id='word_1_166' title='bbox 859 2341 1047 2415; x_wconf 88' lang='lat' dir='ltr'>quorumdam</span> <span class='ocrx_word' id='word_1_167' title='bbox 1061 2342 1269 2418; x_wconf 85' lang='lat' dir='ltr'>particularium</span> 
     </span>
     <span class='ocr_line' id='line_1_20' title="bbox 183 2440 1270 2518; baseline 0 -20"><span class='ocrx_word' id='word_1_168' title='bbox 183 2461 310 2517; x_wconf 89' lang='lat' dir='ltr'>operum,</span> <span class='ocrx_word' id='word_1_169' title='bbox 325 2443 376 2500; x_wconf 79' lang='lat' dir='ltr'>aed</span> <span class='ocrx_word' id='word_1_170' title='bbox 388 2460 441 2518; x_wconf 88' lang='lat' dir='ltr'>per</span> <span class='ocrx_word' id='word_1_171' title='bbox 453 2442 620 2518; x_wconf 85' lang='lat' dir='ltr'>religionem</span> <span class='ocrx_word' id='word_1_172' title='bbox 634 2443 722 2500; x_wconf 92' lang='lat' dir='ltr'>homo</span> <span class='ocrx_word' id='word_1_173' title='bbox 741 2453 828 2501; x_wconf 90' lang='lat' dir='ltr'>totam</span> <span class='ocrx_word' id='word_1_174' title='bbox 848 2442 935 2501; x_wconf 85' lang='lat' dir='ltr'>vitam</span> <span class='ocrx_word' id='word_1_175' title='bbox 955 2459 1037 2499; x_wconf 90' lang='lat' dir='ltr'>suam</span> <span class='ocrx_word' id='word_1_176' title='bbox 1057 2441 1113 2498; x_wconf 91' lang='lat' dir='ltr'>Dei</span> <span class='ocrx_word' id='word_1_177' title='bbox 1134 2440 1270 2513; x_wconf 89' lang='lat' dir='ltr'>obsequio</span> 
     </span>
     <span class='ocr_line' id='line_1_21' title="bbox 184 2537 893 2617; baseline 0.004 -21"><span class='ocrx_word' id='word_1_178' title='bbox 184 2537 345 2617; x_wconf 82' lang='lat' dir='ltr'>deputat.”⁴</span> <span class='ocrx_word' id='word_1_179' title='bbox 386 2541 459 2598; x_wconf 88' lang='lat' dir='ltr'>Haec</span> <span class='ocrx_word' id='word_1_180' title='bbox 471 2541 541 2598; x_wconf 89' lang='lat' dir='ltr'>ratio</span> <span class='ocrx_word' id='word_1_181' title='bbox 555 2561 571 2598; x_wconf 88' lang='lat' dir='ltr'>a</span> <span class='ocrx_word' id='word_1_182' title='bbox 584 2541 623 2597; x_wconf 91' lang='lat' dir='ltr'>D.</span> <span class='ocrx_word' id='word_1_183' title='bbox 638 2541 755 2598; x_wconf 85' lang='lat' dir='ltr'>Thoma</span> <span class='ocrx_word' id='word_1_184' title='bbox 768 2541 893 2599; x_wconf 85' lang='lat' dir='ltr'>traditur.</span> 
     </span>
    </p>
   </div>
   <div class='ocr_carea' id='block_1_4' title="bbox 184 2636 1280 4000">
    <p class='ocr_par' dir='ltr' id='par_1_5' title="bbox 184 2636 1274 2992">
     <span class='ocr_line' id='line_1_22' title="bbox 224 2636 1273 2716; baseline -0.003 -20"><span class='ocrx_word' id='word_1_185' title='bbox 224 2644 273 2696; x_wconf 92' lang='grc'>55.</span> <span class='ocrx_word' id='word_1_186' title='bbox 300 2639 452 2696; x_wconf 80' lang='lat' dir='ltr'>Professus</span> <span class='ocrx_word' id='word_1_187' title='bbox 474 2637 511 2694; x_wconf 89' lang='lat' dir='ltr'>ad</span> <span class='ocrx_word' id='word_1_188' title='bbox 535 2639 738 2716; x_wconf 88' lang='lat' dir='ltr'>perfectionem</span> <span class='ocrx_word' id='word_1_189' title='bbox 766 2639 879 2696; x_wconf 86' lang='lat' dir='ltr'>tendere</span> <span class='ocrx_word' id='word_1_190' title='bbox 905 2638 998 2706; x_wconf 87' lang='lat' dir='ltr'>debet,</span> <span class='ocrx_word' id='word_1_191' title='bbox 1025 2655 1092 2695; x_wconf 89' lang='lat' dir='ltr'>nam</span> <span class='ocrx_word' id='word_1_192' title='bbox 1120 2637 1198 2694; x_wconf 89' lang='lat' dir='ltr'>“ille</span> <span class='ocrx_word' id='word_1_193' title='bbox 1225 2636 1273 2708; x_wconf 89' lang='lat' dir='ltr'>qui</span> 
     </span>
     <span class='ocr_line' id='line_1_23' title="bbox 185 2734 1272 2814; baseline -0.004 -20"><span class='ocrx_word' id='word_1_194' title='bbox 185 2745 289 2794; x_wconf 91' lang='lat' dir='ltr'>statum</span> <span class='ocrx_word' id='word_1_195' title='bbox 307 2737 451 2814; x_wconf 87' lang='lat' dir='ltr'>religionis</span> <span class='ocrx_word' id='word_1_196' title='bbox 475 2738 602 2804; x_wconf 86' lang='lat' dir='ltr'>assumit,</span> <span class='ocrx_word' id='word_1_197' title='bbox 617 2756 674 2795; x_wconf 88' lang='lat' dir='ltr'>non</span> <span class='ocrx_word' id='word_1_198' title='bbox 698 2745 808 2794; x_wconf 89' lang='lat' dir='ltr'>tenetur</span> <span class='ocrx_word' id='word_1_199' title='bbox 829 2737 932 2794; x_wconf 89' lang='lat' dir='ltr'>habere</span> <span class='ocrx_word' id='word_1_200' title='bbox 952 2734 1104 2812; x_wconf 85' lang='lat' dir='ltr'>perfectam</span> <span class='ocrx_word' id='word_1_201' title='bbox 1118 2735 1272 2801; x_wconf 89' lang='lat' dir='ltr'>caritatem,</span> 
     </span>
     <span class='ocr_line' id='line_1_24' title="bbox 185 2833 1274 2912; baseline -0.003 -21"><span class='ocrx_word' id='word_1_202' title='bbox 185 2834 237 2892; x_wconf 88' lang='lat' dir='ltr'>sed</span> <span class='ocrx_word' id='word_1_203' title='bbox 251 2844 359 2892; x_wconf 84' lang='lat' dir='ltr'>tenetur</span> <span class='ocrx_word' id='word_1_204' title='bbox 371 2836 406 2893; x_wconf 91' lang='lat' dir='ltr'>ad</span> <span class='ocrx_word' id='word_1_205' title='bbox 419 2837 474 2895; x_wconf 89' lang='lat' dir='ltr'>hoc</span> <span class='ocrx_word' id='word_1_206' title='bbox 487 2836 612 2903; x_wconf 82' lang='lat' dir='ltr'>tendere,</span> <span class='ocrx_word' id='word_1_207' title='bbox 626 2846 655 2893; x_wconf 89' lang='lat' dir='ltr'>et</span> <span class='ocrx_word' id='word_1_208' title='bbox 667 2853 785 2912; x_wconf 89' lang='lat' dir='ltr'>operam</span> <span class='ocrx_word' id='word_1_209' title='bbox 799 2835 877 2903; x_wconf 92' lang='lat' dir='ltr'>dare,</span> <span class='ocrx_word' id='word_1_210' title='bbox 891 2844 924 2892; x_wconf 89' lang='lat' dir='ltr'>ut</span> <span class='ocrx_word' id='word_1_211' title='bbox 936 2835 1037 2892; x_wconf 89' lang='lat' dir='ltr'>habeat</span> <span class='ocrx_word' id='word_1_212' title='bbox 1052 2833 1197 2890; x_wconf 88' lang='lat' dir='ltr'>caritatem</span> <span class='ocrx_word' id='word_1_213' title='bbox 1210 2849 1274 2907; x_wconf 90' lang='lat' dir='ltr'>per·</span> 
     </span>
     <span class='ocr_line' id='line_1_25' title="bbox 184 2929 338 2992; baseline 0 -2"><span class='ocrx_word' id='word_1_214' title='bbox 184 2929 338 2992; x_wconf 80' lang='lat' dir='ltr'>fectam.”⁵</span> 
     </span>
    </p>

    <p class='ocr_par' dir='ltr' id='par_1_6' title="bbox 187 3028 1280 4000">
     <span class='ocr_line' id='line_1_26' title="bbox 225 3028 1276 3110; baseline -0.007 -18"><span class='ocrx_word' id='word_1_215' title='bbox 225 3038 275 3092; x_wconf 87' lang='grc'>56.</span> <span class='ocrx_word' id='word_1_216' title='bbox 297 3033 342 3091; x_wconf 91' lang='lat' dir='ltr'>De</span> <span class='ocrx_word' id='word_1_217' title='bbox 365 3043 501 3110; x_wconf 86' lang='lat' dir='ltr'>potestate</span> <span class='ocrx_word' id='word_1_218' title='bbox 515 3034 660 3108; x_wconf 85' lang='lat' dir='ltr'>pontificia</span> <span class='ocrx_word' id='word_1_219' title='bbox 680 3035 709 3091; x_wconf 90' lang='lat' dir='ltr'>in</span> <span class='ocrx_word' id='word_1_220' title='bbox 731 3036 804 3092; x_wconf 88' lang='lat' dir='ltr'>votis</span> <span class='ocrx_word' id='word_1_221' title='bbox 827 3033 1002 3092; x_wconf 79' lang='lat' dir='ltr'>solemnibus</span> <span class='ocrx_word' id='word_1_222' title='bbox 1025 3028 1208 3106; x_wconf 87' lang='lat' dir='ltr'>dispensandi</span> <span class='ocrx_word' id='word_1_223' title='bbox 1228 3028 1276 3086; x_wconf 86' lang='lat' dir='ltr'>sli-</span> 
     </span>
     <span class='ocr_line' id='line_1_27' title="bbox 187 3127 1276 3208; baseline -0.006 -17"><span class='ocrx_word' id='word_1_224' title='bbox 187 3133 300 3204; x_wconf 92' lang='lat' dir='ltr'>quando</span> <span class='ocrx_word' id='word_1_225' title='bbox 323 3131 495 3208; x_wconf 87' lang='lat' dir='ltr'>disputatum</span> <span class='ocrx_word' id='word_1_226' title='bbox 515 3142 568 3188; x_wconf 81' lang='lat' dir='ltr'>est.</span> <span class='ocrx_word' id='word_1_227' title='bbox 610 3133 648 3191; x_wconf 90' lang='lat' dir='ltr'>D.</span> <span class='ocrx_word' id='word_1_228' title='bbox 671 3133 811 3201; x_wconf 88' lang='lat' dir='ltr'>Thomas,</span> <span class='ocrx_word' id='word_1_229' title='bbox 833 3133 992 3191; x_wconf 88' lang='lat' dir='ltr'>Innocentii</span> <span class='ocrx_word' id='word_1_230' title='bbox 1014 3129 1069 3188; x_wconf 93' lang='lat' dir='ltr'>Ill.</span> <span class='ocrx_word' id='word_1_231' title='bbox 1091 3128 1222 3187; x_wconf 87' lang='lat' dir='ltr'>decretali</span> <span class='ocrx_word' id='word_1_232' title='bbox 1235 3127 1276 3185; x_wconf 82' lang='lat' dir='ltr'>in·</span> 
     </span>
     <span class='ocr_line' id='line_1_28' title="bbox 187 3227 1276 3307; baseline -0.004 -19"><span class='ocrx_word' id='word_1_233' title='bbox 187 3232 282 3299; x_wconf 83' lang='lat' dir='ltr'>nixus,</span> <span class='ocrx_word' id='word_1_234' title='bbox 296 3231 383 3290; x_wconf 83' lang='lat' dir='ltr'>dicit:</span> <span class='ocrx_word' id='word_1_235' title='bbox 406 3239 425 3266; x_wconf 91' lang='grc'>“</span> <span class='ocrx_word' id='word_1_236' title='bbox 435 3232 464 3288; x_wconf 88' lang='grc'>15</span> <span class='ocrx_word' id='word_1_237' title='bbox 477 3239 544 3288; x_wconf 91' lang='lat' dir='ltr'>voto</span> <span class='ocrx_word' id='word_1_238' title='bbox 561 3229 748 3290; x_wconf 87' lang='lat' dir='ltr'>solemnizato</span> <span class='ocrx_word' id='word_1_239' title='bbox 762 3250 813 3307; x_wconf 90' lang='lat' dir='ltr'>per</span> <span class='ocrx_word' id='word_1_240' title='bbox 826 3231 1033 3306; x_wconf 85' lang='lat' dir='ltr'>professionem</span> <span class='ocrx_word' id='word_1_241' title='bbox 1047 3227 1203 3302; x_wconf 89' lang='lat' dir='ltr'>religionis,</span> <span class='ocrx_word' id='word_1_242' title='bbox 1218 3243 1276 3284; x_wconf 90' lang='lat' dir='ltr'>non</span> 
     </span>
     <span class='ocr_line' id='line_1_29' title="bbox 188 3323 1277 3406; baseline -0.008 -18"><span class='ocrx_word' id='word_1_243' title='bbox 188 3341 283 3406; x_wconf 87' lang='lat' dir='ltr'>potest</span> <span class='ocrx_word' id='word_1_244' title='bbox 304 3349 355 3406; x_wconf 90' lang='lat' dir='ltr'>per</span> <span class='ocrx_word' id='word_1_245' title='bbox 380 3330 555 3404; x_wconf 81' lang='lat' dir='ltr'>Ecclesiam¹</span> <span class='ocrx_word' id='word_1_246' title='bbox 568 3323 776 3405; x_wconf 84' lang='lat' dir='ltr'>dispensari.”⁶</span> <span class='ocrx_word' id='word_1_247' title='bbox 816 3329 960 3386; x_wconf 79' lang='lat' dir='ltr'>Caeterum</span> <span class='ocrx_word' id='word_1_248' title='bbox 987 3325 1131 3382; x_wconf 85' lang='lat' dir='ltr'>affirmans</span> <span class='ocrx_word' id='word_1_249' title='bbox 1157 3324 1277 3381; x_wconf 88' lang='lat' dir='ltr'>obtinuit</span> 
     </span>
     <span class='ocr_line' id='line_1_30' title="bbox 187 3420 1276 3504; baseline -0.008 -18"><span class='ocrx_word' id='word_1_250' title='bbox 187 3431 337 3496; x_wconf 87' lang='lat' dir='ltr'>sententia,</span> <span class='ocrx_word' id='word_1_251' title='bbox 364 3429 491 3504; x_wconf 89' lang='lat' dir='ltr'>pluribus</span> <span class='ocrx_word' id='word_1_252' title='bbox 524 3428 698 3487; x_wconf 88' lang='lat' dir='ltr'>Pontificum</span> <span class='ocrx_word' id='word_1_253' title='bbox 731 3429 872 3504; x_wconf 84' lang='lat' dir='ltr'>exemplis</span> <span class='ocrx_word' id='word_1_254' title='bbox 898 3424 1089 3501; x_wconf 89' lang='lat' dir='ltr'>comprobata.</span> <span class='ocrx_word' id='word_1_255' title='bbox 1131 3420 1276 3494; x_wconf 88' lang='lat' dir='ltr'>Equidem</span> 
     </span>
     <span class='ocr_line' id='line_1_31' title="bbox 188 3520 1278 3593; baseline -0.007 -9"><span class='ocrx_word' id='word_1_256' title='bbox 188 3538 317 3587; x_wconf 86' lang='lat' dir='ltr'>votorum</span> <span class='ocrx_word' id='word_1_257' title='bbox 331 3527 495 3585; x_wconf 89' lang='lat' dir='ltr'>solemnitas</span> <span class='ocrx_word' id='word_1_258' title='bbox 509 3543 609 3584; x_wconf 89' lang='lat' dir='ltr'>eorum</span> <span class='ocrx_word' id='word_1_259' title='bbox 622 3537 749 3586; x_wconf 87' lang='lat' dir='ltr'>naturam</span> <span class='ocrx_word' id='word_1_260' title='bbox 763 3546 821 3585; x_wconf 91' lang='lat' dir='ltr'>non</span> <span class='ocrx_word' id='word_1_261' title='bbox 835 3535 933 3592; x_wconf 91' lang='lat' dir='ltr'>mutat,</span> <span class='ocrx_word' id='word_1_262' title='bbox 948 3523 999 3582; x_wconf 88' lang='lat' dir='ltr'>sed</span> <span class='ocrx_word' id='word_1_263' title='bbox 1018 3522 1076 3579; x_wconf 89' lang='lat' dir='ltr'>vim</span> <span class='ocrx_word' id='word_1_264' title='bbox 1091 3520 1234 3593; x_wconf 92' lang='lat' dir='ltr'>quandam</span> <span class='ocrx_word' id='word_1_265' title='bbox 1249 3521 1278 3577; x_wconf 91' lang='lat' dir='ltr'>in</span> 
     </span>
     <span class='ocr_line' id='line_1_32' title="bbox 188 3617 1280 3701; baseline -0.007 -18"><span class='ocrx_word' id='word_1_266' title='bbox 188 3626 249 3684; x_wconf 89' lang='lat' dir='ltr'>foro</span> <span class='ocrx_word' id='word_1_267' title='bbox 264 3637 380 3685; x_wconf 86' lang='lat' dir='ltr'>externo</span> <span class='ocrx_word' id='word_1_268' title='bbox 395 3627 430 3683; x_wconf 90' lang='lat' dir='ltr'>iis</span> <span class='ocrx_word' id='word_1_269' title='bbox 452 3627 547 3684; x_wconf 89' lang='lat' dir='ltr'>tribuit</span> <span class='ocrx_word' id='word_1_270' title='bbox 569 3644 606 3683; x_wconf 86' lang='lat' dir='ltr'>ex</span> <span class='ocrx_word' id='word_1_271' title='bbox 626 3626 767 3684; x_wconf 72' lang='lat' dir='ltr'>Ecclesia</span> <span class='ocrx_word' id='word_1_272' title='bbox 788 3624 988 3701; x_wconf 89' lang='lat' dir='ltr'>acceptatione,</span> <span class='ocrx_word' id='word_1_273' title='bbox 1010 3621 1079 3694; x_wconf 92' lang='lat' dir='ltr'>quin</span> <span class='ocrx_word' id='word_1_274' title='bbox 1099 3620 1182 3678; x_wconf 91' lang='lat' dir='ltr'>faciat</span> <span class='ocrx_word' id='word_1_275' title='bbox 1202 3617 1280 3690; x_wconf 90' lang='lat' dir='ltr'>quod</span> 
     </span>
     <span class='ocr_line' id='line_1_33' title="bbox 189 3718 1279 3798; baseline -0.009 -16"><span class='ocrx_word' id='word_1_276' title='bbox 189 3736 332 3798; x_wconf 88' lang='lat' dir='ltr'>nequeant</span> <span class='ocrx_word' id='word_1_277' title='bbox 343 3721 473 3783; x_wconf 75' lang='lat' dir='ltr'>&#39;relaxari</span> <span class='ocrx_word' id='word_1_278' title='bbox 516 3725 600 3791; x_wconf 85' lang='lat' dir='ltr'>Quod</span> <span class='ocrx_word' id='word_1_279' title='bbox 615 3734 707 3783; x_wconf 90' lang='lat' dir='ltr'>autem</span> <span class='ocrx_word' id='word_1_280' title='bbox 722 3724 904 3782; x_wconf 88' lang='lat' dir='ltr'>Innocentius</span> <span class='ocrx_word' id='word_1_281' title='bbox 918 3722 973 3780; x_wconf 96' lang='grc' dir='ltr'><strong>ΙΙΙ.</strong></span> <span class='ocrx_word' id='word_1_282' title='bbox 988 3723 1017 3779; x_wconf 86' lang='grc'>15</span> <span class='ocrx_word' id='word_1_283' title='bbox 1031 3720 1153 3778; x_wconf 82' lang='grc'><strong>55551115</strong></span> <span class='ocrx_word' id='word_1_284' title='bbox 1167 3718 1279 3776; x_wconf 87' lang='lat' dir='ltr'>Latera·</span> 
     </span>
     <span class='ocr_line' id='line_1_34' title="bbox 190 3816 1278 3900; baseline -0.008 -19"><span class='ocrx_word' id='word_1_285' title='bbox 190 3827 272 3884; x_wconf 89' lang='lat' dir='ltr'>nensi</span> <span class='ocrx_word' id='word_1_286' title='bbox 286 3825 340 3884; x_wconf 87' lang='lat' dir='ltr'>IV.</span> <span class='ocrx_word' id='word_1_287' title='bbox 355 3824 428 3882; x_wconf 85' lang='lat' dir='ltr'>dixit</span> <span class='ocrx_word' id='word_1_288' title='bbox 449 3825 601 3882; x_wconf 83' lang='lat' dir='ltr'>Summum</span> <span class='ocrx_word' id='word_1_289' title='bbox 622 3824 793 3884; x_wconf 81' lang='lat' dir='ltr'>Pontificem</span> <span class='ocrx_word' id='word_1_290' title='bbox 806 3842 863 3882; x_wconf 88' lang='lat' dir='ltr'>non</span> <span class='ocrx_word' id='word_1_291' title='bbox 877 3841 963 3900; x_wconf 86' lang='lat' dir='ltr'>posse</span> <span class='ocrx_word' id='word_1_292' title='bbox 975 3821 1119 3878; x_wconf 86' lang='lat' dir='ltr'>licentiam</span> <span class='ocrx_word' id='word_1_293' title='bbox 1133 3816 1278 3894; x_wconf 82' lang='lat' dir='ltr'>indulgere</span> 
     </span>
     <span class='ocr_line' id='line_1_35' title="bbox 187 3914 1276 4000; baseline -0.007 -20"><span class='ocrx_word' id='word_1_294' title='bbox 187 3924 316 3998; x_wconf 89' lang='lat' dir='ltr'>professo</span> <span class='ocrx_word' id='word_1_295' title='bbox 336 3924 535 4000; x_wconf 87' lang='lat' dir='ltr'>proprietatem</span> <span class='ocrx_word' id='word_1_296' title='bbox 555 3941 650 3980; x_wconf 90' lang='lat' dir='ltr'>rerum</span> <span class='ocrx_word' id='word_1_297' title='bbox 669 3921 803 3992; x_wconf 88' lang='lat' dir='ltr'>habendi,</span> <span class='ocrx_word' id='word_1_298' title='bbox 824 3923 869 3980; x_wconf 90' lang='lat' dir='ltr'>vel</span> <span class='ocrx_word' id='word_1_299' title='bbox 889 3920 1021 3979; x_wconf 86' lang='lat' dir='ltr'>eastitatis</span> <span class='ocrx_word' id='word_1_300' title='bbox 1042 3914 1192 3976; x_wconf 88' lang='lat' dir='ltr'>deserendi</span> <span class='ocrx_word' id='word_1_301' title='bbox 1212 3933 1276 3991; x_wconf 89' lang='lat' dir='ltr'>pro·</span> 
     </span>
    </p>
   </div>
   <div class='ocr_carea' id='block_1_5' title="bbox 222 4079 1176 4487">
    <p class='ocr_par' dir='ltr' id='par_1_7' title="bbox 225 4079 591 4146">
     <span class='ocr_line' id='line_1_36' title="bbox 225 4079 591 4146; baseline -0.016 -14"><span class='ocrx_word' id='word_1_302' title='bbox 225 4083 267 4146; x_wconf 89' lang='grc'>(1)</span> <span class='ocrx_word' id='word_1_303' title='bbox 283 4079 345 4144; x_wconf 82' lang='lat' dir='ltr'>Cap.</span> <span class='ocrx_word' id='word_1_304' title='bbox 356 4081 390 4130; x_wconf 86' lang='lat' dir='ltr'>iii.</span> <span class='ocrx_word' id='word_1_305' title='bbox 400 4081 430 4128; x_wconf 90' lang='lat' dir='ltr'>de</span> <span class='ocrx_word' id='word_1_306' title='bbox 441 4081 516 4141; x_wconf 86' lang='lat' dir='ltr'>regul.</span> <span class='ocrx_word' id='word_1_307' title='bbox 529 4079 554 4128; x_wconf 91' lang='lat' dir='ltr'>in</span> <span class='ocrx_word' id='word_1_308' title='bbox 569 4079 591 4126; x_wconf 80' lang='grc'>6.</span> 
     </span>
    </p>

    <p class='ocr_par' dir='ltr' id='par_1_8' title="bbox 222 4161 915 4230">
     <span class='ocr_line' id='line_1_37' title="bbox 222 4161 915 4230; baseline -0.007 -16"><span class='ocrx_word' id='word_1_309' title='bbox 222 4167 263 4230; x_wconf 78' lang='grc'>(2)</span> <span class='ocrx_word' id='word_1_310' title='bbox 283 4165 345 4229; x_wconf 87' lang='lat' dir='ltr'>Cap.</span> <span class='ocrx_word' id='word_1_311' title='bbox 359 4164 382 4212; x_wconf 92' lang='lat' dir='ltr'>ii.</span> <span class='ocrx_word' id='word_1_312' title='bbox 393 4164 424 4213; x_wconf 89' lang='lat' dir='ltr'>de</span> <span class='ocrx_word' id='word_1_313' title='bbox 436 4167 511 4226; x_wconf 86' lang='lat' dir='ltr'>regul.</span> <span class='ocrx_word' id='word_1_314' title='bbox 521 4163 546 4212; x_wconf 90' lang='lat' dir='ltr'>in</span> <span class='ocrx_word' id='word_1_315' title='bbox 559 4166 583 4220; x_wconf 87' lang='lat'>6,</span> <span class='ocrx_word' id='word_1_316' title='bbox 592 4176 617 4213; x_wconf 85' lang='lat' dir='ltr'>et</span> <span class='ocrx_word' id='word_1_317' title='bbox 628 4162 749 4212; x_wconf 77' lang='lat' dir='ltr'>clement.</span> <span class='ocrx_word' id='word_1_318' title='bbox 762 4163 786 4211; x_wconf 90' lang='lat' dir='ltr'>ii.</span> <span class='ocrx_word' id='word_1_319' title='bbox 798 4163 827 4211; x_wconf 89' lang='lat' dir='ltr'>de</span> <span class='ocrx_word' id='word_1_320' title='bbox 840 4161 915 4223; x_wconf 87' lang='lat' dir='ltr'>regul.</span> 
     </span>
    </p>

    <p class='ocr_par' dir='ltr' id='par_1_9' title="bbox 223 4247 784 4315">
     <span class='ocr_line' id='line_1_38' title="bbox 223 4247 784 4315; baseline -0.007 -17"><span class='ocrx_word' id='word_1_321' title='bbox 223 4251 265 4315; x_wconf 79' lang='lat'>(³)</span> <span class='ocrx_word' id='word_1_322' title='bbox 285 4248 379 4314; x_wconf 79' lang='lat' dir='ltr'>capii</span> <span class='ocrx_word' id='word_1_323' title='bbox 398 4249 440 4299; x_wconf 89' lang='lat' dir='ltr'>Ne</span> <span class='ocrx_word' id='word_1_324' title='bbox 452 4250 532 4298; x_wconf 87' lang='lat' dir='ltr'>clerici</span> <span class='ocrx_word' id='word_1_325' title='bbox 546 4250 583 4298; x_wconf 85' lang='lat' dir='ltr'>vel</span> <span class='ocrx_word' id='word_1_326' title='bbox 594 4247 711 4298; x_wconf 85' lang='lat' dir='ltr'>monachi</span> <span class='ocrx_word' id='word_1_327' title='bbox 722 4249 747 4296; x_wconf 93' lang='lat' dir='ltr'>in</span> <span class='ocrx_word' id='word_1_328' title='bbox 760 4249 784 4294; x_wconf 89' lang='grc'>6.</span> 
     </span>
    </p>

    <p class='ocr_par' dir='ltr' id='par_1_10' title="bbox 226 4326 1176 4487">
     <span class='ocr_line' id='line_1_39' title="bbox 226 4326 1176 4401; baseline -0.006 -19"><span class='ocrx_word' id='word_1_329' title='bbox 226 4337 269 4401; x_wconf 87' lang='grc'>(4)</span> <span class='ocrx_word' id='word_1_330' title='bbox 288 4339 312 4386; x_wconf 84' lang='grc'>2.</span> <span class='ocrx_word' id='word_1_331' title='bbox 322 4333 346 4385; x_wconf 78' lang='grc'>2.</span> <span class='ocrx_word' id='word_1_332' title='bbox 358 4351 399 4399; x_wconf 89' lang='lat' dir='ltr'>qu.</span> <span class='ocrx_word' id='word_1_333' title='bbox 411 4335 522 4384; x_wconf 81' lang='lat' dir='ltr'>lxxxviii.</span> <span class='ocrx_word' id='word_1_334' title='bbox 531 4343 573 4384; x_wconf 86' lang='lat' dir='ltr'>art.</span> <span class='ocrx_word' id='word_1_335' title='bbox 586 4335 627 4384; x_wconf 91' lang='lat' dir='ltr'>xii.</span> <span class='ocrx_word' id='word_1_336' title='bbox 639 4334 669 4383; x_wconf 85' lang='lat' dir='ltr'>ud</span> <span class='ocrx_word' id='word_1_337' title='bbox 681 4334 698 4382; x_wconf 87' lang='lat' dir='ltr'>i.</span> <span class='ocrx_word' id='word_1_338' title='bbox 799 4332 840 4397; x_wconf 90' lang='lat'>(5)</span> <span class='ocrx_word' id='word_1_339' title='bbox 860 4330 884 4378; x_wconf 82' lang='grc'>2.</span> <span class='ocrx_word' id='word_1_340' title='bbox 896 4327 920 4379; x_wconf 78' lang='grc'>2.</span> <span class='ocrx_word' id='word_1_341' title='bbox 932 4346 973 4392; x_wconf 92' lang='lat' dir='ltr'>qu.</span> <span class='ocrx_word' id='word_1_342' title='bbox 985 4327 1094 4379; x_wconf 82' lang='lat' dir='ltr'>clxxxvi.</span> <span class='ocrx_word' id='word_1_343' title='bbox 1106 4326 1176 4377; x_wconf 76' lang='lat' dir='ltr'>anit</span> 
     </span>
     <span class='ocr_line' id='line_1_40' title="bbox 226 4416 735 4487; baseline -0.006 -18"><span class='ocrx_word' id='word_1_344' title='bbox 226 4422 268 4487; x_wconf 83' lang='grc'>(6)</span> <span class='ocrx_word' id='word_1_345' title='bbox 288 4423 313 4468; x_wconf 88' lang='grc'>2.</span> <span class='ocrx_word' id='word_1_346' title='bbox 325 4423 348 4468; x_wconf 83' lang='grc'>2.</span> <span class='ocrx_word' id='word_1_347' title='bbox 357 4436 399 4485; x_wconf 90' lang='lat' dir='ltr'>qu.</span> <span class='ocrx_word' id='word_1_348' title='bbox 410 4419 521 4470; x_wconf 84' lang='lat' dir='ltr'>lxxxviii.</span> <span class='ocrx_word' id='word_1_349' title='bbox 536 4427 579 4470; x_wconf 83' lang='lat' dir='ltr'>art.</span> <span class='ocrx_word' id='word_1_350' title='bbox 591 4419 625 4469; x_wconf 86' lang='lat' dir='ltr'>xi.</span> <span class='ocrx_word' id='word_1_351' title='bbox 660 4416 735 4484; x_wconf 82' lang='lat' dir='ltr'>Resp.</span> 
     </span>
    </p>
   </div>
   <div class='ocr_carea' id='block_1_6' title="bbox 0 0 1561 5260">
    <p class='ocr_par' dir='ltr' id='par_1_11' title="bbox 0 0 1561 5260">
     <span class='ocr_line' id='line_1_41' title="bbox 0 0 1561 5260; baseline 0 0"><span class='ocrx_word' id='word_1_352' title='bbox 0 0 1561 5260; x_wconf 95' lang='lat' dir='ltr'> </span> 
     </span>
    </p>
   </div>
  </div>
 </body>
</html>
