3146 5266
657 1165 798 1226 CAPUT
818 1168 855 1224 V.

439 1397 477 1436 DE
494 1397 617 1436 toruum
630 1395 822 1436 nummorum
836 1393 949 1434 nonam
964 1394 1077 1434 sraela.

255 1578 304 1632 37.
328 1574 417 1630 Actrrs
431 1575 548 1633 humani
561 1577 682 1652 spectari
695 1583 814 1651 possunt
839 1582 974 1646 quatenus
987 1592 1098 1632 morum
1118 1573 1221 1650 regnlae
1235 1593 1300 1632 con·

216 1673 342 1738 veniunt,
355 1672 401 1727 vel
412 1684 577 1749 repugnant.
621 1674 745 1740 Quidam
758 1680 823 1734 sunt
835 1681 932 1730 natura
945 1691 995 1730 sua
1007 1674 1091 1730 mali:
1115 1691 1153 1730 v:
1168 1692 1203 1748 g:
1222 1691 1300 1730 men·

215 1769 338 1837 dacium,
353 1770 468 1838 furtum,
479 1772 621 1830 fornicatio
633 1792 640 1840 3
656 1771 770 1844 quidam
781 1779 846 1828 sunt
858 1771 934 1836 boni,
945 1789 992 1828 ex.
1003 1790 1045 1846 gr.
1054 1789 1133 1828 amor
1145 1779 1301 1844 parentum,

215 1869 304 1926 oratio
318 1868 354 1924 ad
367 1867 480 1926 Deum:
496 1870 606 1942 quidam
619 1871 726 1929 nullam
740 1868 923 1944 praeseserunt
935 1869 1069 1925 malitiam
1082 1869 1128 1924 vel
1140 1868 1302 1934 bonitatem,

216 1967 422 2044 indifflrentes
435 1968 539 2027 idcirco
552 1968 627 2036 dicti,
640 1970 681 2026 uti
695 1977 761 2026 sunt
773 1965 866 2034 edere,
881 1965 1031 2033 ambulare,
1046 1965 1176 2024 dormire.
1220 1965 1303 2032 Qua·

176 2142 178 2146 Ι
215 2067 322 2124 siemnt
334 2067 458 2144 theologi
481 2076 575 2125 utrum
593 2077 679 2136 actus,
695 2067 744 2139 qui
763 2066 797 2124 in
818 2065 922 2143 specie,
943 2065 1052 2122 seilicet
1064 2065 1094 2122 in
1114 2083 1158 2131 se,
1170 2082 1223 2121 nec
1236 2065 1302 2122 boni

215 2175 288 2232 sunt,
298 2184 351 2223 nec
365 2166 442 2234 mali,
453 2166 487 2224 io
496 2166 657 2224 individuo
668 2173 787 2242 possunt
796 2164 902 2222 malitia
908 2173 935 2220 et
943 2164 1065 2222 bonitate
1076 2165 1179 2240 pariter
1188 2182 1302 2230 vacare;

216 2263 276 2320 aliis
290 2265 392 2332 verbis,
407 2273 500 2322 utrum
514 2266 578 2338 quis
592 2265 697 2337 aliquid
710 2264 804 2339 reipsa
817 2273 880 2338 agat
893 2261 968 2334 quod
981 2263 1080 2318 morali
1093 2262 1188 2337 specie
1202 2271 1302 2318 careat.

217 2363 333 2438 Negans
348 2365 496 2430 sententia,
513 2382 575 2435 quae
589 2363 628 2420 D.
642 2363 766 2420 Thomae
785 2361 988 2437 discipulorum
1007 2369 1059 2428 est,
1074 2361 1166 2418 verior
1178 2359 1303 2426 videtur3

217 2479 302 2533 quum
312 2462 388 2518 enim
399 2461 434 2517 de
445 2463 551 2519 actibus
565 2463 614 2534 qui
627 2461 795 2519 deliberante
809 2462 903 2518 animo
917 2460 987 2517 fiunt
996 2460 1032 2516 sit
1041 2477 1144 2526 sermo,
1155 2477 1204 2516 eos
1214 2477 1304 2516 mora·

217 2559 274 2614 lem
287 2558 436 2630 quamdam
451 2561 577 2635 speciem
591 2560 738 2618 desumere
752 2577 789 2616 ex
802 2559 858 2616 fine
872 2577 958 2631 quern
968 2559 1022 2615 sibi
1033 2557 1152 2632 quisque
1162 2557 1303 2634 proponit,

220 2655 317 2712 suadet
329 2659 408 2715 ratic.
451 2657 592 2719 Caeterum
606 2668 715 2716 constat
727 2658 847 2733 plurima
860 2658 921 2714 fieri
935 2675 997 2728 quae
1010 2657 1110 2714 merito
1126 2655 1201 2730 apud
1209 2655 1305 2712 Deum

220 2763 326 2820 carent,
341 2756 406 2826 quia
419 2774 503 2830 agens
518 2775 573 2814 non
589 2767 632 2814 est
641 2759 746 2833 justus,
760 2756 805 2810 vel
818 2775 876 2813 non
895 2755 951 2828 agit
970 2762 1085 2828 propter
1103 2752 1190 2808 finem
1209 2769 1305 2826 super·

218 2853 389 2909 naturalem:
414 2872 475 2925 quae
490 2863 581 2912 amen
594 2864 709 2931 peccata
723 2871 780 2910 non
793 2863 867 2921 sunt,
883 2870 970 2924 quum
982 2851 1097 2908 rationis
1110 2849 1306 2908 dictaminibus

111 3032 114 3040 Ι
219 2951 396 3019 conveniant,
421 2961 449 3008 et
467 2953 503 3009 ob
525 2953 675 3010 honestum
695 2953 781 3009 finem
805 2953 881 3010 fiant.
921 2951 970 3007 Sic
991 2950 1168 3008 manducatio
1183 2959 1211 3006 et
1223 2959 1306 3026 potus

219 3048 398 3120 quotidianus
412 3049 447 3107 ad
460 3052 546 3108 vitam
559 3050 768 3109 sustentandam
783 3060 878 3108 carent
890 3050 968 3116 vitio,
983 3068 1070 3124 quum
1084 3048 1149 3106 finis
1157 3049 1193 3104 sit
1205 3049 1306 3116 bonus,

218 3156 245 3203 et
257 3148 359 3206 rationi
372 3159 522 3224 congruat3
544 3159 639 3207 carent
651 3159 745 3208 autem
758 3151 869 3216 merito,
883 3147 948 3214 nisi,
963 3147 1085 3220 quodam
1102 3147 1200 3204 saltem
1214 3157 1306 3222 pacto,

219 3245 253 3301 ad
266 3245 323 3304 Dei
344 3247 462 3322 gloriam
483 3247 645 3315 reserantur,
655 3250 737 3324 juxta
751 3246 882 3325 Apostoli
895 3246 1049 3304 monitum:
1075 3254 1094 3279 “
1106 3245 1173 3301 Sive
1191 3244 1307 3302 mandu-

219 3345 299 3412 catis,
312 3345 372 3400 sive
380 3346 485 3412 bibitis,
497 3347 556 3402 sive
567 3345 642 3403 aliud
653 3347 720 3418 quid
730 3347 831 3414 facitis,
843 3346 936 3402 omnia
946 3346 976 3402 in
986 3344 1104 3420 gloriam
1112 3343 1168 3400 Dei
1178 3337 1307 3400 saniem

220 3440 335 3516 Optime
350 3452 443 3500 autem
464 3443 659 3503 animadvertit
678 3447 710 3502 S.
725 3446 870 3502 Thomas:
896 3442 978 3499 “hoc
998 3443 1093 3515 ipsum
1113 3441 1187 3512 quod
1207 3440 1308 3510 aliquis

221 3540 279 3613 agit
291 3540 414 3598 ordinate
429 3542 463 3600 ad
477 3545 710 3624 sustentationem
723 3542 768 3598 vel
791 3542 915 3612 quietern
937 3538 981 3594 sui
1005 3537 1140 3614 corporis,
1156 3535 1191 3593 ad
1203 3537 1309 3594 bonurn

223 3637 331 3694 virtutis
344 3639 485 3698 ordinatur
497 3641 527 3697 in
541 3660 575 3698 eo
589 3644 637 3713 qui
652 3659 754 3716 corpus
768 3656 851 3697 suum
866 3635 974 3694 ordinat
987 3635 1021 3692 ad
1035 3637 1139 3694 bonum
1153 3629 1312 3694 virtutis.”⁹

259 3739 308 3792 38.
332 3737 431 3814 Longe
445 3739 529 3796 distat
541 3739 736 3817 theologorum
751 3737 897 3803 sententia,
912 3746 989 3793 actus
1003 3736 1062 3793 dari
1075 3733 1267 3793 indifferentes
1280 3735 1310 3792 in

220 3833 365 3893 individuo
375 3839 548 3912 negantium,
559 3837 593 3894 ab
606 3857 698 3897 errore
705 3839 724 3896 J
726 3838 825 3896 oannis
836 3835 926 3902 fluas,
936 3837 985 3907 qui
999 3853 1084 3910 opera
1096 3835 1194 3891 omnia
1201 3834 1232 3889 in
1241 3833 1310 3890 duas

222 3931 401 3991 distribuebat
413 3934 528 4002 classes,
543 3955 594 4011 pro
608 3938 749 4013 agentium
759 3935 934 3992 diversitate:
960 3932 1104 3989 “Divisio
1116 3929 1310 3997 immediata,”

223 4031 320 4100 aiebat,
335 4040 355 4067 ‘⁴
365 4032 555 4091 humanorum
568 4052 686 4110 operum
699 4044 751 4101 est,
766 4032 842 4106 quod
855 4033 912 4088 sint
923 4030 968 4086 vel
982 4031 1114 4097 virtuosa,
1128 4029 1175 4087 vel
1193 4030 1309 4087 vitiosa:

225 4130 289 4200 quia
301 4130 411 4188 scilicet
423 4132 448 4188 si
460 4131 548 4190 homo
562 4142 605 4190 est
617 4134 734 4191 vitiosus
747 4141 777 4189 et
788 4140 851 4206 agat
863 4128 1028 4202 quidquam,
1043 4137 1101 4186 tum
1123 4130 1179 4205 agit
1191 4129 1310 4186 vitiose:

224 4227 286 4284 etsi
299 4237 343 4284 est
354 4230 508 4298 virtuosus,
522 4239 551 4288 et
563 4241 626 4307 agat
648 4229 811 4304 quidquam,
825 4237 891 4286 tunc
912 4228 971 4304 agit
982 4228 1115 4285 virtuose.
1154 4227 1229 4294 Quia
1241 4229 1314 4285 sicut

259 4400 300 4467 (l)
322 4400 406 4451 1001.
418 4417 444 4452 x.
456 4403 496 4451 31.
777 4363 783 4370 -
840 4403 883 4467 (2)
904 4399 958 4450 Η.
970 4414 1011 4464 qu.
1023 4397 1091 4450 xviii.
1103 4405 1145 4449 art
1158 4397 1191 4450 ix.
1203 4398 1279 4449 adili.

309 4468 394 4529 Vou.
410 4467 510 4533 1.-4.
