3076 5260
279 473 338 528 ast
457 467 513 528 DE
534 463 799 526 FORENSIBUS
819 460 1191 522 OBLIGATIONIBUS.

281 633 444 694 criminibus
457 631 633 708 gravioribus
647 628 813 706 spesveniae
827 626 953 695 ridetur,
965 626 990 683 si
1003 619 1074 684 alios
1085 621 1289 700 probetreos.¹
1317 628 1375 694 Qui

280 735 389 792 lucrum
403 741 450 788 aut
462 730 598 789 damnum
612 747 649 786 ex
662 729 719 786 litis
736 727 815 784 exitu
827 725 948 784 habituri
962 733 1036 791 sunt,
1051 742 1108 780 non
1118 721 1330 794 admittuntur‚²
1339 745 1375 784 ne

281 848 339 890 sue
352 829 465 887 utilitati
484 849 550 888 cum
572 827 696 886 veritatis
716 836 745 884 et
764 825 877 884 alterius
899 823 1067 880 detrimento
1087 821 1226 880 studeant.
1269 823 1372 892 Deliri‚

282 937 419 996 amentes,
442 927 584 986 semisatui
601 923 800 984 excluduntur.
843 923 1009 980 Generatim
1028 922 1094 997 jure
1114 923 1260 979 communi
1274 923 1373 999 Angli·

282 1045 353 1087 cano
366 1036 395 1084 et
407 1026 579 1085 Americano
593 1033 677 1084 testes
692 1022 774 1081 facile
795 1021 986 1088 admittuntur,
1001 1029 1029 1076 et
1046 1020 1205 1095 juratorum
1225 1020 1374 1079 hominum

282 1124 434 1184 duodecim
444 1126 556 1182 arbitrio
569 1123 737 1198 permittitur
751 1137 813 1194 quae
828 1120 869 1176 eis
882 1117 1030 1178 tribuenda
1042 1119 1080 1176 sit
1091 1113 1190 1176 fides.³

323 1226 390 1282 121.
412 1223 560 1280 Tenentur
572 1220 607 1277 ad
620 1217 827 1278 testificandum
840 1219 888 1290 qui
903 1237 920 1274 a
940 1219 1070 1295 legitimo
1084 1201 1249 1292 superiore,
1264 1229 1375 1276 servato

278 1322 354 1400 juris
366 1319 478 1388 ordine,
491 1329 633 1396 praecepto
654 1327 802 1394 coguntur,
816 1316 862 1373 vel
882 1318 931 1388 qui
951 1317 1144 1374 testimonium
1158 1326 1264 1374 norunt
1277 1336 1374 1375 neces-

281 1423 387 1478 sarium
402 1437 465 1476 esse
475 1417 510 1476 ad
518 1416 732 1496 precavendum
741 1435 826 1494 grave
837 1416 999 1491 reipublicae
1013 1415 1058 1472 vel
1071 1415 1211 1473 Ecclesiae
1226 1416 1373 1484 damnum,

283 1519 329 1578 vel
343 1520 428 1576 etiam
442 1517 610 1576 innocentis.
654 1515 717 1572 “Si
731 1516 881 1588 requiritur
901 1514 1092 1572 testimonium
1110 1515 1231 1591 alicujus
1253 1516 1373 1574 auctori-

285 1627 340 1676 tate
353 1617 518 1692 superioris,
533 1615 578 1672 cui
592 1616 622 1672 in
638 1614 693 1682 his,
708 1632 770 1686 quae
785 1613 968 1689 adjustitiam
994 1613 1144 1688 pertinent,
1163 1613 1278 1671 obedire
1298 1624 1374 1672 tene·

283 1725 344 1773 tur:
360 1733 418 1773 non
431 1723 474 1771 est
486 1713 604 1772 dubium
618 1714 687 1786 quin
695 1722 820 1770 teneatur
828 1713 1019 1770 testimonium
1027 1711 1099 1768 ferre
1113 1713 1142 1770 in
1156 1713 1201 1771 his
1214 1713 1245 1769 in
1259 1715 1373 1785 quibus,

284 1813 442 1872 secundum
455 1811 583 1870 ordinem
592 1814 676 1889 juris,
691 1812 885 1870 testimonium
909 1811 942 1868 ab
962 1829 997 1869 eo
1011 1811 1145 1887 exigitur,
1159 1819 1227 1888 puta
1239 1813 1268 1869 in
1284 1813 1374 1870 mani·

284 1912 376 1981 sestis,
390 1922 419 1972 et
430 1914 461 1971 iu
474 1911 520 1970 his
533 1910 568 1970 de
583 1912 684 1982 quibus
704 1911 820 1970 infamia
839 1911 994 1986 precessit.
1036 1910 1069 1967 Si
1089 1921 1182 1968 autem
1202 1912 1328 1988 exigitur
1339 1912 1373 1970 ab

285 2030 320 2070 eo
334 2011 527 2070 testimonium
540 2011 569 2068 in
583 2010 656 2078 aliis,
671 2021 739 2085 puta
751 2011 781 2068 in
794 2009 921 2077 occultis,
936 2009 971 2066 de
985 2009 1088 2080 quibus
1101 2009 1218 2068 infamia
1231 2029 1291 2068 non
1305 2029 1374 2086 prae-

284 2111 379 2180 cessit,
394 2129 452 2168 non
466 2117 575 2166 tenetur
588 2109 622 2166 ad
637 2109 853 2167 testificandum.
896 2109 929 2166 si
948 2106 1014 2166 verb
1035 2108 1192 2180 requiratur
1212 2109 1276 2184 ejus
1301 2111 1374 2166 testi-

284 2210 413 2268 monium
426 2227 483 2266 uon
498 2209 661 2266 auctoritate
675 2208 838 2284 superioris,
853 2209 899 2265 cui
921 2206 1035 2264 obedire
1058 2217 1176 2274 tenetur,
1197 2217 1265 2266 tunc
1278 2209 1373 2266 distin·

283 2308 428 2381 guendum
437 2316 496 2364 esta
511 2308 578 2379 quia
588 2308 612 2363 si
620 2308 811 2364 testimonium
820 2307 976 2378 requiratur
986 2305 1020 2362 ad
1030 2305 1204 2364 liberandum
1212 2307 1371 2376 hominem,

283 2403 329 2459 vel
343 2405 377 2461 ab
390 2405 495 2479 injusta
507 2413 608 2471 morte,
628 2423 679 2461 seu
692 2423 778 2479 poena
791 2423 979 2476 quacumque,
994 2405 1039 2462 vel
1058 2423 1074 2460 a
1095 2404 1165 2462 falsa
1184 2406 1313 2475 infamia,
1328 2407 1371 2464 vel

283 2502 318 2558 ab
341 2501 436 2576 aliquo
458 2501 572 2568 damno,
587 2509 653 2558 tunc
675 2511 784 2558 tenetur
803 2500 891 2559 homo
912 2503 948 2560 ad
961 2501 1177 2561 testificandum.
1219 2505 1261 2562 Et
1274 2507 1300 2563 si
1313 2507 1372 2582 ejus

284 2601 479 2660 testimonium
493 2619 550 2659 non
570 2601 737 2673 requiratur,
751 2609 860 2658 tenetur
879 2602 970 2658 facere
984 2602 1061 2674 quod
1074 2604 1104 2661 in
1118 2619 1148 2658 se
1162 2611 1214 2670 est,
1228 2614 1261 2660 ut
1274 2606 1372 2662 verita·

284 2709 340 2758 tem
357 2701 504 2760 denuntiet
517 2700 611 2768 alicui,
626 2700 675 2776 qui
689 2699 792 2757 adhoc
811 2703 903 2776 possit
924 2700 1071 2776 prodesse.
1113 2701 1225 2760 Dicitur
1245 2704 1324 2762 enim
1343 2705 1370 2762 in

283 2800 402 2858 Psalmo
414 2800 508 2859 lxxxi.
552 2798 681 2875 ‘Eripite
699 2817 853 2876 pauperem
873 2810 900 2857 et
922 2818 1044 2876 egenum
1062 2799 1096 2858 de
1115 2820 1199 2858 manu
1213 2804 1370 2876 peccatoris

282 2897 421 2956 liberate.'
463 2899 504 2956 Et
516 2899 653 2956 Proverb.
668 2899 747 2956 xxiv.
776 2898 873 2957 ‘Erue
886 2916 946 2966 eos,
962 2899 1011 2971 qui
1024 2898 1154 2958 dicuntur
1167 2900 1202 2958 ad
1215 2911 1337 2959 mortem
1348 2901 1365 2958 :'

281 3005 310 3050 et
323 2996 409 3052 Rom.
425 2996 443 3050 i.
459 2995 579 3052 dicitur:
603 2996 711 3070 ‘Digni
734 3005 799 3053 sunt
812 3007 913 3063 morte,
929 3016 987 3056 non
1007 2998 1099 3055 solum
1124 3001 1173 3071 qui
1191 2999 1309 3068 faciunt,
1323 3001 1371 3058 sed

281 3092 366 3148 etiam
384 3091 432 3162 qui
445 3092 627 3150 consentiunt
639 3093 828 3150 facientibus!
871 3095 929 3153 Ubi
942 3095 1010 3154 dicit
1023 3097 1146 3154 Glossa:
1170 3097 1370 3168 ‘Consentire

277 3200 326 3250 est
338 3197 430 3248 tacere
443 3209 508 3248 cum
522 3191 615 3266 possis
629 3191 815 3269 redarguere!
858 3195 952 3271 Super
965 3195 1010 3252 his
1024 3214 1091 3252 vero
1104 3215 1167 3268 quse
1180 3199 1325 3273 pertinent
1337 3199 1369 3256 ad

279 3287 544 3350 condemnationem
559 3291 689 3368 alicujus,
703 3311 762 3351 non
777 3301 886 3350 tenetur
898 3293 1001 3366 aliquis
1014 3294 1086 3353 ferre
1097 3296 1302 3366 testimouium,
1315 3299 1368 3356 nisi

275 3480 371 3532 amined
383 3497 410 3529 as
422 3497 435 3528 a
447 3478 546 3529 witness
563 3479 588 3529 in
600 3479 659 3530 both
670 3479 725 3530 civil
737 3479 783 3530 and
796 3480 905 3532 criminal
923 3498 997 3541 esses,
1009 3481 1124 3546 provided
1142 3483 1172 3532 he
1184 3483 1228 3533 has
1246 3493 1291 3534 not
1307 3487 1367 3534 been

272 3567 415 3632 incapitated
428 3567 460 3630 by
472 3583 487 3614 a
497 3565 633 3616 conviction
646 3568 674 3616 os
682 3566 778 3617 crinro.”
814 3567 900 3632 Chitty
913 3567 955 3618 ubi
966 3583 1047 3633 supra.

304 3653 343 3716 (l)
363 3651 426 3700 Vide
436 3650 591 3711 Blachstone,
604 3653 618 3700 l.
628 3652 659 3700 iv.
671 3668 696 3701 n.
709 3654 766 3702 330.

304 3737 346 3804 (2)
365 3742 379 3766 ‘⁴
390 3733 431 3783 All
444 3734 610 3792 witnesscs‚of
618 3735 739 3784 whatever
747 3735 847 3798 religion
858 3751 885 3784 or
896 3744 1008 3800 country,
1015 3737 1069 3786 that
1081 3738 1143 3786 have
1154 3737 1195 3786 the
1204 3754 1248 3787 use
1262 3739 1292 3786 of
1299 3739 1359 3789 their

269 3838 363 3881 reason,
375 3837 414 3869 are
427 3829 451 3868 to
459 3821 488 3867 be
500 3817 606 3868 received
618 3820 665 3867 and
679 3819 815 3880 examined,
826 3828 912 3884 except
924 3822 1068 3870 suchasare
1079 3820 1255 3889 insuescerent·
1267 3825 1329 3874 such
1340 3841 1366 3873 as

270 3924 310 3957 are
321 3903 453 3956 iuterested
462 3904 488 3954 in
500 3903 540 3952 the
552 3910 623 3953 event
632 3904 660 3952 oi
667 3904 708 3953 the
720 3903 818 3954 cause.'’
853 3901 1008 3965 Blackstone,
1019 3907 1033 3956 l.
1043 3906 1075 3954 iii.
1087 3924 1111 3956 n.
1124 3908 1180 3956 370.

307 3993 348 4057 (3)
368 3992 431 4041 “All
441 3991 522 4039 others
533 4004 573 4038 are
582 3991 717 4054 competent
727 3988 867 4040 witnesser:
884 3989 978 4052 though
990 3989 1031 4040 the
1039 3993 1098 4056 jury
1110 3993 1172 4040 from
1184 3991 1253 4041 other
1264 3991 1364 4041 circum·

270 4075 427 4125 stancesrrill
441 4075 517 4140 judge
534 4074 563 4123 ol
575 4073 637 4123 their
650 4071 813 4140 credibilitp.”
848 4072 1004 4135 Blackstone‚
1022 4075 1118 4126 ibidem.
1152 4076 1232 4126 “The
1250 4078 1289 4128 old
1303 4093 1368 4126 cases

270 4175 338 4223 upon
348 4160 389 4208 the
401 4169 559 4225 competency
572 4160 600 4209 of
608 4159 733 4210 witnesses
744 4159 806 4208 have
818 4175 882 4221 gone
890 4177 957 4225 upon
969 4177 1027 4225 very
1039 4163 1118 4212 subtle
1129 4162 1244 4224 grounds.
1278 4161 1367 4212 Butos

269 4244 317 4294 late
329 4258 407 4306 years,
418 4245 460 4292 the
472 4253 553 4293 courts
564 4243 626 4293 heve
638 4243 814 4302 endeavoured,
826 4261 852 4294 as
864 4245 900 4294 far
909 4261 936 4294 as
947 4244 1058 4309 possible,
1069 4254 1094 4295 to
1106 4247 1139 4296 let
1152 4247 1191 4296 the
1203 4246 1325 4311 objection
1335 4262 1368 4308 go

269 4339 294 4381 to
307 4328 348 4378 the
360 4327 442 4386 credit,
453 4328 532 4378 rather
552 4329 612 4379 than
624 4336 649 4380 to
667 4331 708 4379 the
720 4337 877 4395 competency
890 4331 918 4380 of
932 4329 1080 4381 awitness.”
1116 4330 1181 4382 Lord
1199 4331 1336 4391 Mansfield,
1352 4335 1361 4378 1

269 4416 301 4466 T.
313 4415 342 4464 tt.
355 4411 412 4462 300.
