3046 5262
569 491 626 552 Du
647 491 867 552 Puocnuls.
1203 501 1262 556 2⁸5

91 735 92 738 Ἴ
210 665 239 718 9.
261 660 414 717 Peccatum
434 657 511 731 quod
530 656 660 716 nonnulli
672 659 903 734 excogitaverunt
915 648 1171 738 philosophicum,
1186 661 1264 733 quod

90 817 92 822 ,
168 759 279 817 scilicet
298 758 416 816 rationis
436 755 634 814 dictaminibus
655 755 826 826 adversatur,
849 758 919 829 quin
930 757 987 835 legi
1004 757 1106 817 divina
1115 769 1263 836 repugnet,

170 857 271 917 meriti
284 856 436 934 explosum
449 864 502 922 est,
515 855 557 913 uti
570 856 637 914 alibi
648 853 851 914 ostendimus.²

215 961 261 1016 10.
291 957 463 1014 Libertatem
485 954 591 1024 arbitrii
613 952 648 1010 ad
670 954 847 1029 peccandum
871 954 978 1026 requiri
1002 964 1122 1022 constat,
1143 954 1263 1028 ideoque

171 1066 248 1114 recte
266 1055 336 1114 dicit
348 1055 525 1131 Augustinus
537 1074 545 1110 ε
568 1054 705 1130 “peccati
718 1072 800 1113 rcum
813 1063 909 1112 tenere
923 1071 1106 1127 quemquam,
1121 1055 1188 1126 quia
1206 1073 1266 1114 non

172 1155 237 1214 fecit
263 1153 341 1229 quod
359 1154 451 1212 iacere
470 1171 530 1210 non
549 1153 649 1229 potuit,
669 1169 789 1212 summo
808 1153 964 1225 iniquitatis
984 1163 1028 1210 est
1052 1161 1081 1211 et
1099 1146 1267 1212 insaniae.''²

117 1305 119 1309 r
174 1253 419 1324 Quandocumque
433 1253 518 1328 igitur
531 1250 637 1324 aliquid
649 1251 682 1308 fit
702 1253 809 1310 ratione
831 1251 908 1310 haud
921 1251 1092 1320 advertente,
1106 1252 1152 1309 vel
1165 1253 1265 1312 volun-

172 1363 226 1411 tate
236 1353 316 1410 baud
325 1351 528 1416 consentiente,
543 1350 627 1426 culpa
640 1358 734 1407 caret:
756 1368 819 1422 quae
833 1358 926 1408 autem
937 1352 1065 1426 exigatur
1082 1350 1263 1417 advenientia,

173 1451 367 1527 disceptatum
387 1449 503 1523 quidam
524 1449 602 1506 euim
623 1455 719 1506 tenent
737 1447 866 1516 sufficere
885 1448 1034 1506 virtualem
1052 1458 1082 1506 et
1103 1450 1267 1526 iuterpreta-

174 1550 271 1617 tivam,
285 1550 332 1607 alii
346 1550 465 1624 exigunt
485 1549 624 1605 actualem
638 1544 837 1603 advertentiam
850 1546 974 1613 malitiae,
988 1556 1036 1606 aut
1048 1548 1166 1623 periculi
1179 1549 1264 1616 illius,

90 1693 91 1697 ,
177 1649 339 1706 autsaltcm
361 1646 540 1723 obligationis
563 1646 640 1703 illam
660 1643 834 1702 advertendi.
876 1643 933 1702 His
955 1645 1075 1704 favctS.
1090 1646 1266 1723 Alphcnsus,

174 1749 225 1820 qui
239 1758 331 1805 tamen
346 1746 446 1804 latetur
458 1763 492 1802 ea
505 1762 569 1816 quae
582 1745 654 1802 liunt
667 1762 704 1801 ex
716 1743 876 1822 moerentia
887 1743 1021 1819 culpabili
1033 1762 1097 1802 esse
1110 1746 1268 1806 voluntaria

174 1849 204 1906 in
217 1865 320 1906 causa:
343 1843 451 1904 “Mihi
471 1843 588 1903 omnino
607 1841 761 1902 tenendum
780 1841 891 1901 videtur
910 1842 936 1898 si
958 1842 1117 1918 ignorantia
1132 1845 1211 1904 nullo
1230 1864 1268 1904 ex

174 1944 317 2024 predictis
335 1943 428 2002 modia
447 1942 533 2000 fuerit
548 1943 714 2010 voluntaria,
728 1940 855 2000 ethome
869 1939 975 1998 nullam
989 1941 1118 1999 habuerit
1129 1943 1270 2004 acmalem

151 2057 161 2074 ·
176 2044 378 2104 advertentiam
391 2041 518 2110 malitia,
530 2041 577 2100 vel
589 2041 718 2118 periculi,
732 2060 785 2100 nec
799 2039 914 2106 directe,
934 2057 988 2098 uec
1010 2038 1156 2110 indirecte,
1175 2059 1268 2116 neque

177 2145 207 2201 in
221 2162 264 2211 ae,
285 2160 376 2215 neque
395 2142 426 2199 in
444 2161 498 2200 sua
517 2159 611 2208 causa,
633 2149 700 2200 tunc
717 2140 795 2199 nullo
816 2138 903 2199 modo
920 2139 1093 2216 imputantur
1114 2142 1141 2200 ei
1160 2159 1270 2200 errores

177 2261 251 2316 quos
264 2260 321 2300 non
336 2240 463 2300 advertit.
484 2240 581 2308 Ratio,
592 2239 658 2313 quia
667 2248 698 2298 ut
709 2241 882 2315 imputentur
894 2239 981 2297 alicui
992 2239 1110 2298 effectus
1122 2239 1272 2318 cujusdam

177 2360 281 2409 causae,
295 2341 379 2398 debet
390 2336 552 2400 necessario
565 2338 724 2416 praecedere
746 2337 858 2418 (saltem
877 2339 906 2397 in
926 2335 1079 2417 principio)
1100 2337 1273 2398 advertentis

178 2439 294 2498 actualis
308 2449 337 2498 ct
349 2458 487 2519 expressa
498 2438 612 2496 malitiae
622 2430 773 2515 objecti.”³

415 2639 455 2702 (l)
475 2637 557 2686 Tract.
568 2635 607 2685 De
618 2634 685 2697 Iaeqe
697 2633 795 2691 Divina,
806 2651 828 2684 c.
840 2635 856 2684 i.
867 2651 892 2686 n.
906 2638 945 2684 to.

419 2722 459 2783 (⁸2)
479 2720 508 2770 L.
519 2721 550 2769 de
561 2720 656 2769 duabus
667 2719 803 2777 animabus,
813 2735 835 2768 c.
846 2719 889 2767 xii.

420 2805 458 2870 (3)
476 2803 505 2853 L.
520 2821 543 2854 v.
555 2803 638 2854 Tract.
647 2803 678 2853 de
689 2819 742 2868 pec.
753 2820 775 2853 c.
787 2803 803 2853 i.
815 2803 872 2852 dub.
881 2801 897 2852 i.
909 2818 934 2860 n,
945 2804 969 2851 4.
