3076 5260
364 489 421 548 na
442 488 708 548 nonnusmus
728 484 1099 550 contemnamus
1220 446 1290 551 aar

186 659 255 716 tales
270 657 305 715 ad
318 656 524 715 restitutionem
534 664 674 714 tenentur.
707 655 894 716 Manifestum
903 667 946 715 est
956 666 1061 726 autem,
1073 657 1150 731 quod
1162 655 1280 717 advoca·

185 767 229 814 tus
243 767 273 814 et
292 755 429 814 auxilium
452 763 480 812 et
500 755 652 814 consilium
670 764 784 830 prestat
805 757 843 824 ei,
857 757 939 833 cujus
963 775 1055 815 causae
1075 759 1276 833 patrocinatur.

187 855 272 914 Unde
287 856 311 912 si
331 855 453 912 scienter
472 853 606 932 injustam
628 871 741 912 causam
764 853 899 923 defendit,
921 856 1028 928 absque
1051 855 1139 914 dubio
1157 858 1280 932 graviter

186 964 294 1031 peccat,
310 952 385 1010 etad
399 953 606 1012 restitutionem
621 961 730 1011 tenetur
749 954 812 1030 ejus
826 953 923 1011 damni
937 955 1015 1028 quod
1034 963 1131 1013 contra
1139 955 1279 1032 justitiam

186 1072 237 1130 per
250 1055 312 1130 ejus
326 1053 464 1110 auxilium
479 1051 564 1108 altera
573 1070 639 1130 pars
648 1047 812 1109 incurrit.”¹
853 1052 938 1118 Quod
949 1054 974 1111 si
985 1053 1151 1131 injustitiam
1165 1054 1278 1112 facienti

187 1151 298 1210 faveant
309 1151 398 1226 leges,
413 1151 449 1209 ob
462 1150 561 1208 vitium
570 1137 700 1223 aliquod,
714 1151 760 1209 vel
779 1149 921 1208 desectum
934 1153 1016 1221 tituli,
1032 1151 1077 1209 vel
1090 1153 1279 1222 instmmenti,

187 1269 245 1308 non
259 1249 349 1308 audeo
363 1248 497 1307 damnare
511 1247 679 1306 advocatum
693 1251 743 1320 qui
762 1267 844 1307 suam
864 1249 911 1307 dat
930 1269 1047 1327 operam
1068 1251 1164 1309 clienti
1184 1251 1281 1327 legum

94 1400 100 1408 .
188 1348 322 1428 praesidio
335 1348 376 1404 uti
390 1348 506 1416 volenti,
521 1356 553 1404 ut
570 1349 620 1424 jue
634 1347 749 1404 alterius
763 1347 876 1406 eludat:
898 1367 964 1406 nam
979 1349 1055 1406 illius
1079 1367 1137 1406 non
1157 1359 1201 1406 est
1214 1368 1281 1407 con-

188 1449 321 1507 scientias
334 1464 443 1522 regere,
458 1445 509 1504 sed
522 1447 632 1522 legibus
646 1445 768 1504 studere.
811 1445 975 1504 Monendus
995 1457 1090 1505 tamen
1105 1447 1178 1506 soret
1191 1449 1279 1506 cliens

188 1567 220 1605 se
232 1565 292 1605 non
306 1545 369 1604 ideo
384 1546 456 1604 solvi
470 1544 588 1603 naturali
602 1544 782 1622 obligatione.
825 1545 874 1603 Sic
889 1545 937 1618 qui
951 1545 1034 1604 debet
1044 1546 1126 1604 alicui
1139 1545 1282 1619 quandam

189 1646 351 1724 pecuniam,
363 1663 447 1716 quam
462 1643 531 1701 alter
544 1643 599 1701 sibi
612 1643 707 1702 deberi
722 1644 820 1716 nequit
828 1643 939 1721 judicio
954 1645 1083 1721 probare,
1098 1646 1133 1702 ab
1146 1644 1282 1703 advocato

190 1747 295 1818 absque
309 1744 393 1819 culpa
407 1743 477 1801 mihi
491 1732 601 1800 videtur
614 1741 740 1812 defendi,
755 1761 843 1816 quum
855 1743 928 1819 legis
942 1743 1076 1819 praesidio
1088 1753 1190 1803 utatur.
1225 1744 1282 1810 Qui

189 1845 323 1902 colonum
349 1843 422 1918 agris
446 1841 588 1914 domoque
608 1845 758 1901 exturbare
779 1843 842 1899 vult
863 1843 900 1900 ob
923 1843 995 1900 tituli
1017 1842 1169 1910 defectum,
1196 1861 1283 1914 quem

189 1942 286 2001 sraude
300 1942 362 2016 ipse
376 1940 498 2008 induxit,
521 1939 649 1999 advocati
662 1943 749 1999 utitur
767 1959 864 2017 opera,
885 1942 955 2013 quin
974 1941 1021 1999 hic
1035 1951 1144 2016 peccet,
1158 1959 1224 1998 nam
1233 1943 1283 2018 jus
1391 1929 1393 1935 '

189 2043 253 2119 lege
267 2041 400 2097 tributum
413 2048 512 2116 urget:
534 2039 584 2098 sed
604 2040 771 2116 gravissime
794 2049 937 2116 peccaret,
951 2051 979 2098 et
991 2040 1158 2099 restituendi
1178 2040 1284 2117 obliga·

191 2143 295 2200 tionem
310 2138 497 2206 contraheret,
512 2139 561 2209 qui
575 2137 665 2196 sraudi
678 2139 790 2197 clientis
811 2141 992 2198 consentiens
1014 2141 1231 2199 instrumentum
1246 2141 1284 2199 ita

192 2241 352 2298 conficeret.

232 2343 299 2398 135.
322 2335 444 2403 Quando
467 2355 560 2394 causer
582 2337 692 2414 justitia
717 2339 803 2396 dubia
825 2347 877 2408 est,
905 2338 1015 2396 videtur
1038 2339 1124 2396 licere
1145 2337 1282 2396 advocato

190 2449 282 2515 partes
296 2437 407 2494 clientis
427 2437 575 2512 suscipere
588 2435 790 2507 defendendas,
808 2437 916 2516 judicis
930 2439 1008 2496 enim
1022 2446 1066 2494 est
1078 2456 1139 2495 rem
1153 2449 1230 2496 certo
1244 2456 1282 2494 ex
1337 2492 1338 2498 ,

190 2537 263 2614 legis
277 2536 438 2593 auctoritate
452 2529 606 2591 definire?
622 2536 781 2595 monendus
802 2544 845 2594 est
864 2546 957 2594 autem
978 2538 1067 2594 cliens
1088 2535 1166 2593 dubii
1189 2538 1282 2594 exitur

190 2655 227 2694 ne
241 2638 385 2711 impensas
398 2633 455 2690 litis
469 2642 574 2690 temere
589 2641 616 2688 et
629 2633 763 2692 inutiliter
776 2635 869 2702 saciat,
878 2643 907 2691 et
919 2651 950 2690 se
963 2633 1074 2711 injuriae
1088 2633 1165 2690 alteri
1179 2633 1284 2712 sapien·

192 2734 234 2792 dae
248 2732 406 2792 discrimini
419 2732 544 2809 objiciat.
586 2729 671 2796 Quod
685 2733 710 2789 si
731 2733 847 2805 aequitas
868 2732 959 2790 faveat
978 2732 1086 2799 clienti,
1106 2733 1171 2807 lege
1186 2731 1282 2790 adver·

191 2843 281 2901 sante,
296 2835 393 2904 utique
407 2830 503 2889 licebit
515 2848 629 2888 causam
643 2832 798 2908 suscipere,
813 2833 838 2891 si
852 2849 919 2909 spes
933 2831 1026 2904 aliqua
1039 2829 1175 2907 affulgeat
1190 2830 1282 2889 felicis

192 2933 296 2998 exitus,
311 2941 339 2988 et
351 2949 465 2988 omnem
480 2929 613 2988 adhibere
628 2947 743 3004 operam
757 2939 901 3003 artemque
915 2929 950 2987 ad
964 2928 1146 2988 vincendum.

235 3033 302 3088 136.
318 3029 356 3086 'Si
370 3041 435 3104 post
447 3048 564 3087 causam
576 3029 651 3086 bona
665 3027 720 3086 fide
741 3039 903 3106 susceptam
922 3029 1057 3103 iniquitas
1070 3029 1132 3106 ejus
1147 3027 1282 3086 advocato

194 3133 366 3188 innotescat:
389 3147 424 3184 v:
447 3147 484 3204 g:
507 3128 531 3184 si
545 3127 633 3185 cliens
646 3128 688 3186 illi
702 3128 802 3203 prodat
809 3129 1027 3186 instmmentum
1038 3146 1101 3184 esse
1114 3127 1223 3196 fiotum,
1238 3127 1284 3184 vel

192 3232 298 3287 crimen
311 3224 386 3286 falsu
398 3227 571 3302 impactum
592 3224 674 3282 debet
694 3225 845 3283 advocatus
866 3243 929 3282 eam
951 3225 1093 3291 deserere,
1109 3227 1179 3296 quin
1199 3224 1285 3282 fidem

193 3329 287 3387 violet.
331 3334 350 3362 ‘⁴
362 3325 524 3384 Advocatus
538 3326 562 3382 si
583 3326 612 3382 in
627 3324 768 3401 principio
788 3323 908 3382 credidit
919 3341 1033 3381 causam
1049 3324 1157 3400 justam
1170 3341 1244 3390 esse,
1259 3333 1286 3380 et

192 3437 293 3504 postea
307 3427 336 3483 in
349 3443 486 3505 processu
502 3433 634 3500 appareat
647 3442 709 3482 eam
732 3441 794 3481 esse
819 3424 964 3501 injustam,
979 3440 1037 3479 non
1051 3421 1134 3480 debet
1146 3441 1209 3479 eam
1222 3439 1286 3498 pro·

186 3526 269 3614 dere,
285 3535 315 3583 ut
327 3525 436 3582 scilicet
449 3525 532 3582 aliam
547 3532 655 3600 partem
665 3523 756 3600 juvet,
771 3521 817 3579 vel
831 3531 938 3578 secreta
945 3539 1003 3580 suae
1018 3517 1109 3578 causae
1120 3520 1200 3579 alteri
1213 3521 1286 3596 parti

124 3717 129 3728 “
230 3705 716 3774 (1)S.Th0m.2.2.qu.lxxi.an.iit
750 3705 851 3772 Reap.

227 3798 265 3862 (2)
286 3803 300 3826 ‘⁴
310 3795 350 3845 An
361 3795 511 3844 honourahta
522 3793 634 3842 barrister
651 3791 700 3842 will
712 3807 786 3842 never
797 3790 917 3842 mis-state
926 3789 1002 3840 either
1019 3790 1066 3840 law
1084 3805 1111 3838 or
1122 3789 1184 3839 sacto
1200 3789 1286 3838 within

193 3881 230 3932 his
240 3881 392 3942 knowledge,
403 3883 446 3930 but
455 3879 486 3928 he
499 3878 520 3928 is
534 3878 644 3944 justified
656 3879 682 3926 in
695 3877 782 3940 urging
795 3894 843 3942 any
856 3883 992 3938 argument,
1004 3875 1127 3926 whatever
1143 3891 1200 3939 may
1213 3875 1242 3924 be
1251 3874 1290 3924 his

194 3982 249 4016 own
260 3965 358 4032 opinion
371 3965 399 4014 of
413 3964 454 4014 the
466 3962 566 4026 solidity
578 3979 604 4012 or
613 3964 722 4028 justness
741 3963 769 4010 oi
782 3961 808 4022 it,
826 3961 910 4012 which
922 3961 953 4010 ha
971 3976 1027 4024 may
1040 3959 1110 4010 think
1120 3959 1170 4008 will
1180 3968 1289 4024 promote

193 4052 234 4102 the
243 4051 354 4101 intorcsts
366 4051 392 4099 oi
403 4049 440 4099 his
452 4047 539 4108 client;
557 4048 593 4097 for
605 4047 734 4108 reasoning
746 4046 771 4096 in
789 4055 870 4098 coorta
882 4046 910 4095 of
920 4045 1009 4111 justice
1026 4045 1074 4094 and
1086 4044 1111 4094 in
1124 4044 1165 4093 the
1178 4042 1289 4108 ordinary

195 4137 273 4188 affairs
285 4137 313 4186 of
320 4136 361 4186 lite
368 4136 460 4186 seldom
473 4132 560 4184 admits
571 4134 600 4184 oi
607 4131 761 4196 geometrical
772 4130 987 4182 demonstration.'’
1013 4129 1098 4181 Chittii
1116 4129 1291 4192 adnotatione,

194 4221 219 4272 in
231 4220 387 4280 Blackstone,
399 4221 416 4274 l.
425 4219 457 4268 iv.
468 4234 494 4268 n.
506 4221 564 4267 357.
593 4225 608 4249 “
619 4217 634 4266 J
637 4216 755 4268 udiciseet
765 4228 860 4281 semper
868 4215 895 4265 in
907 4213 987 4265 causis
993 4229 1078 4264 verum
1090 4213 1160 4278 sequi
1171 4231 1178 4273 ;
1194 4213 1291 4278 patroni

192 4320 381 4370 nonnumquam
398 4302 616 4372 verisimile-etiam
635 4299 656 4352 si
673 4299 755 4352 minus
766 4301 797 4351 sit
813 4315 906 4359 aarum,
923 4296 1074 4350 defendere.”
1111 4297 1197 4350 Cicero
1209 4299 1239 4349 de
1251 4298 1291 4348 off·

196 4390 340 4444 l.ii·c‚xiv.
