3076 5260
248 523 309 580 35⁰
397 519 453 580 DE
475 518 836 579 OBLIGA'I'IONIBUS
857 517 1193 580 RELIGIOSORUM.

248 685 466 744 communicatio
479 683 543 760 ipso
557 683 641 742 lacto.
683 683 791 743 “Dum
803 693 898 742 autem
912 681 1115 742 Confessarius
1129 684 1342 743 confessionem

249 783 335 852 audit,
350 783 454 842 debent
465 783 596 842 mutere
606 783 796 842 comitatrices
814 782 848 840 ad
857 783 986 860 januam,
1001 783 1039 840 ita
1048 792 1079 840 ut
1087 801 1153 840 eum
1167 783 1265 841 videre
1280 801 1344 860 pos·

249 877 354 942 sint.”¹

288 985 337 1042 07.
360 979 559 1040 “Notandum
581 999 618 1039 ex
632 981 747 1040 decreto
761 979 921 1039 Clementis
935 980 1021 1038 VIII.
1035 998 1269 1052 unamquamque
1281 999 1342 1039 mo·

248 1082 353 1140 uialem
366 1079 468 1140 debere
482 1079 572 1138 solam
585 1078 719 1148 dormire,
740 1079 864 1152 ideoque
878 1089 919 1137 tot
938 1079 1023 1137 cellas
1044 1079 1074 1138 in
1093 1097 1272 1151 unoquoque
1286 1098 1344 1138 rno-

247 1179 371 1239 nnsterio
385 1176 527 1237 faciendas
541 1196 614 1246 esse,
629 1188 698 1251 quot
718 1179 756 1236 ibi
770 1177 876 1253 degunt
888 1177 1057 1236 moniales..
1073 1219 1100 1236 ..
1144 1177 1194 1234 Sic
1209 1179 1296 1236 ctiam
1311 1178 1341 1235 S.

248 1277 440 1356 Congregatio
474 1277 689 1353 Episcoporum
711 1287 741 1334 et
763 1277 949 1352 Regularium
972 1276 1078 1350 pluries
1101 1276 1207 1344 statuit,
1232 1277 1342 1353 puellas

247 1387 457 1436 commorantes
473 1377 504 1434 in
517 1375 697 1434 monasteriis
711 1375 878 1434 monialium
892 1393 977 1431 causa
989 1374 1164 1432 educationis
1177 1374 1284 1432 debere
1298 1374 1344 1432 ha·

247 1477 313 1534 bere
325 1476 421 1534 locunt
434 1485 595 1551 ceparanum
614 1493 631 1530 a
646 1474 817 1532 monialibus
837 1491 889 1549 pro
902 1491 998 1530 earum
1019 1472 1198 1540 dormitione,
1221 1475 1297 1532 sicut
1316 1483 1343 1531 et

248 1595 301 1653 pro
314 1566 498 1650 operibus.”¹

287 1677 335 1730 68.
357 1671 453 1730 Etiam
467 1689 598 1729 accessus
612 1670 648 1729 ad
657 1672 828 1729 monasteria
842 1671 976 1742 colloquii
989 1689 1076 1728 causa
1089 1671 1196 1744 absque
1210 1672 1341 1747 ingressu

246 1772 318 1830 intra
331 1780 412 1848 septa
426 1771 615 1848 Regularibus
626 1769 750 1828 districte
760 1769 939 1846 prohibetur:
962 1778 982 1805 “
993 1771 1023 1826 in
1037 1769 1149 1828 decreto
1164 1770 1196 1826 S.
1213 1769 1342 1848 Congre-

136 1861 140 1870 ’
247 1871 368 1948 gallonis
381 1869 457 1928 edito
466 1871 550 1947 jussu
572 1869 649 1928 Sinti
662 1869 700 1926 V.
715 1887 789 1927 anno
811 1871 899 1936 1690,
914 1868 1102 1944 Regularibus
1114 1869 1341 1942 colloquentibus

247 1987 314 2030 cum
327 1969 551 2041 quibuscumque
566 1968 735 2026 monialibus
748 1969 808 2025 sive
821 1969 877 2035 sui,
892 1967 938 2025 vel
951 1967 1065 2024 alterius
1079 1966 1198 2035 ordinis,
1215 1968 1261 2025 vel
1276 1987 1342 2027 cum

247 2069 373 2142 qualibet
391 2067 510 2126 muliere
531 2069 561 2125 in
581 2067 754 2125 monasterio
774 2066 904 2143 degente,
928 2066 1063 2142 imposita
1085 2075 1128 2122 cst
1149 2086 1237 2144 poena
1251 2069 1344 2143 priva-

246 2167 333 2226 tionis
345 2165 443 2233 officii,
458 2169 536 2224 vocis
550 2167 647 2224 activae
662 2175 690 2223 et
702 2166 822 2242 passiva
836 2166 899 2241 ipso
909 2164 982 2222 lacto
996 2164 1172 2224 incurrenda.
1217 2164 1342 2224 Confes-

246 2266 328 2324 sariis
354 2273 448 2324 autern
475 2265 665 2342 Regularibus
697 2265 751 2323 fuit
775 2263 953 2322 interdictum
979 2264 1008 2320 in
1036 2261 1143 2323 sedibus
1169 2266 1340 2324 monialium

249 2364 421 2422 monasterIo
441 2365 583 2439 contiguis
604 2372 788 2440 pernoctare3
810 2372 858 2420 aut
870 2361 964 2420 lacere
976 2371 1007 2420 ut
1028 2362 1076 2418 alii
1096 2373 1275 2438 pernoctent,
1297 2364 1341 2421 vel

245 2461 313 2519 alias
326 2477 425 2518 secum
438 2460 558 2517 retinere
570 2479 578 2527 ς
592 2462 664 2518 item
678 2477 714 2518 ne
728 2460 758 2516 in
771 2461 806 2516 iis
820 2462 915 2518 ciburn
926 2471 1041 2518 sumant
1052 2471 1132 2518 extra
1145 2473 1259 2538 tempus
1273 2483 1340 2522 con·

245 2559 401 2619 sessionum
418 2557 602 2636 generalium.
644 2557 685 2618 Et
703 2558 765 2616 hsce
785 2559 833 2617 lex
846 2559 939 2617 verius
963 2559 1070 2635 obligat
1093 2561 1145 2618 sub
1162 2562 1278 2619 mortali
1290 2605 1296 2619 .
1310 2603 1336 2619 ..

246 2678 282 2718 ex
297 2658 410 2717 decreto
424 2658 456 2716 S.
471 2656 709 2736 congregationis
729 2657 805 2716 edito
822 2663 834 2716 l
851 2657 933 2725 Julii,
954 2649 1081 2716 1626.”3
1121 2659 1153 2716 S.
1174 2657 1339 2738 congrega·

245 2761 284 2818 tio
301 2763 312 2815 l
332 2759 416 2835 Maji,
441 2761 529 2826 1669,
549 2759 685 2834 probante
708 2756 876 2816 Innocentio
896 2757 955 2816 IX:
972 2757 1157 2816 “declaravit
1178 2757 1338 2834 Regulares

245 2859 295 2930 qui
314 2853 350 2914 ad
367 2858 537 2916 monasteria
550 2857 726 2922 monialium,
747 2858 877 2927 quamvis
897 2857 967 2932 ipsis
989 2857 1178 2932 Regularibus
1201 2859 1337 2935 subjecta,

244 2957 350 3026 absque
362 2955 491 3028 legitima
503 2955 635 3012 facultate
648 2953 795 3021 accedunt,
816 2953 1006 3026 colloquendo
1019 2956 1104 3012 etiarn
1118 2974 1169 3032 per
1182 2957 1338 3028 quodcum·

243 3069 298 3124 que
312 3049 456 3108 modicum
477 3051 613 3126 temporis
628 3053 750 3126 spatium
764 3071 828 3108 cunr
844 3055 1024 3119 monialibus,
1039 3072 1156 3128 peccare
1170 3057 1337 3123 mortaliter,

242 3167 350 3222 eosque
364 3166 448 3224 poeua
461 3149 776 3224 excommunicationis,
798 3151 967 3227 privationis
989 3154 1068 3210 vocis
1088 3153 1186 3210 activa
1200 3164 1229 3211 et
1249 3155 1337 3230 passi·

243 3269 295 3318 voe,
309 3249 430 3321 aliisque
444 3250 553 3307 statutis
567 3249 660 3326 poenis
674 3267 760 3326 posse
775 3252 810 3308 ab
822 3249 974 3310 Ordinatio
995 3261 1138 3324 tamquam
1152 3251 1229 3310 sedis
1245 3254 1336 3330 Apos-

244 3350 336 3409 tolicae
349 3348 480 3425 delegato
492 3347 650 3408 coerceri.”

282 3453 331 3507 69.
354 3447 426 3506 Haec
440 3447 573 3524 pleraque
587 3467 624 3506 ex
637 3447 670 3504 S.
685 3447 837 3523 Alphonsi,
852 3457 880 3506 et
900 3449 1021 3518 Giraldi,
1037 3449 1155 3506 celebris
1176 3450 1336 3526 interpretis

238 3548 312 3625 juris
326 3546 479 3614 Pontificii,
493 3547 611 3606 mutuati
624 3565 735 3612 sumus,
749 3557 781 3604 ut
800 3547 1012 3606 ostenderemus
1032 3557 1136 3621 quauta
1155 3548 1335 3607 solicitudine

243 3647 376 3706 Ecclesia
388 3645 519 3721 invIgilet
538 3645 806 3704 Sanctimonialium
826 3647 948 3722 puritati.
990 3647 1085 3704 Verba
1098 3647 1335 3706 Tridentinorum

242 3755 353 3823 patrum
376 3743 558 3820 ponderanda
579 3753 663 3800 sunt:
687 3752 706 3780 ‘⁶
718 3744 861 3804 Bonisaoii
883 3745 967 3803 VIII.
992 3745 1245 3814 constitutionem,
1273 3765 1335 3818 quae

242 3845 358 3922 incipit:
379 3841 565 3911 Periculose,
584 3860 723 3899 renovans
744 3845 777 3901 S.
802 3844 950 3920 Synodus,
964 3845 1104 3902 universis
1124 3846 1271 3920 episcopis
1284 3845 1334 3902 sub

241 3945 427 4004 obtestatIone
450 3941 539 4001 divini
556 3940 669 4020 judicil,
691 3951 719 3999 et
741 3942 968 4001 interminatione
989 3941 1196 4002 maledictionis
1211 3954 1332 4009 aeternoe,

241 4043 379 4119 praecipit,
393 4052 425 4099 ut
438 4043 466 4100 in
480 4043 613 4101 omnibus
626 4041 806 4098 monasteriis
826 4043 879 4102 sibi
898 4042 1035 4119 subjectis
1054 4042 1205 4110 ordinaria,
1227 4043 1255 4099 in
1271 4041 1333 4100 aliis

241 4136 307 4196 verb
322 4139 407 4196 Sedis
427 4141 602 4217 Apostolicoe
623 4140 797 4209 auctoritate,
812 4141 971 4199 clausuram
992 4141 1272 4209 sanctimonialium,
1288 4140 1334 4198 ubi

276 4327 318 4390 (l)
333 4322 359 4371 S.
372 4322 446 4387 Alph.
460 4326 466 4372 Ι
484 4327 524 4376 vii.
536 4343 561 4376 n.
570 4330 628 4376 227.
876 4331 915 4386 (2)
928 4326 1029 4384 Ibidem,
1041 4343 1065 4376 n.
1074 4326 1130 4376 229.

656 4412 698 4478 (8)
714 4411 814 4472 lbidem,
826 4427 850 4462 n.
862 4410 919 4460 ⁶2³2.
