3078 5258
450 515 508 579 DE
530 515 683 579 IAEGUM
705 515 1006 578 OBLIGATIONE.
1218 525 1275 583 169

179 683 289 760 duplex
313 700 380 740 vero
405 683 432 740 si
456 689 571 756 urgeret
602 681 768 740 confessarii
793 691 968 760 preceptum
993 685 1166 761 penitencia
1189 705 1273 747 cansa

183 784 284 842 latum.
365 825 369 832 ι

221 887 270 941 24.
292 880 411 939 Totum
422 897 495 956 opus
516 899 532 936 a
553 878 616 955 lege
635 889 809 956 preceptum
832 881 950 958 implere
969 881 995 940 si
1014 883 1079 956 quis
1098 901 1157 944 nou
1174 885 1274 953 valam,

179 991 290 1058 partem
304 998 391 1052 quam
404 987 499 1054 potest
511 979 616 1051 exequi
629 978 720 1048 debet,
734 981 760 1037 si
772 997 818 1037 res
831 978 919 1038 dividi
939 991 1032 1053 queat,
1054 983 1196 1058 partisque
1209 1001 1276 1042 exe·

181 1082 259 1139 cutio
271 1079 343 1155 legis
363 1078 415 1136 fini
435 1077 612 1150 aliquatenus
632 1079 776 1136 inserviat.
818 1078 898 1138 Hinc
916 1081 1017 1138 merito
1037 1080 1166 1140 damnata
1185 1092 1229 1140 est
1241 1083 1276 1140 ab

182 1178 350 1238 Innocentio
364 1177 419 1236 XI.
434 1178 611 1254 propositio:
634 1178 723 1244 “Qui
735 1195 795 1236 non
814 1187 908 1254 potest
925 1179 1042 1238 recitare
1062 1181 1235 1242 Mattianum
1248 1192 1277 1240 et

182 1277 308 1345 Laudes,
322 1285 418 1352 potest
430 1286 524 1333 autem
535 1277 660 1348 reliquas
673 1276 767 1344 horas,
782 1274 818 1332 ad
827 1277 899 1336 nihil
906 1286 1025 1348 tenebit,
1037 1281 1103 1353 quia
1111 1282 1203 1359 major
1211 1300 1277 1359 pars

182 1377 268 1434 trahit
280 1377 315 1432 ad
329 1393 360 1431 se
373 1367 563 1434 minorem.”l
582 1373 700 1450 Rejecta
713 1384 756 1432 est
768 1376 871 1450 pariter
884 1375 1067 1436 aBenedioto
1077 1379 1161 1439 XIV.
1176 1397 1275 1440 eorum

183 1477 334 1540 sententia,
349 1475 398 1545 qui
411 1474 534 1532 solutum
548 1475 584 1531 ob
596 1473 752 1549 legitimam
767 1491 880 1531 causam
893 1476 927 1532 ab
944 1476 1119 1546 abstinentia,
1131 1479 1225 1537 statim
1233 1480 1277 1555 je·

178 1575 258 1654 junii
270 1575 354 1631 etiam
366 1573 428 1650 lege
442 1573 514 1631 solvi
527 1569 688 1649 putabant.²
728 1571 786 1631 Oui
805 1581 902 1631 tamen
922 1573 1028 1650 duplex
1046 1577 1163 1636 resectio
1176 1579 1206 1636 in
1220 1575 1277 1636 die·

183 1676 241 1732 bus
251 1673 355 1750 jejunii
367 1680 409 1729 est
420 1673 580 1729 necessaria
599 1673 636 1730 ob
650 1671 784 1731 afflictam
797 1671 999 1743 valetudinem,
1013 1674 1059 1732 vel
1072 1695 1187 1752 gravem
1199 1677 1276 1737 labo·

184 1791 259 1837 rem,
269 1769 416 1848 jejunandi
434 1771 497 1848 lege
518 1770 601 1838 solvi,
622 1788 680 1827 non
700 1781 794 1829 autem
814 1771 984 1841 abstinendi,
1002 1783 1120 1832 censent
1141 1775 1276 1854 theologi3

185 1891 275 1945 quum
294 1870 435 1948 jejunium
456 1870 681 1928 ecclesiasticum
700 1871 785 1928 unica
804 1869 957 1929 resectione
978 1873 1139 1931 necessario
1157 1884 1269 1931 constet

186 1971 268 2028 Hinc
281 1988 339 2026 non
353 1977 449 2045 peccat
461 1977 517 2027 tres
538 1969 708 2026 refectiones
728 1971 753 2026 si
773 1969 935 2044 sumpserit,
956 1971 1009 2028 etsi
1023 1969 1085 2029 due
1105 1971 1277 2032 sufficerent.

189 2067 459 2128 Commendandum
483 2076 577 2126 autem
598 2067 780 2126 vehementer
799 2067 930 2126 fidelibus
950 2077 995 2126 est
1013 2067 1045 2128 'ut
1067 2061 1170 2149 alegis'
1187 2073 1279 2150 rigore

187 2187 276 2242 quam
289 2186 387 2243 parurn
399 2167 542 2226 recedant.

226 2272 277 2326 25.
299 2266 393 2344 Leges
407 2265 581 2325 affirmative
595 2285 612 2322 a
624 2266 763 2342 negativis
783 2265 1004 2343 distinguuntur,
1025 2267 1102 2341 quod
1114 2269 1169 2328 ille
1183 2271 1281 2346 preci·

188 2368 275 2444 piant,
290 2368 334 2425 hae
354 2367 533 2442 prohibeant.
579 2362 710 2443 Semper,
726 2364 776 2422 sed
788 2383 850 2424 non
858 2383 916 2445 pro
937 2385 1061 2447 seraper,
1076 2367 1131 2426 ille
1152 2366 1281 2429 dicuntur

188 2467 322 2542 obligare,
338 2465 415 2537 quod
434 2474 513 2523 aetus
535 2464 685 2537 aliquando
705 2464 859 2523 eliciendos
879 2462 1033 2526 statuant:³
1052 2485 1141 2542 quum
1154 2467 1198 2526 he
1212 2469 1281 2528 obli·

187 2577 386 2642 gentaemper
413 2574 441 2622 et
457 2581 515 2642 pro
539 2581 663 2640 seraper,
684 2565 843 2639 prohibent,
865 2565 984 2634 scilicet,
1005 2584 1041 2623 ne
1064 2575 1143 2625 actus
1165 2569 1282 2627 omnino

187 2666 249 2722 fiat.
277 2663 402 2721 vIndicia
419 2664 503 2740 igitur
522 2663 651 2736 obsequii
671 2681 739 2740 erga
759 2671 889 2739 parentes
909 2663 961 2720 filii
984 2663 1135 2735 aliquando
1153 2672 1283 2723 tenentur

189 2763 342 2828 exhibere,
364 2763 432 2834 quin
449 2779 573 2834 unquam
592 2763 703 2838 possint
721 2764 840 2836 impune
861 2760 967 2833 aliquid
987 2763 1017 2818 in
1038 2779 1087 2818 eos
1108 2760 1281 2832 delinquere.

187 2862 253 2928 Qui
275 2879 371 2918 carnes
391 2859 435 2917 die
455 2862 539 2918 vetito
558 2860 629 2918 sorte
650 2860 821 2919 manducare
841 2859 937 2936 coepit,
951 2859 1054 2918 oblitus
1074 2858 1282 2937 prohibitionis,

187 2961 285 3028 debet,
300 2978 391 3018 errore
405 2961 509 3036 agnito,
524 2977 556 3016 se
576 2961 734 3028 abstinere3
755 2961 887 3036 negativa
905 2959 1013 3018 scilicet
1025 2960 1072 3019 lex
1086 2958 1178 3020 adhue
1197 2960 1282 3038 viget,

189 3061 353 3132 servarique
373 3068 473 3134 potest.
517 3058 575 3124 Qui
593 3059 768 3137 jentaculum
792 3060 919 3136 amplum
942 3058 987 3118 die
1004 3061 1109 3138 jejunii
1131 3077 1168 3118 ex
1190 3077 1283 3118 errore

191 3161 324 3235 sumpsit,
339 3159 423 3216 debet
442 3158 640 3217 collatiunoula
660 3159 712 3216 sub
731 3177 850 3237 vespere
869 3177 933 3216 esse
953 3169 1112 3229 contentus,
1126 3159 1182 3217 nisi
1194 3161 1286 3218 obstet
1375 3187 1379 3194 ·

190 3277 277 3336 grave
291 3257 513 3316 incommodum.
558 3257 589 3315 Si
604 3266 698 3314 autem
712 3267 778 3334 post
790 3258 938 3334 prandium
950 3267 978 3314 et
986 3259 1162 3335 jentaculum
1175 3255 1286 3334 deteget

190 3375 325 3426 errorem,
337 3359 398 3435 jam
408 3376 466 3415 non
477 3356 616 3415 tenebitur
626 3376 642 3413 a
654 3375 734 3415 ooena
744 3357 857 3416 esuriali
867 3357 1017 3425 abstinere,
1027 3365 1200 3435 praeceptum
1209 3357 1285 3414 enim

187 3456 338 3534 jejunandi
351 3457 473 3533 amplius
487 3457 585 3528 nequit
597 3457 712 3514 servari.

233 3559 283 3613 26.
304 3556 416 3632 Legum
429 3555 592 3613 executioni
606 3574 695 3614 nemo
706 3553 790 3612 debet
808 3551 1045 3630 impedimentum
1065 3567 1181 3628 ponere,
1194 3559 1226 3608 nt
1238 3552 1287 3610 ob·

191 3655 358 3732 ligationem
372 3673 420 3712 eas
434 3653 569 3712 servandi
582 3653 690 3722 evadat,
714 3661 733 3690 “
742 3653 850 3712 nemini
870 3652 947 3710 enirn
960 3669 1012 3710 sua
1023 3651 1099 3710 fraus
1119 3652 1288 3727 patrocinari

194 3753 311 3811 debet.”
355 3755 405 3811 Sic
419 3773 477 3812 non
490 3753 574 3812 debet
587 3755 709 3827 quisque
723 3771 796 3830 opus
817 3753 961 3830 suscipere
975 3769 1010 3811 eo
1023 3752 1119 3812 animo
1139 3760 1171 3810 ut
1184 3752 1288 3829 jejunii

194 3853 260 3929 lege
275 3853 313 3910 sit
325 3854 471 3911 immunis.
514 3854 571 3916 Sed
587 3854 636 3926 qui
656 3855 731 3912 bona
750 3852 806 3910 fide
819 3853 887 3930 agit,
908 3852 953 3911 vel
970 3853 1035 3931 J'ure
1049 3871 1101 3912 sno
1122 3851 1217 3916 utitur,
1231 3867 1288 3906 non

233 4027 274 4091 (1)
293 4025 366 4091 Prop.
379 4025 418 4078 liv.
542 4027 584 4093 (2)
603 4026 667 4076 Vide
678 4025 742 4076 Bau.
752 4027 803 4076 xiv.
815 4025 863 4090 Ep
875 4022 1003 4086 Eacyelia·
1014 4021 1045 4072 de
1052 4019 1155 4087 jejtmio.

233 4112 275 4177 (3)
294 4119 308 4142 “
317 4111 373 4160 The
384 4111 527 4162 schoolmen
537 4111 599 4162 have
611 4111 669 4163 well
687 4110 734 4160 and
752 4110 856 4172 souudly
869 4105 1018 4157 determiued
1029 4105 1082 4156 that
1093 4097 1170 4156 de's
1186 4106 1289 4158 affirma·

190 4197 244 4244 tive
255 4195 315 4244 lawe
327 4195 375 4244 and
386 4203 504 4260 praeapte,
513 4196 625 4246 theflaws
636 4196 689 4246 that
695 4195 778 4260 enjoin
787 4209 836 4255 any
849 4192 930 4241 actual
942 4191 1012 4256 duty,
1023 4208 1050 4242 as
1060 4207 1152 4256 prayer,
1165 4191 1233 4252 alme,
1242 4193 1291 4242 and

191 4279 237 4329 the
248 4279 304 4340 like,
315 4279 347 4329 do
358 4279 417 4329 bind
435 4279 511 4330 used
525 4295 622 4348 cemper
638 4279 705 4339 oelle,
716 4281 760 4330 but
770 4285 815 4328 not
825 4275 860 4326 ad
876 4290 975 4344 semper
985 4291 1131 4344 cgere-we
1148 4292 1188 4326 ara
1199 4275 1247 4327 tiad
1264 4284 1290 4328 to

189 4366 278 4414 iterata
295 4364 344 4414 aad
356 4380 452 4415 resume
467 4365 535 4416 them
557 4366 631 4416 when
644 4365 713 4430 ,need
730 4363 876 4424 is,howbeit
888 4369 969 4414 netto
980 4361 1097 4414 continue
1110 4361 1176 4414 thern
1186 4361 1291 4412 without

190 4449 448 4583 anyvintarmiseion.”
471 4451 595 4502 Hoolrer's
605 4452 674 4503 Eccl.
686 4451 775 4514 Polity,
786 4451 802 4500 l.
814 4467 837 4498 v.
847 4467 873 4501 ιι.
885 4449 924 4500 71.

265 4547 313 4586 or..
335 4529 442 4587 I.-16
