3046 5262
283 483 343 538 26⁰
462 477 519 538 DE
541 478 805 538 POTESTATIS
826 478 980 538 otvllns
1000 479 1191 540 ORIGINE.

284 665 360 714 nem,
374 646 421 705 vel
433 645 561 722 singulos
582 655 681 713 actus;
702 644 754 704 sed
767 663 855 718 quum
868 645 937 702 velit
949 646 1012 721 ips'e
1032 645 1161 706 ordinem
1178 647 1373 722 justitiamque

285 747 400 812 1111111,
414 755 443 804 et
455 745 579 822 populos
593 745 622 802 in
636 745 801 802 societatem
820 743 989 811 coalescere,
1010 763 1094 802 omne
1109 745 1284 802 auctoritatis
1298 763 1373 802 exer·
1474 741 1477 750 ’

285 844 384 902 citium
398 845 475 918 quod
488 844 533 902 his
547 844 666 902 inservit
675 843 789 910 finibus,
801 860 982 915 quocumque
997 845 1092 900 veniat
1104 844 1232 910 nomine,
1247 845 1305 920 ipsi
1318 861 1376 919 pro

285 943 381 1002 batum
395 942 570 1002 censendum
583 951 636 1000 est
658 941 775 1018 Optime
789 940 960 998 Dominicus
975 943 1046 998 Soto
1059 943 1205 1016 potestatis
1219 943 1312 999 civilis
1325 943 1374 999 ori·

285 1042 381 1118 ginem
390 1040 425 1099 ad
431 1042 595 1101 instinctum
603 1059 634 1098 se
643 1038 773 1098 servandi
780 1041 911 1097 omnibus
920 1039 1040 1098 inditum
1048 1039 1151 1098 refert:
1168 1049 1186 1075 ‘⁶
1198 1038 1374 1116 congregata

285 1139 352 1198 rard
361 1141 522 1219 respublica
529 1140 692 1213 neutiquam
700 1157 731 1196 se
742 1148 853 1215 poterat
860 1139 1026 1215 gubcmare‚
1036 1138 1191 1211 hostesque
1202 1139 1374 1215 propulsare,

286 1239 556 1310 malefactorumque
571 1237 716 1296 audaciam
731 1237 874 1304 cohibere,
888 1237 945 1294 nisi
962 1239 1142 1314 magistratus
1156 1236 1299 1314 deligeret,
1314 1238 1373 1308 qui·

284 1338 338 1396 bus
352 1356 433 1398 suam
446 1338 580 1396 tribueret
595 1337 766 1396 facultatem.
808 1335 886 1394 Nam
906 1336 974 1393 alias
994 1344 1051 1394 tota
1063 1337 1246 1412 congregatio
1260 1337 1320 1392 sine
1333 1354 1373 1392 or-

285 1435 351 1494 dine
371 1447 400 1494 et
421 1437 514 1513 capite
526 1453 621 1508 neque
643 1453 733 1492 unum
755 1453 859 1512 corpus
880 1444 1102 1510 representaret,
1126 1453 1218 1506 neque
1236 1453 1275 1492 ca
1287 1435 1374 1510 provi·

285 1535 351 1594 dere
365 1544 472 1612 posset,
486 1553 550 1606 quae
564 1533 742 1611 expedirent.
763 1533 844 1610 Ergo
857 1531 955 1590 eadem
965 1534 1072 1590 ratione
1086 1532 1174 1590 doctae
1185 1532 1374 1605 divinitusque

285 1633 427 1690 instructa
441 1629 619 1707 respublicas,
642 1632 704 1688 aliae
727 1632 844 1689 annales
865 1632 1008 1698 consules,
1029 1633 1091 1690 alia
1113 1631 1182 1689 alias
1202 1632 1374 1708 publicarum

285 1729 559 1789 administrationum
573 1729 677 1788 formas
691 1730 746 1788 sibi
760 1732 950 1788 instituerunt.
964 1772 970 1787 .
984 1771 1011 1788 ..
1042 1731 1121 1788 Ecce
1136 1729 1374 1803 quemadmodum

284 1829 398 1907 publica
410 1829 504 1888 civilis
524 1838 648 1906 potestas
661 1828 802 1888 ordinatio
822 1829 878 1887 Dei
891 1839 953 1887 est:
976 1847 1034 1887 non
1054 1830 1132 1904 quod
1144 1830 1308 1906 respublica
1320 1847 1374 1886 non

283 1929 589 2007 creaveritprincipes,
603 1927 654 1986 sed
667 1927 744 2002 quod
765 1928 863 1986 lecerit
883 1928 1017 1986 divinitus
1039 1929 1157 1987 emdita.
1199 1927 1287 1986 Unde
1308 1926 1374 1984 illud

286 2028 356 2104 Sap.
372 2029 430 2085 xiv.
464 2029 559 2094 ‘Tua
575 2028 669 2096 Pater,
692 2007 869 2104 providentia
888 2028 922 2084 ab
942 2027 1022 2084 initio
1036 2037 1136 2086 cuncta
1158 2027 1316 2104 gubernat’
1330 2069 1336 2082 .
1349 2067 1373 2082 ..

283 2125 324 2184 Et
335 2125 400 2183 ideo
414 2125 521 2184 Paulus
539 2125 573 2182 ad
593 2125 679 2184 Rom.
694 2127 755 2185 xiii.
779 2127 969 2186 auctoritatem
991 2128 1153 2204 principum
1174 2144 1233 2184 non
1255 2127 1287 2183 in
1307 2143 1373 2182 rem·

197 2229 200 2235 '
282 2225 425 2302 publicam
438 2233 557 2292 tantum,
572 2223 665 2283 sedin
679 2225 775 2283 Deum
788 2227 882 2301 ipsum
896 2217 1027 2282 refert.”¹

322 2329 352 2382 2.
373 2326 546 2383 Potestatem
559 2341 675 2382 omnem
688 2324 800 2382 civilem
814 2345 830 2381 a
843 2323 908 2382 Deo
921 2342 995 2391 esse,
1010 2342 1197 2397 quacumque
1212 2324 1249 2380 sit
1261 2323 1371 2400 regimi-

286 2424 332 2482 nis
345 2424 446 2492 forma‚
461 2423 602 2480 credimus
621 2421 761 2497 Apostolo
775 2421 892 2480 docente
904 2442 911 2478 :
935 2431 954 2458 ‘⁶
965 2442 1023 2480 non
1036 2433 1080 2480 est
1092 2424 1171 2480 enim
1190 2431 1314 2498 potestas
1324 2421 1375 2478 uisi

284 2521 396 2582 aDeo:
419 2540 481 2596 qua
495 2530 588 2578 autem
610 2529 685 2590 sunt,
707 2519 800 2578 aDeo
821 2520 956 2578 ordinata
978 2518 1092 2580 sunt.”³
1131 2520 1212 2579 Hinc
1232 2520 1373 2596 Sapientia

283 2619 379 2680 divina
391 2622 445 2681 sibi
458 2621 552 2680 tribuit
562 2629 704 2679 rectorum
717 2621 919 2688 auctoritatem,
933 2631 961 2678 et
973 2621 1069 2697 legum
1082 2620 1281 2698 disciplinam:
1297 2627 1316 2654 ‘⁶
1326 2637 1374 2695 per

281 2737 328 2778 me
340 2739 422 2798 reges
435 2731 563 2798 regnant,
578 2730 606 2778 et
617 2721 713 2797 legum
723 2719 883 2778 conditores
892 2721 971 2796 justa
983 2715 1189 2778 decemunt.”³
1229 2718 1372 2791 Equidem

282 2816 393 2878 homini
406 2821 436 2878 in
449 2820 596 2880 hominem
610 2820 728 2878 alterum
742 2819 820 2878 nulla
833 2828 875 2876 est
882 2820 947 2896 Jure
961 2828 1064 2876 natura
1085 2828 1219 2895 potestas,
1235 2827 1264 2875 et
1276 2835 1370 2890 quam·

316 3002 359 3067 (l)
375 3001 414 3052 De
425 3002 524 3052 lustitia
539 3010 564 3052 et
572 3005 635 3068 June,
648 3004 664 3052 1.
676 3003 707 3051 iv.
718 3013 801 3067 quast.
813 3006 845 3053 ir.
855 3013 899 3054 111.
912 3005 927 3056 1.

315 3087 357 3151 (2)
372 3085 442 3135 Rom.
455 3085 504 3135 xiii.
517 3087 539 3134 1.
574 3093 588 3117 ‘⁶
599 3085 654 3134 The
666 3089 807 3151 expression
819 3105 846 3138 as
858 3091 917 3139 used
935 3092 966 3154 by
979 3091 1016 3141 St.
1028 3091 1090 3141 Paul
1103 3091 1124 3140 11
1138 3091 1230 3156 justas
1243 3087 1374 3154 applicable

278 3179 303 3220 to
315 3186 362 3221 one
373 3171 470 3222 hindei
483 3180 652 3233 govemmcnt,
661 3173 708 3222 and
721 3181 746 3222 to
758 3189 806 3223 ono
817 3175 878 3224 kind
891 3176 919 3224 01
927 3177 1074 3236 succession,
1087 3193 1113 3225 as
1125 3184 1150 3225 to
1161 3175 1323 3226 another-to
1335 3171 1373 3221 the

276 3258 377 3308 elective
388 3257 527 3321 magimata
537 3258 566 3307 oi
578 3275 593 3308 a
604 3273 665 3324 puro
676 3259 792 3324 republic‚
803 3276 830 3311 aa
842 3269 867 3310 to
879 3277 911 3310 an
923 3263 1033 3311 absoluto
1050 3261 1187 3325 hereditary
1199 3256 1374 3309 monarch.”-

279 3343 376 3410 Paley’s
387 3345 466 3395 Moral
473 3343 632 3410 Philosophy,
645 3345 660 3394 1.
671 3346 704 3395 ri.
713 3361 732 3396 o.
742 3347 767 3394 4.

313 3431 353 3495 (8)
367 3427 439 3480 Pron.
449 3428 500 3479 viii.
514 3430 553 3477 ld.
570 3427 666 3478 Eodem
678 3429 788 3479 recidunt
799 3443 852 3492 qua
864 3429 937 3479 tradit
947 3429 1053 3498 erimina
1065 3430 1166 3494 scriptor
1179 3427 1300 3480 Bianchi:
1320 3435 1334 3458 ‘⁸
1343 3425 1375 3474 Se

276 3516 339 3566 bans
350 3516 372 3565 si
382 3514 509 3566 considera
518 3515 543 3564 la
554 3521 641 3566 natura
651 3515 715 3566 della
726 3531 783 3566 cosa
794 3515 821 3564 in
838 3530 865 3564 se
880 3523 966 3576 stesso,
983 3531 997 3565 1
1008 3532 1035 3564 se
1052 3515 1074 3565 si
1085 3515 1171 3566 11111111
1184 3515 1224 3564 all'
1237 3513 1338 3575 origine,
1350 3510 1371 3560 11

277 3615 411 3665 progresso,
429 3601 476 3650 alla
492 3600 629 3650 vanazione
648 3601 710 3650 della
732 3600 830 3665 publica
848 3599 955 3662 signoria
972 3601 1003 3650 da
1022 3601 1067 3650 che
1085 3601 1111 3650 t'u
1131 3599 1263 3649 introdotta
1287 3607 1324 3648 tra
1341 3595 1373 3658 gli

275 3684 379 3741 nomini,
390 3683 411 3731 si
422 3681 554 3732 conoscerb
565 3685 735 3741 chiaramonte,
748 3685 794 3734 che
803 3686 850 3734 ella
861 3699 912 3734 non
925 3685 951 3735 in
961 3687 1021 3736 11110
1032 3701 1105 3735 senso
1117 3684 1221 3750 procede
1236 3684 1268 3732 da
1279 3683 1335 3740 Dio,
1347 3696 1371 3730 se

276 3781 327 3818 non
336 3766 362 3816 in
374 3773 474 3830 quanto,
482 3766 576 3814 avendo
588 3767 635 3828 egli
646 3776 683 3816 tra
694 3768 728 3829 gli
740 3769 793 3818 altri
805 3769 865 3818 doni
876 3769 980 3819 naturali
991 3769 1114 3820 all'uman
1123 3768 1222 3817 Genera
1233 3767 1290 3816 dato
1300 3779 1371 3816 ancer

277 3849 394 3915 quellodi
414 3849 505 3915 aspersi
517 3864 660 3898 conservare
677 3850 743 3899 nella
759 3867 851 3901 umana
869 3850 976 3913 sociata,
997 3851 1127 3902 ditandarsi
1144 3849 1202 3900 dall’
1221 3851 1374 3914 oppressione

275 3934 312 3984 de'
325 3934 489 4000 prepotenti,e
509 3934 629 3985 custodire
642 3931 657 3982 l'
670 3932 762 3998 equita,
774 3951 789 3983 e
800 3935 823 3985 11
835 3936 947 3997 giustizia
963 3946 1047 3986 contro
1059 3937 1082 3985 11
1094 3936 1205 3985 violenaa
1216 3933 1254 3984 de’
1265 3930 1374 3995 malvagi,

274 4021 308 4081 gli
317 4021 350 4068 ha
361 4023 498 4072 conosduto
510 4038 599 4072 ancora
610 4021 629 4070 il
640 4021 722 4071 diritto
735 4021 760 4070 d'
772 4021 876 4072 istituire
887 4023 897 4072 i
908 4021 1025 4087 Principi,
1037 4038 1051 4070 1
1063 4023 1071 4071 1
1085 4020 1230 4083 Magistrati,
1241 4036 1256 4068 e
1266 4019 1291 4068 di
1305 4017 1374 4067 collo·

273 4117 328 4152 care
339 4104 362 4152 11
370 4106 466 4168 publica
477 4105 579 4170 potesta,
592 4123 607 4156 o
617 4107 645 4156 in
657 4123 707 4157 uno
717 4107 777 4168 solo,
787 4107 832 4157 che
844 4108 878 4169 gli
889 4107 943 4157 altri
955 4106 1165 4173 soprantcndesse,
1178 4122 1194 4154 ο
1204 4105 1231 4154 in
1245 4103 1325 4154 alcuni
1337 4099 1374 4151 de'

275 4185 317 4249 piu
326 4187 407 4247 scelti,
418 4186 464 4237 che
475 4188 500 4237 di
512 4205 603 4240 comun
616 4191 736 4252 consiglio
746 4191 964 4240 amministrassero
982 4190 1004 4240 la
1022 4189 1142 4251 giustizia,
1154 4205 1167 4237 e
1179 4189 1202 4237 le
1214 4187 1321 4236 violence
1332 4185 1374 4233 im·

273 4268 419 4334 pedissero.''
454 4270 525 4321 Della
537 4272 636 4323 Potestis
648 4291 662 4324 e
674 4275 838 4324 della-Politia
846 4275 908 4324 dolls
922 4274 1021 4334 Chiesa,
1033 4275 1063 4323 da
1076 4272 1192 4334 Bianchi,
1204 4272 1289 4329 Roma,
1302 4269 1373 4316 tnta.

275 4355 304 4404 L.
316 4353 332 4404 l·
345 4357 359 4413 ᾗ
372 4354 389 4403 l.
400 4370 425 4403 n·
437 4358 461 4403 2·
