3076 5260
584 1243 726 1304 CAPUT
746 1245 802 1306 111.

448 1469 486 1510 DE
508 1471 672 1512 PARENTUM
692 1472 954 1514 osurotntortlmts.

196 1651 246 1704 83.
274 1643 439 1706 Passurus
462 1665 500 1704 ex
523 1649 588 1724 ipso
611 1660 717 1708 naturae
741 1649 875 1708 instinctu
898 1649 1009 1725 prolem
1037 1647 1112 1706 alere
1135 1647 1255 1706 debent:

158 1744 235 1816 quod
248 1753 276 1802 et
284 1745 333 1819 jus
347 1739 447 1802 civile¹
460 1754 488 1802 et
500 1740 685 1804 canonicum²
697 1747 835 1821 praecipit.
867 1746 900 1802 Si
914 1745 975 1801 sine
989 1744 1158 1815 gravedine
1169 1757 1256 1792 causa

158 1833 222 1894 eam
244 1839 467 1913 brephotrophio
489 1839 607 1908 tradant,
627 1851 747 1916 peccant
771 1851 869 1900 contra
885 1839 1042 1916 justitiam,
1065 1850 1138 1892 onus
1162 1827 1256 1888 aiendi

157 1931 351 1988 communitati
365 1933 558 2010 imponendo:
581 1937 659 2006 quod
678 1939 705 1990 si
724 1947 849 2006 egestate
869 1943 1046 2004 premamur,
1065 1931 1133 1984 licet
1145 1926 1256 2001 prolem

155 2027 197 2081 sic
211 2042 355 2098 exponere
375 2026 495 2100 publicis
515 2026 675 2099 sumptibus
696 2025 838 2094 alendam,
859 2044 948 2098 quum
967 2043 1033 2084 eum
1047 2025 1076 2080 in
1103 2022 1192 2080 finem
1206 2021 1254 2080 do·

156 2139 221 2180 mus
234 2121 290 2179 illae
304 2131 405 2180 erecta
419 2121 485 2179 sint.
527 2119 561 2177 Id
581 2122 665 2179 etiam
684 2120 761 2190 licet,
777 2123 862 2199 juxta
881 2123 1047 2189 nonnullos,
1062 2119 1097 2178 ad
1110 2119 1256 2178 infamiam

158 2215 324 2286 vitandam,³
337 2238 404 2278 nam
418 2237 452 2276 ea
464 2219 496 2275 fit
507 2219 590 2293 eopia
602 2229 634 2275 ut
653 2219 807 2278 infantibus
827 2221 1004 2288 consulatur,
1019 2219 1068 2294 qui
1082 2235 1159 2294 sepe
1172 2235 1255 2276 neca-

155 2325 252 2374 rentur
264 2314 299 2372 ad
312 2316 460 2374 celandum
474 2316 593 2374 crimen.
635 2315 779 2376 Oaeterum
799 2319 824 2376 si
839 2319 960 2386 vedeant,
975 2325 1090 2395 oportet
1109 2325 1141 2374 ut
1154 2315 1252 2374 domui

155 2414 277 2470 tribuant
298 2415 449 2488 pecuniam
472 2432 528 2485 qua
547 2412 683 2472 damnum
702 2411 875 2491 reparetur.⁴
915 2417 962 2475 Ea
984 2425 1079 2474 autem
1099 2413 1176 2491 apud
1199 2431 1252 2472 nos

155 2510 277 2570 occurrit
289 2509 449 2577 difficultas,
463 2510 541 2583 quod
554 2510 675 2570 infantes
695 2513 737 2570 sic
751 2514 875 2588 expositi
888 2516 1017 2572 sectariis
1031 2512 1076 2570 vet
1089 2511 1252 2570 infidelibus

155 2608 325 2684 plerumque
343 2609 483 2666 tradantur
496 2626 534 2666 ex
546 2608 768 2685 brephotrophio
781 2612 909 2686 egressi:
932 2618 1104 2687 quapropter
1117 2621 1251 2686 parentes

154 2705 289 2764 catholici
302 2714 377 2766 tanto
387 2706 546 2768 discrimini
559 2706 656 2764 salutis
669 2724 751 2764 suam
764 2707 875 2781 prolem
886 2717 992 2766 temere
1007 2706 1174 2782 objicientes
1189 2704 1252 2762 nul-

154 2803 266 2862 latenus
286 2813 463 2864 excusantur.
506 2804 610 2863 Utrum
633 2814 727 2862 autem
748 2814 859 2879 egestas
881 2806 918 2862 sit
940 2805 1010 2862 ratio
1029 2803 1167 2878 legitima,
1194 2818 1250 2874 qua

154 2911 337 2970 excusentur,
348 2902 422 2962 haud
436 2903 517 2962 facile
530 2910 574 2960 est
592 2901 667 2962 dictu
681 2923 688 2960 :
710 2911 844 2962 cretenrm
865 2904 890 2963 si
904 2912 1031 2960 extrema
1047 2901 1175 2960 laborent
1187 2900 1252 2960 ino·

155 3001 214 3076 pia,
228 3000 275 3057 vel
288 3001 358 3059 adeo
372 3002 449 3078 gravi
462 3010 493 3058 ut
506 3009 647 3074 nequeant
659 3019 776 3078 prorsus
796 3001 906 3078 prolem
926 3010 1097 3068 sustentare,
1111 2998 1188 3058 haud
1201 3019 1253 3058 au·

156 3097 257 3156 demus
277 3118 327 3158 eos
350 3099 494 3168 damnare,
518 3101 577 3174 qui,
597 3102 662 3159 vitae
683 3109 713 3160 ut
735 3101 894 3168 consulant,
918 3119 955 3159 ex
977 3109 1084 3159 naturae
1105 3099 1250 3166 instinctu,

157 3196 266 3273 prolem
279 3197 500 3274 brephotrophio
515 3197 644 3256 alendam
657 3197 778 3264 tradunt,
800 3217 881 3274 spem
901 3197 1030 3255 foventes
1051 3206 1083 3254 ut
1096 3197 1190 3270 aliqua
1204 3198 1246 3254 eis

156 3303 256 3371 postea
275 3305 405 3354 nascatur
418 3297 531 3354 occasio
554 3315 617 3355 eam
637 3295 800 3354 christianis
819 3294 998 3353 documentis
1022 3292 1197 3361 instituendi,
1223 3304 1251 3350 et

158 3394 270 3452 interim
289 3403 419 3452 curantes
439 3402 470 3450 ut
481 3395 650 3471 baptizetur,
664 3393 698 3451 ad
712 3393 796 3451 saluti
809 3392 1015 3452 consulendum
1028 3393 1053 3449 si
1073 3391 1144 3449 sorte
1159 3409 1174 3447 e
1194 3392 1252 3449 vita

158 3491 278 3550 tollatur.
321 3493 425 3552 Utrum
438 3491 562 3550 infamiae
585 3493 743 3568 periculum
764 3491 925 3550 habendum
946 3492 984 3548 sit
1002 3485 1191 3556 excusationi,
1205 3489 1251 3546 his

160 3591 190 3648 in
202 3608 298 3650 rerum
311 3590 462 3668 adjunctis,
483 3590 559 3649 haud
578 3591 660 3650 sacile
679 3590 823 3648 definitur.
865 3590 966 3648 Puella
985 3608 1048 3662 qum
1068 3587 1123 3645 sibi
1140 3595 1169 3644 et
1182 3583 1256 3663 proli

158 3689 323 3764 prospicere
337 3708 395 3748 non
408 3691 521 3765 poterit,
536 3689 651 3747 infamia
665 3689 752 3746 simul
766 3697 795 3745 et
807 3690 905 3766 inopia
917 3697 1077 3765 premente,
1092 3684 1256 3744 excusanda

160 3785 281 3853 videtur,
296 3787 322 3844 si
343 3787 453 3863 prolem
473 3787 698 3864 brephotrophio
719 3789 887 3857 committat,
909 3786 944 3844 ad
964 3787 1020 3845 sibi
1042 3786 1142 3843 saltem
1155 3802 1258 3842 consu·

159 3883 287 3961 lendum,
302 3893 330 3942 et
342 3903 377 3944 eo
391 3887 474 3943 etiam
489 3887 583 3944 animo
597 3894 629 3942 ut
640 3887 665 3943 si
685 3904 742 3957 qua
764 3869 856 3963 possit
874 3887 981 3944 ratione
995 3884 1082 3961 prolis
1096 3883 1179 3940 saluti
1192 3889 1258 3938 con-

157 3981 238 4039 sulat.
282 3981 339 4041 eui
359 3993 513 4060 suppetunt
532 3982 639 4042 divitiae
659 3983 744 4042 debet
765 3986 875 4061 prolem
895 3984 997 4042 nutrici
1019 3981 1137 4048 tradere,
1152 3989 1180 4038 et
1192 3980 1255 4056 ejus

157 4079 316 4138 christianae
330 4080 499 4140 institutioni
511 4082 647 4158 deinceps
669 4083 830 4158 providere,
850 4080 975 4141 adhibita
996 4078 1106 4138 cautela
1119 4078 1154 4136 ad
1169 4098 1252 4137 suum

227 4283 266 4346 (l)
285 4281 387 4346 Cupde
399 4281 495 4334 alendis
506 4281 597 4335 liberis.
788 4288 830 4352 (ἱ)
844 4283 1078 4351 Οειρ.εἰᾳιιὺ,ᾱίοι.
1091 4299 1151 4335 xxx.

224 4365 267 4429 (3)
283 4365 367 4430 Msyol
380 4367 472 4431 Expos.
484 4368 516 4418 ir.
528 4383 597 4429 proc.
610 4376 653 4417 ert.
665 4369 681 4416 i.
742 4425 748 4435 ¹
784 4371 825 4436 (4)
839 4367 864 4418 ff.
876 4370 906 4418 de
918 4369 958 4419 lib.
971 4385 1069 4432 agnose.
1083 4371 1097 4420 Ι.
1110 4383 1203 4418 necare.
