3068 5256
274 537 330 592 126
567 532 624 592 DE
646 531 786 592 SEXTO
807 531 1058 591 PRAEGEPTO.

273 699 379 755 clarum
392 697 502 756 videtur
515 699 729 758 fornicationem
739 699 897 756 secundum
907 717 938 755 se
947 697 1053 756 nullam
1064 696 1208 755 involvere
1217 699 1364 765 malitiam,

274 805 302 854 et
314 796 405 854 solam
419 815 482 854 esse
502 798 605 856 malam
625 799 691 874 quia
710 797 865 865 interdicta,
880 807 911 854 ut
932 797 1102 855 contrarium
1124 797 1242 854 omnino
1265 799 1366 856 rationi

273 894 422 954 dissonum
435 893 611 956 videatur.'’¹
651 899 686 955 In
699 896 878 955 confessione
889 914 1007 954 necesse
1021 905 1065 953 est
1077 896 1186 954 crimen
1198 895 1255 953 hoc
1268 897 1365 966 sateri;

274 1012 328 1052 nec
341 994 445 1052 sufficit
457 996 550 1055 dicere
564 1015 595 1054 se
609 1014 693 1074 grave
712 996 819 1067 aliquid
838 1005 935 1054 contra
952 994 1108 1052 castitatem
1127 1014 1194 1054 cum
1213 995 1307 1052 soluta
1320 994 1366 1052 ad·

275 1094 400 1162 misisse,
420 1113 487 1153 nam
506 1097 644 1156 contraria
657 1095 815 1171 propositio
835 1094 966 1152 damnata
984 1103 1028 1150 est
1046 1094 1081 1152 ab
1100 1093 1267 1152 Alexandro
1280 1091 1366 1152 VII.²

277 1190 421 1252 Cretemm
431 1197 524 1253 verbis
532 1193 698 1254 verecundis
712 1213 775 1266 quae
783 1203 877 1252 actum
886 1195 954 1251 satis
962 1191 1113 1260 declarant,
1123 1194 1192 1265 quin
1201 1192 1236 1251 de
1251 1192 1365 1270 adjunc-

277 1292 313 1350 tis
327 1291 499 1351 enucleatius
513 1295 629 1362 dicatur,
644 1295 711 1352 satis
724 1301 769 1350 est
781 1293 913 1351 delictum
927 1291 1063 1350 confiteri.

319 1394 385 1448 143.
407 1393 602 1452 Meretricium
623 1393 767 1470 prohiberi
788 1411 825 1450 ex
847 1392 929 1449 dictis
949 1385 1051 1463 liquet,
1078 1409 1143 1448 nam
1169 1391 1364 1450 [emicationis
1405 1459 1413 1478 ·

277 1498 395 1568 augetur
419 1493 524 1550 malitia
544 1492 656 1566 quando
677 1492 810 1564 frequens
830 1501 883 1559 est,
905 1501 933 1548 et
954 1491 1041 1567 prolis
1064 1491 1254 1565 procreationi
1279 1490 1364 1566 pluri-

276 1607 388 1646 morum
402 1590 549 1649 hominurn
570 1592 773 1650 commercium
793 1599 939 1666 repugnat.
981 1589 1116 1649 Districte
1136 1590 1254 1648 vetitum
1274 1591 1365 1647 estin

276 1687 339 1763 legs
353 1687 501 1745 Mosaica:
524 1690 624 1748 “Non
643 1691 695 1748 erit
713 1691 848 1747 meretrix
868 1690 904 1747 de
924 1687 1034 1746 filiabus
1054 1690 1152 1756 Israel,
1166 1707 1220 1746 nec
1233 1698 1366 1746 scortator

277 1784 312 1844 de
325 1785 392 1844 filiis
406 1781 544 1846 lsrael.”³
584 1789 619 1848 ln
631 1789 700 1848 illud
714 1789 856 1847 invehitur
863 1787 1018 1865 Apostolus
1031 1808 1038 1844 ε
1062 1788 1219 1846 “Nescitis
1231 1789 1365 1860 quoniam

277 1903 396 1962 corpora
408 1897 500 1946 vestra
512 1890 640 1948 membra
652 1898 718 1948 sunt
726 1887 856 1946 Christi?
906 1887 1025 1945 Tollens
1034 1905 1102 1964 ergo
1111 1887 1239 1946 membra
1247 1885 1365 1953 Christi,

277 1985 378 2044 faciam
391 1987 518 2046 membra
530 1989 707 2048 meretricis?
749 1989 840 2045 Absit.
881 1986 1198 2059 Annescitisquoniam
1212 1987 1261 2059 qui
1275 1984 1365 2043 adhae·

276 2093 319 2140 ret
331 2087 481 2152 meretrici,
495 2105 584 2144 uuum
597 2106 701 2164 corpus
721 2087 862 2144 efficitur?
904 2086 1015 2143 ‘Erunt
1033 2086 1109 2143 enim
1124 2081 1240 2165 (inquit)
1261 2085 1318 2144 duo
1337 2085 1366 2142 in

277 2199 360 2238 came
379 2183 456 2242 una’
499 2185 557 2251 Qui
579 2196 673 2244 antem
692 2185 816 2244 adhaeret
834 2185 971 2252 Domino,
984 2204 1059 2242 unus
1079 2185 1194 2262 spiritus
1215 2194 1269 2242 est.
1311 2185 1365 2242 Fu-

276 2281 333 2355 gite
347 2280 610 2342 somicadonem.'’⁴

319 2383 386 2438 144.
408 2381 622 2442 concubinatus
636 2383 737 2442 dicitrr
749 2403 848 2442 eorum
862 2393 948 2442 status
963 2386 1012 2457 qui
1026 2386 1181 2461 conjugum
1195 2386 1282 2443 instar
1302 2402 1366 2440 con-

277 2491 431 2538 sueverunt
457 2484 563 2556 absque
589 2484 751 2560 nuptiarum
773 2483 891 2541 sedere.
935 2483 1145 2542 Gravissimum
1165 2493 1209 2542 est
1228 2492 1364 2540 scortatus

277 2597 379 2656 genus,
394 2601 482 2653 quum
502 2583 737 2642 consuetudinem
750 2593 778 2641 et
790 2592 967 2641 constantem
981 2584 1106 2642 animum
1127 2581 1266 2659 peccandi
1279 2583 1364 2641 serat:

277 2681 354 2752 quod
367 2681 392 2738 si
406 2683 537 2741 alteruter
549 2685 684 2763 conjugio
698 2684 736 2741 sit
753 2685 867 2760 ligatus,
882 2682 1049 2741 adulterium
1069 2683 1192 2740 immane
1213 2692 1267 2739 est.
1310 2681 1366 2746 Qui

277 2779 355 2840 dorni
373 2783 476 2841 retinet
487 2784 684 2852 concubinam,
699 2794 742 2842 est
754 2785 872 2842 omnino
885 2780 1052 2858 obligandus
1062 2780 1097 2838 ad
1109 2800 1173 2839 eam
1187 2779 1366 2858 ejiciendam,

277 2879 343 2936 licet
355 2900 421 2938 curn
435 2901 539 2958 magno
552 2885 597 2940 sui
616 2879 825 2941 incommodo.⁵
865 2882 900 2939 In
920 2881 1089 2957 specialibus
1109 2899 1203 2939 rerum
1217 2880 1366 2957 adjunctis,

278 2963 391 3047 quando
412 2981 478 3055 ejici
501 2982 609 3051 nequit,
633 2991 730 3056 potest
748 2979 899 3053 aliquando
925 2981 968 3038 vir
994 2979 1112 3048 absolvi,
1132 2980 1157 3036 si
1178 2979 1367 3038 confessarius

277 3077 422 3133 existimet
434 3095 500 3134 eum
514 3096 611 3134 revera
631 3099 647 3135 a
666 3080 838 3138 commercio
859 3080 957 3138 illicito
978 3098 1008 3136 se
1023 3080 1226 3138 abstenturum.
1269 3079 1366 3155 lnjun·

276 3191 342 3251 gere
356 3183 450 3233 autem
463 3177 581 3235 omnino
594 3178 736 3253 oportebit
749 3188 780 3236 ut
789 3180 1002 3254 quamprimum
1016 3199 1079 3238 eam
1093 3178 1230 3246 dirnittat3
1252 3180 1277 3236 si
1291 3178 1368 3236 enim

276 3291 339 3331 eam
353 3283 451 3352 pergat
463 3275 538 3352 apud
552 3295 583 3334 se
597 3278 727 3346 retinere,
741 3278 845 3337 fmstra
854 3278 972 3337 confidit
984 3296 1015 3336 se
1029 3288 1211 3356 peccaturum
1221 3295 1279 3336 non
1293 3295 1368 3344 esse,

269 3392 365 3446 quum
390 3377 550 3451 periculum
568 3386 652 3435 amet.
694 3377 868 3450 Plerumque
889 3377 934 3434 his
961 3379 990 3434 in
1013 3379 1125 3437 casibus
1147 3376 1307 3436 differenda
1326 3389 1369 3435 est

275 3474 423 3533 absolutio.
466 3477 516 3534 Sic
530 3478 614 3534 etiam
628 3477 785 3536 differenda
797 3486 849 3545 est,
865 3479 890 3535 si
910 3477 1068 3535 concubina
1087 3478 1284 3554 paenitentiam
1298 3496 1374 3560 prae-y

275 3565 416 3645 sefcrens,⁴¹
428 3586 561 3649 queratur
579 3595 610 3634 se
630 3597 689 3636 non
708 3595 794 3653 posse
814 3578 901 3635 vitam
921 3589 1090 3646 sustentare,
1105 3578 1131 3634 si
1143 3597 1160 3634 e
1173 3577 1261 3635 domo
1274 3594 1367 3634 reces-

233 3719 237 3728 .
275 3674 352 3729 serit.
395 3659 520 3732 Famula
541 3694 606 3734 curn
619 3677 697 3735 heris
720 3677 811 3734 semel
824 3678 961 3734 itemmve
982 3687 1134 3752 peccantes
1149 3685 1270 3754 possunt
1283 3677 1365 3734 venia

274 3760 382 3839 donari,
397 3772 422 3828 si
436 3791 473 3852 ax
487 3773 583 3830 animo
596 3785 756 3850 proponant
774 3777 804 3832 in
824 3785 968 3850 posterum
989 3785 1135 3851 peccatum
1149 3777 1255 3834 vitare:
1278 3775 1329 3832 sed
1342 3777 1366 3833 si

273 3872 415 3946 promissa
428 3859 614 3949 negligentes,
627 3873 790 3945 frequenter
808 3874 918 3942 cadant,
939 3892 1057 3933 necesse
1077 3875 1131 3932 erit
1150 3885 1181 3933 ut
1200 3875 1366 3933 famulatum

272 3967 412 4040 deserant,
422 3973 466 4030 vel
480 3970 635 4030 emendatas
645 3972 758 4042 suerint,
771 3981 920 4046 antequam
931 3973 1138 4031 absolutionem
1147 3983 1363 4047 consequantur.

275 4067 433 4147 Mancipia,
448 4091 511 4145 quae
525 4091 582 4131 non
593 4083 715 4150 possunt
727 4072 868 4141 recedere,
884 4081 1028 4146 nequeunt
1037 4073 1154 4142 absolvi,
1169 4074 1225 4132 nisi
1238 4071 1366 4130 emenda·

407 4277 449 4342 (1)
469 4277 539 4342 Prop.
552 4281 628 4330 xlviii.
780 4344 781 4348 Ἰ
964 4284 1006 4348 (2)
1027 4281 1171 4346 Propxxv.

407 4360 446 4424 (3)
466 4363 617 4413 Deuldxlll«
633 4368 671 4413 17.
963 4370 1005 4435 (4)
1029 4367 1112 4416 1001.
1124 4367 1205 4416 vi.15,

741 4451 781 4514 (5)
795 4450 867 4514 Prop.
880 4453 921 4501 xli.
