3078 5258
486 476 543 537 DE
564 475 742 538 DEClMlS
763 475 1011 537 SOLVENDIS.
1230 483 1287 538 221

635 773 870 815 aurnmvnrtsro.

236 942 286 998 65.
307 939 380 1006 Quae
395 938 534 997 Ecclesiae
548 947 646 998 extant
657 942 743 998 vetita
761 939 796 996 dc
817 939 979 1015 nuptiarum
999 940 1185 1000 celebratione
1199 941 1289 1020 impe·

196 1037 323 1097 dimenta
345 1037 476 1096 dicuntur
497 1036 691 1114 impedientia,
713 1039 758 1096 vel
780 1037 950 1098 dirimentia.
990 1040 1048 1106 Qui
1062 1041 1097 1098 iis
1120 1040 1289 1116 posthabitis

196 1138 310 1213 nuptias
323 1139 396 1196 inire
409 1146 554 1204 attentant,
568 1139 679 1197 violatae
692 1138 764 1215 legis
772 1139 814 1196 rei
828 1148 913 1206 sunt;
934 1157 988 1196 nec
1003 1137 1158 1212 quidquam
1172 1158 1290 1216 prorsus

197 1236 337 1303 efficiunt,
364 1237 390 1293 si
415 1235 653 1312 impedimentum
680 1237 816 1296 dirimens
843 1238 942 1295 obstet.
984 1238 1070 1295 Vetat
1094 1237 1227 1297 Ecclesia
1254 1257 1290 1297 ne

117 1403 121 1413 1
196 1337 307 1411 nuptia
320 1335 484 1393 solemniter
496 1335 673 1394 celebrentur
686 1338 720 1394 ab
734 1334 867 1394 Adventu
879 1355 969 1410 usque
989 1335 1024 1394 ad
1037 1336 1114 1395 diem
1127 1336 1288 1413 epiphanie
1342 1365 1346 1376 ·

199 1434 360 1502 exclusive,
375 1443 403 1491 et
415 1454 431 1491 a
443 1433 487 1492 dic
497 1435 626 1493 cinerum
640 1454 732 1508 usque
746 1434 781 1492 ad
794 1444 922 1493 octavam
942 1437 1054 1511 pascha
1068 1436 1207 1494 inclusive
1219 1456 1227 1504 ;
1249 1437 1293 1496 in·

200 1533 365 1611 telliguntur
377 1543 468 1592 autem
483 1534 677 1592 solemnitates
688 1535 850 1612 nuptiarum
862 1535 961 1603 vetari,
975 1553 1079 1612 nempe
1090 1535 1195 1611 nuptiis
1209 1536 1295 1594 bene·

200 1633 309 1701 dicere,
330 1633 423 1690 Missa
443 1652 495 1710 pro
516 1652 625 1710 sponso
647 1642 676 1692 et
697 1651 804 1709 sponsa
826 1634 972 1702 celebrata,
996 1635 1131 1710 nuptialia
1151 1635 1295 1694 celebrare

170 1738 172 1740 ’
200 1733 341 1800 convivia,
356 1722 492 1808 sponsam
506 1732 624 1792 domum
643 1732 788 1790 traducere
808 1749 915 1808 pompa
934 1732 1054 1804 quadarn
1074 1743 1103 1791 et
1122 1732 1294 1792 festivitate:

201 1832 445 1889 “matrimonium
472 1841 566 1890 autern
587 1833 813 1908 omnitempore
837 1830 966 1888 contrahi
986 1827 1125 1907 potest.’'¹
1172 1831 1242 1890 ldeo
1266 1835 1297 1892 ni

204 1931 298 1989 obstet
310 1931 443 2006 specialis
457 1931 642 1999 consuetudo,
657 1940 777 2008 possunt
796 1948 911 2006 semper
924 1931 1060 1988 celebrari
1073 1930 1179 2006 nuptiae
1193 1932 1248 1988 ritu
1268 1934 1298 1990 in

203 2028 312 2086 Rituali
325 2029 455 2088 Romano
469 2031 651 2106 prescripto:
672 2049 726 2089 nec
748 2029 876 2088 illicitum
899 2039 944 2088 est
956 2047 1091 2106 sponsam
1111 2029 1229 2088 domum
1244 2039 1297 2089 tra·

203 2127 308 2186 ducere
331 2129 392 2186 sine
413 2147 530 2205 pompa,
555 2130 600 2187 vel
622 2130 834 2188 matrimonium
853 2149 1062 2197 consummare,
1086 2118 1216 2202 quamvis
1238 2130 1295 2188 hoc

202 2227 299 2285 minus
313 2239 457 2304 congruat,
500 2227 559 2286 Sed
573 2229 607 2286 de
621 2229 667 2286 his
682 2230 869 2306 opportunior
882 2229 935 2287 erit
954 2230 1033 2288 locus
1047 2219 1160 2304 dicendi
1181 2229 1211 2287 in
1224 2236 1294 2287 trac·

202 2335 259 2383 tatu
273 2325 309 2383 de
324 2327 521 2386 Matrimonio.

658 2498 700 2563 (l)
721 2497 769 2548 uit.
781 2497 851 2548 Rom.
