3146 5266
441 557 499 616 DE
521 555 782 616 SENTENTIIS
803 557 1118 620 PROBABILIBUt.
1285 569 1323 624 te

228 727 274 784 nis
293 723 451 803 theologus,
466 731 495 780 et
519 722 762 798 probabilissimas
784 724 867 796 sequi
892 725 957 798 quis
977 733 1070 800 potest
1085 726 1195 798 absque
1213 731 1321 803 peceati

227 823 389 890 fonnidine‚
403 823 471 894 quia
483 821 636 896 prudenter
649 823 716 897 agit,
730 831 759 878 et
770 840 805 878 ea
818 823 983 882 certitudine
1004 841 1067 897 quae
1080 825 1111 882 in
1124 825 1209 882 rebus
1222 824 1321 884 huma·

227 925 271 981 nis
294 923 387 1000 possit
407 921 515 978 baberi.
558 919 676 994 Optimo
698 921 783 996 igitur
801 922 866 998 jure
888 921 1032 980 damnavit
1051 921 1215 981 Alexander
1234 924 1319 984 Vlll.

227 1021 469 1097 propositionem:
492 1027 512 1054 ‘⁶
524 1020 594 1077 Non
613 1018 681 1076 licet
700 1020 782 1092 sequi
803 1021 968 1097 opinionem
988 1021 1174 1096 probabilem,
1188 1023 1233 1080 vel
1247 1023 1320 1082 inter

227 1120 385 1195 probabiles
399 1109 704 1195 probabilissimam.”¹

265 1223 315 1276 26.
336 1218 441 1276 Tutior
453 1217 510 1275 dici
524 1216 596 1274 solet
608 1216 746 1274 sententia
759 1233 822 1288 quae
835 1216 954 1293 rigidior
966 1227 1058 1285 estet
1070 1218 1223 1278 humanam
1236 1220 1319 1279 liber·

227 1325 311 1374 tatem
324 1318 435 1375 minuit.
478 1317 527 1373 Sic
540 1316 626 1373 tutior
645 1316 785 1372 sententia
804 1325 848 1372 est
865 1317 939 1375 nibil
958 1335 1044 1394 supra
1056 1327 1162 1376 sortem
1175 1319 1317 1396 accipien-

227 1415 296 1473 dum
309 1416 342 1472 ab
356 1435 391 1473 eo
404 1416 454 1488 qui
467 1416 618 1492 pecuniam
638 1414 712 1470 locat
731 1416 889 1474 mercatori.
931 1414 1077 1492 Respectu
1097 1418 1261 1492 poenitentis
1275 1429 1316 1476 tu·

227 1516 281 1573 tior
293 1522 387 1590 potest
398 1532 462 1570 esse
476 1514 615 1571 sententia
627 1531 690 1585 quae
704 1530 770 1569 eum
790 1523 934 1589 apeccato
952 1525 1092 1581 removet,
1112 1525 1239 1591 spectata
1252 1517 1316 1594 ejus

228 1612 333 1670 indole.
374 1614 424 1671 Sic
435 1613 582 1670 bominem
596 1620 740 1668 assuetum
758 1613 890 1688 negotiis,
912 1622 940 1670 et
952 1613 993 1672 nil
1012 1614 1048 1671 de
1069 1615 1206 1672 auctuarii
1227 1617 1316 1693 injus·

229 1712 289 1768 titia
308 1713 496 1788 suspicantem
515 1711 599 1768 tutius
620 1720 664 1767 est
685 1728 744 1769 non
763 1711 930 1784 iuquietare,
951 1731 988 1771 ne
1008 1714 1082 1772 mala
1099 1713 1156 1771 fide
1178 1712 1315 1792 deinceps

227 1819 298 1886 agat.
402 1878 406 1888 Ι

264 1915 315 1968 27.
336 1909 372 1966 In
383 1909 466 1966 rebus
479 1908 646 1968 adsalutem
659 1909 838 1976 recesserim,
852 1912 1021 1969 seutentiam
1033 1913 1128 1969 minus
1141 1911 1315 1988 probabilem

225 2009 308 2080 sequi
321 2007 464 2076 nonlicet,
478 2025 544 2066 nam
557 2007 635 2066 nulla
653 2009 743 2066 nimia
762 2010 897 2066 securitas
916 2010 964 2068 ubi
977 2009 1150 2086 periclitatur
1163 2013 1312 2070 aetemitas.

225 2107 346 2166 Temere
367 2106 492 2180 quidem,
514 2117 542 2164 et
562 2126 628 2165 cum
648 2107 798 2166 manifesto
812 2108 909 2166 salutis
929 2109 1102 2177 discrimine,
1121 2111 1185 2182 quis
1206 2110 1314 2170 leviora

223 2216 366 2265 momenta
390 2208 531 2265 rationum
553 2208 691 2279 sequitur,
715 2208 891 2284 gravioribus
914 2208 1051 2285 neglectis
1073 2208 1186 2267 indiciis
1209 2209 1312 2268 divinte

181 2313 184 2318 '
223 2306 382 2364 voluntatis.
426 2306 506 2364 Hinc
520 2307 622 2364 merito
636 2304 767 2363 damnata
779 2316 823 2366 est
844 2309 1013 2384 propositio.
1057 2308 1133 2365 “Ab
1146 2307 1311 2366 infidelitate

223 2407 403 2464 excusabitur
428 2404 553 2464 infidelis
576 2424 635 2463 non
657 2405 786 2472 credens,
810 2405 911 2464 duetus
934 2408 1071 2484 opinione
1094 2409 1189 2466 minus
1211 2408 1311 2485 proba·

222 2498 322 2563 bili.'’²

242 2589 311 2662 ἢ28.
332 2603 367 2661 In
394 2605 576 2661 sacramentis
603 2603 831 2662 administrandis
856 2605 1025 2682 plerumque
1052 2624 1111 2665 non
1135 2606 1203 2664 lieet
1228 2607 1310 2678 sequi

223 2704 393 2778 opinionem
406 2703 577 2776 probabilem
598 2700 633 2759 de
653 2703 748 2760 valore
763 2705 950 2773 sacramenti,
970 2705 1069 2762 relicta
1082 2705 1199 2761 tutiore:
1221 2705 1312 2778 exigit

222 2803 302 2860 enim
316 2801 472 2858 reverentia
484 2817 548 2876 erga
567 2799 675 2858 Christi
694 2801 830 2869 instituta,
844 2812 876 2860 ut
894 2803 935 2860 nil
957 2803 1099 2858 omittatur
1118 2819 1175 2874 quo
1199 2801 1311 2878 pericli-

221 2910 331 2960 tentur:
354 2898 430 2972 quod
444 2909 471 2956 et
490 2899 588 2957 suadet
607 2901 728 2957 charitas
749 2919 816 2977 erga
835 2903 1010 2978 proximum,
1026 2901 1074 2973 qui
1097 2900 1166 2958 alias
1186 2918 1311 2976 expone·

219 3011 294 3060 retur
316 3000 475 3058 discrimini
497 3008 737 3056 sacramentorum
759 2999 891 3058 utilitates
906 3000 1061 3059 amittendi.
1104 2999 1208 3058 Meritd
1232 2999 1309 3058 dam-

220 3101 297 3159 navit
309 3099 493 3158 Innocentius
507 3096 561 3155 XI.
573 3100 798 3173 propositionem
812 3110 994 3172 sequentem:
1011 3108 1031 3134 “
1042 3099 1110 3158 Non
1125 3108 1168 3159 est
1180 3100 1311 3158 illicitum

219 3202 250 3257 in
262 3199 444 3256 sacramentis
457 3196 638 3255 conferendis
649 3199 730 3270 sequi
744 3201 911 3274 opinionem
925 3199 1098 3276 probabilem
1110 3199 1146 3257 de
1159 3199 1252 3256 valore
1267 3218 1310 3256 sa·

220 3293 484 3367 oramenti,'relicta·
495 3297 607 3363 tutiore,
621 3297 677 3354 nisi
698 3296 728 3354 id
741 3307 816 3355 vetet
834 3299 892 3367 lex,
914 3299 1076 3365 conventio,
1092 3307 1138 3355 aut
1150 3299 1310 3374 periculum

220 3400 312 3474 gravis
335 3398 431 3455 damni
451 3394 631 3454 incurrendi:
652 3395 720 3454 hinc
741 3400 882 3471 sententia
900 3397 1038 3474 probabili
1061 3405 1168 3455 tantum
1188 3405 1311 3455 nonest

220 3496 356 3554 utendum
369 3497 399 3554 in
420 3495 568 3553 collatione
589 3495 733 3570 baptismi,
755 3496 862 3553 ordinis
884 3495 1074 3560 sacerdotalis,
1096 3503 1144 3550 aut
1162 3495 1310 3567 episcopa·

220 3590 305 3652 lis.’'³
344 3595 433 3670 Igitur
445 3595 475 3652 in
489 3593 703 3651 confirmatione
724 3594 796 3650 foret
814 3591 944 3650 illicitum
964 3592 1046 3664 sequi
1066 3591 1310 3664 sententiamque

221 3695 374 3752 essentiam
386 3693 554 3750 sacramenti
571 3693 602 3750 in
622 3693 683 3750 sola
702 3693 884 3768 impositione
904 3710 1039 3749 manuum
1059 3692 1222 3760 constituit;
1244 3690 1310 3765 quia

220 3793 375 3852 omittendo
389 3793 523 3859 chrisma,
538 3809 596 3848 non
610 3791 702 3849 solum
711 3791 862 3850 violaretur
871 3790 1011 3850 Ecclesiae
1026 3793 1095 3850 ritus
1109 3800 1138 3848 et
1147 3791 1308 3865 disciplina,

219 3892 269 3949 sed
282 3901 490 3950 sacramentum
503 3891 613 3948 irritum
626 3908 689 3946 esse
702 3899 800 3966 posset
812 3911 878 3949 cum
891 3890 1019 3948 fidelium
1027 3893 1146 3966 jactura.
1177 3890 1310 3945 Attamen

218 3999 335 4066 urgente
354 3993 522 4049 necessitate
541 3989 694 4065 probabilis
715 3989 865 4062 aliquando
885 3987 1041 4045 adhibetur'
1053 3987 1201 4054 sententie,
1221 3987 1264 4045 uti
1284 3987 1310 4044 si

218 4090 284 4160 quis
296 4091 327 4149 in
346 4091 446 4149 mortis
465 4089 630 4150 discrimine
649 4087 727 4146 nulla
746 4087 908 4164 poenitentis
929 4086 1017 4145 animi
1037 4084 1144 4145 indicia
1164 4085 1246 4144 edere
1263 4104 1310 4142 va·
1380 4077 1383 4082 ’

217 4185 284 4245 leat.

320 4441 362 4507 (l)
376 4440 454 4492 Anno
470 4442 543 4493 1690.
646 4437 687 4506 (2)
702 4437 777 4489 Anno
792 4439 863 4492 1679.
968 4438 1010 4505 (3)
1020 4435 1120 4505 Eodem
1131 4449 1205 4486 anno.

751 4545 790 4599 fis
