3046 5262
396 485 453 544 DE
474 484 686 544 PECGATIS
707 486 996 547 CAPITALIBUS.
1185 493 1244 548 31³

147 650 269 718 malum,
283 667 377 722 neque
394 659 461 708 tune
474 650 555 708 adest
566 672 653 711 eausa
673 671 828 720 excusans,
842 654 917 710 sicut
929 655 959 711 in
979 669 1047 709 casu
1062 653 1248 728 precedentis

154 749 333 822 questionis,
346 749 386 805 ibi
399 751 475 809 enim
496 751 595 810 vinum
610 761 654 809 est
676 753 803 810 medium
817 770 870 826 per
883 770 914 808 se
927 751 1086 809 ordinatum
1100 752 1135 809 ad
1152 751 1250 828 expel-

149 845 269 907 lendum
283 847 424 916 morbum,
439 867 496 906 non
511 860 605 908 antem
626 851 684 908 hio.
727 852 878 918 Praeterea,
893 853 923 908 in
939 851 988 907 illo
1004 867 1072 907 casu
1091 851 1249 925 perieulum

150 947 217 1004 vitm
231 957 276 1004 est
288 946 324 1002 ab
337 946 502 1014 intrinseco,
517 967 622 1025 nempe
636 970 652 1007 a
665 951 765 1007 morbo
779 959 909 1021 vexante,
924 959 952 1005 et
964 949 1029 1006 ideo
1041 949 1108 1006 licet
1120 968 1185 1008 enm
1200 967 1250 1006 ex-

151 1046 260 1122 pellere
274 1063 327 1120 per
338 1046 398 1102 vini
411 1048 584 1122 potationem
596 1069 603 1105 ι
625 1050 672 1106 hio
693 1059 787 1106 autem
801 1048 958 1123 periculum
973 1058 1017 1104 est
1029 1047 1063 1104 ab
1077 1049 1249 1115 extrinseco,

151 1143 228 1203 unde
236 1145 368 1203 illicitum
379 1155 423 1202 est
429 1145 464 1202 ab
474 1145 522 1202 illo
532 1165 564 1204 se
573 1148 691 1205 liberare
701 1167 754 1225 per
763 1141 975 1205 ebrietatem.”¹
996 1145 1146 1204 Consonat
1155 1157 1251 1204 auctor

151 1245 299 1316 antiquus,
314 1243 346 1300 S.
362 1242 519 1312 cesarius,
533 1247 574 1302 nti
587 1246 709 1314 videtur,
723 1247 791 1304 olim
815 1247 868 1303 sub
890 1246 1007 1304 nomine
1020 1247 1174 1322 Augustini
1192 1247 1252 1304 lau·

152 1342 246 1411 datus,
261 1343 311 1414 qui
324 1361 374 1400 eos
389 1361 510 1419 arguens
528 1345 577 1416 qui
598 1346 721 1403 “solent
741 1347 780 1402 ita
792 1363 823 1401 se
837 1363 984 1411 excusare,
999 1353 1031 1401 nt
1048 1345 1161 1401 dicant:
1183 1345 1252 1402 Per·

152 1461 226 1500 sona
239 1451 340 1518 potens
354 1459 401 1499 me
413 1443 515 1518 coegit,
530 1453 561 1500 nt
583 1444 705 1521 amplius
728 1444 832 1510 bibam,
853 1453 881 1499 et
899 1445 928 1500 iu
949 1443 1081 1500 convivio
1100 1443 1175 1518 regis
1194 1459 1253 1500 non

153 1542 235 1616 potui
248 1539 326 1598 aliud
339 1540 431 1598 lacere
443 1541 473 1608 ;’'
488 1540 575 1600 dicit:
598 1543 749 1601 “Etiamsi
763 1541 798 1599 ad
811 1541 866 1599 hoo
876 1544 1029 1610 veniretur,
1042 1550 1074 1598 ut
1087 1541 1136 1598 tibi
1149 1541 1254 1598 dicere·

152 1650 209 1707 tur,
224 1648 272 1696 aut
283 1639 375 1707 bibas,
389 1651 436 1697 aut
457 1641 600 1708 morieris,
614 1643 716 1700 melius
736 1650 803 1708 erat,
818 1651 850 1699 ut
862 1661 927 1700 earo
948 1651 995 1699 tua
1007 1640 1101 1698 sobria
1113 1639 1255 1698 occidere-

152 1748 208 1807 tur,
223 1757 308 1812 quam
322 1756 373 1814 per
385 1739 548 1797 ebrietatem
563 1742 659 1798 anima
671 1732 878 1816 moreretur.'’'

195 1843 246 1896 ts.
268 1837 392 1895 Mortale
412 1848 456 1895 est
468 1848 616 1914 peecatum
630 1840 718 1898 alium
731 1837 859 1897 oonsultb
874 1840 1022 1905 inebriare,
1036 1839 1082 1895 vel
1095 1839 1130 1895 ad
1139 1840 1258 1896 ebrieta-

155 1949 213 1996 tem
236 1955 401 2014 provocare,
425 1937 469 1994 vel
492 1957 604 2014 urgere.
646 1936 725 1996 Hine
745 1946 864 2014 peceant
886 1940 935 2010 qui
956 1938 1027 1995 alios
1047 1937 1081 1994 ad
1102 1937 1257 2012 potandum
1346 2001 1355 2018 ⁶

156 2038 286 2103 invitant,
296 2036 370 2092 ultra
380 2055 464 2108 quam
473 2036 567 2094 serunt
578 2038 741 2096 urbanitatis
754 2037 844 2114 leges,
854 2036 1042 2113 praevidentes
1055 2054 1104 2093 eos
1117 2036 1258 2094 inebrian-

157 2136 221 2194 dos.
265 2135 407 2202 Quaeritur
419 2144 512 2192 autem
526 2145 618 2194 utrum
631 2137 717 2194 lioeat
738 2136 824 2193 alium
842 2137 980 2194 inebriare
994 2135 1029 2192 ad
1041 2134 1257 2212 impediendum

158 2237 205 2293 sni
228 2234 273 2292 vel
292 2234 412 2291 aliorum
433 2232 579 2302 damnum,
599 2235 645 2292 vel
667 2236 782 2312 gravius
802 2234 917 2306 aliquod
937 2234 1041 2293 scelus.
1083 2235 1258 2292 Tonmelius

159 2353 225 2392 oum
236 2332 300 2391 aliis
314 2333 427 2409 penitus
440 2343 534 2409 negat,
547 2352 635 2406 quum
648 2335 768 2392 ebrietas
781 2333 819 2390 sit
831 2345 928 2391 contra
940 2343 1044 2392 naturae
1057 2334 1160 2410 legem.
1201 2335 1260 2392 Alii

160 2434 258 2491 dicunt
271 2433 358 2491 linere
372 2431 535 2489 ebrietatem
549 2432 693 2501 iuducere,
708 2451 771 2506 quae
784 2452 843 2492 uon
862 2436 900 2492 sit
913 2434 1079 2501 voluntaria,
1093 2441 1190 2510 potum
1206 2435 1261 2490 soi-

158 2533 226 2590 liuet
239 2531 392 2608 praebendo
403 2531 485 2606 eujus
498 2531 558 2588 vim
571 2533 682 2608 ignoret
695 2533 741 2589 oui
753 2534 929 2608 propinatur.
971 2533 1003 2587 S.
1015 2532 1182 2606 Alphonsus
1196 2549 1259 2588 sen·

162 2633 281 2688 tentiam
304 2630 401 2688 Lessii
421 2630 489 2686 satis
509 2630 683 2706 probabilem
704 2638 810 2696 censet,
832 2629 909 2701 quod
929 2630 1036 2687 seilicet
1055 2630 1148 2695 liceat,
1170 2636 1189 2662 ‘¹
1201 2631 1261 2686 sive

160 2731 285 2787 ebrietas
299 2729 337 2786 sit
350 2729 511 2796 materialis,
526 2729 588 2786 sive
601 2729 739 2796 formalis,
755 2728 792 2784 ob
811 2729 949 2785 rationem
968 2728 1029 2803 jam
1053 2727 1174 2792 allatam,
1196 2728 1262 2798 quia

161 2829 274 2887 licitum
302 2837 347 2885 est
371 2827 502 2884 inducere
529 2827 647 2886 alterum
674 2827 709 2885 ad
735 2828 831 2885 minus
857 2826 973 2893 malum,
1001 2835 1033 2883 ut
1058 2823 1227 2901 impediatur
1246 2845 1264 2881 a

161 2919 315 3004 majori.”³
356 2925 435 2984 Hinc
457 2927 551 3002 puella
572 2946 635 2999 quae
659 2928 726 2984 alias
748 2945 780 2984 se
803 2927 939 3003 imparem
964 2927 1045 2984 novit
1069 2927 1128 2984 vim
1151 2925 1263 2983 illatnro

163 3026 306 3094 resistere,
321 3025 484 3083 excusanda
497 3026 554 3083 illis
568 3025 708 3104 theologis
725 3026 843 3095 videtur,
858 3029 882 3085 si
900 3036 1000 3103 potum
1014 3045 1071 3099 quo
1085 3027 1133 3084 ille
1146 3025 1265 3084 inebria-

163 3135 240 3184 retur
252 3126 399 3202 praeberet‚
415 3143 538 3182 noscens
548 3125 608 3199 jam
623 3145 688 3182 eum
698 3127 806 3184 ebrium
818 3126 924 3182 viribus
935 3125 1065 3182 delicere.
1088 3126 1156 3184 Hoo
1170 3135 1265 3182 tamen

166 3224 392 3300 intelligendum,
408 3223 522 3296 quando
536 3225 611 3281 nulla
625 3225 679 3282 alia
693 3225 817 3300 suppetit
829 3224 899 3280 ratio
912 3222 1059 3280 evadendi.

203 3327 254 3382 79.
276 3323 407 3380 Ebrietas
426 3341 490 3394 quae
505 3342 572 3380 casu
596 3323 744 3400 contingit,
757 3322 826 3380 dum
847 3323 910 3394 quis
924 3323 1042 3379 omnino
1057 3322 1168 3398 ignorat
1180 3330 1263 3396 potus

167 3424 237 3490 vim,
259 3423 342 3498 culpa
364 3421 442 3478 omni
465 3431 557 3478 caret:
580 3422 631 3479 sed
651 3422 674 3478 si
702 3424 765 3494 quis
788 3422 841 3479 sibi
867 3421 1001 3478 conscius
1027 3421 1064 3477 sit
1082 3403 1181 3496 potum
1202 3437 1266 3476 esse

166 3523 298 3588 nimium,
313 3540 370 3578 non
384 3520 436 3576 erit
449 3521 647 3579 excusandus:
671 3519 786 3588 “Quod
806 3520 908 3592 aliquis
928 3520 1064 3596 percipiat
1083 3528 1181 3595 potum
1203 3535 1266 3575 esse

166 3620 397 3687 immoderatum,
407 3638 467 3677 non
481 3629 573 3678 tauron
586 3620 732 3678 existimat
744 3631 843 3696 potum
858 3619 998 3676 inebriare
1011 3627 1172 3694 potentem:
1188 3627 1217 3676 et
1226 3617 1267 3672 sio

166 3721 285 3778 ebrietas
299 3728 470 3794 potestesse
484 3737 549 3776 oum
564 3729 681 3796 peceato
694 3719 809 3776 veniali.
852 3719 952 3776 Tertio
972 3718 1058 3775 modo
1078 3727 1172 3794 potest
1192 3735 1266 3781 esse,

168 3817 246 3893 quod
259 3817 361 3890 aliquis
374 3818 446 3875 bene
461 3817 596 3885 advertat,
607 3828 705 3894 potum
721 3837 784 3875 esse
799 3817 1028 3884 immoderatum,
1037 3816 1256 3874 etinebriantem
1274 3807 1275 3810 ¹

168 3929 196 3976 et
214 3927 309 3975 tamen
322 3917 413 3992 magis
430 3916 489 3974 vult
501 3917 665 3974 ebrietatem
679 3919 834 3983 incurrere,
849 3934 935 3987 quam
956 3907 973 3972 a
989 3923 1058 3990 potu
1078 3895 1227 3981 abstinere,
1241 3930 1270 3972 et

168 4017 231 4075 talis
245 4017 360 4092 proprie
374 4015 476 4073 dicitur
488 4016 583 4072 ebrius
595 4057 620 4073 ..
634 4017 692 4074 .Et
707 4017 749 4072 sio
764 4016 883 4071 ebrietas
894 4023 1091 4088 estpeooatum
1105 4012 1270 4071 mortale.”⁴

253 4159 278 4222 l)
298 4157 384 4206 Tbeol
401 4156 464 4205 Mor.
479 4157 494 4206 l.
505 4173 527 4206 v.
540 4173 561 4206 e.
574 4156 606 4204 iit.
618 4166 661 4205 ert
671 4156 689 4204 ii
707 4173 731 4204 n.
742 4157 783 4204 76.

252 4241 281 4307 2)
293 4241 359 4290 Olim
372 4239 477 4290 ccxxxii
490 4239 521 4288 ds
532 4239 620 4304 Temp.
631 4239 693 4288 inter
705 4236 838 4299 Augustin.
849 4251 918 4286 nune
928 4236 1052 4288 cerciuin
1064 4239 1178 4304 Append.

252 4329 281 4392 3)
301 4326 390 4386 'l'heol
404 4325 465 4374 Mor.
478 4327 494 4374 l.
506 4341 528 4374 v.
541 4341 567 4374 n.
578 4329 619 4374 ⁷7.

252 4413 282 4477 4)
303 4411 329 4460 S.
339 4409 458 4468 Thomas,
469 4407 493 4460 2.
504 4407 528 4459 2.
540 4425 582 4474 qu.
594 4410 624 4459 cl.
638 4414 681 4458 art.
691 4408 716 4458 ii.
752 4405 810 4459 Alio
821 4404 892 4459 modo
902 4405 945 4458 si'c.

264 4493 343 4555 Von.
361 4495 474 4556 1.-28

236 4159 247 4222 (

238 4243 249 4304 (

238 4327 249 4390 (

240 4412 251 4475 (
