3068 5256
268 487 323 542 tte
529 481 585 540 DE
607 479 779 540 OCTAVO
800 477 1052 539 PRAEOEPTO.
1075 530 1078 540 .

265 647 376 710 occulte
390 639 582 706 ascensurus.¹
609 645 655 704 De
668 645 778 704 Lazaro
792 645 961 711 dormiente,
975 643 1050 702 etde
1064 643 1169 719 puella,
1183 661 1272 716 quam
1285 661 1359 702 mor-

266 759 341 808 tuam
356 763 413 805 non
427 763 490 804 esse
504 745 662 814 effinnavit,
676 745 787 804 locutus
806 753 859 811 est,
881 753 1006 802 mortem·
1015 743 1110 802 somni
1123 743 1211 800 instar
1222 735 1360 801 habens.²

267 848 306 904 Se
319 846 429 904 nescire
442 844 518 902 diem
534 844 637 922 judieii
650 844 795 920 professus
808 851 862 910 eet,
884 841 962 914 quod
981 842 1092 900 seilicet
1107 861 1166 901 uon
1180 851 1259 899 esset
1270 843 1360 900 mani·

266 937 418 1004 sestaude.³
459 944 577 1020 Templi
590 944 706 1002 nomine
726 960 830 1019 corpus
850 959 934 1000 suum
953 941 1097 1008 indicavit,
1118 940 1195 1014 quod
1215 949 1312 998 tamen
1325 940 1360 998 de

267 1044 374 1120 templo
388 1041 654 1118 Hierosolymitano
667 1041 761 1100 Judaei
774 1051 852 1098 erant
865 1032 1058 1099 intellecturi.⁴
1086 1039 1233 1113 Equidem
1248 1039 1360 1111 quoties

267 1144 352 1200 verba
365 1143 498 1218 ambigua
510 1150 585 1209 sunt,
600 1149 628 1198 et
646 1159 728 1198 mens
747 1140 890 1212 loquentis
911 1139 1008 1216 colligi
1035 1147 1129 1214 potest
1147 1157 1185 1196 ex
1205 1137 1359 1215 adjunctis,

268 1243 317 1314 qui
330 1251 412 1310 errat,
426 1259 460 1298 ea
472 1258 557 1298 sensu
572 1242 663 1316 magis
675 1240 760 1298 obvio
771 1237 947 1313 accipiendo,
958 1239 1013 1296 sibi
1025 1237 1109 1295 debet
1117 1238 1268 1314 imputare,
1284 1237 1361 1309 quod

267 1351 383 1420 temere,
401 1349 429 1398 et
447 1339 579 1398 omuibus
598 1338 673 1396 haud
696 1339 764 1396 satis
783 1338 943 1414 perpensis,
963 1336 1142 1413 judicaverit.
1185 1337 1244 1402 Qui
1265 1345 1360 1393 autem

269 1439 346 1514 gravi
360 1435 512 1496 admodum
531 1439 640 1496 ratione
658 1446 777 1514 urgente
795 1457 812 1494 a
831 1436 1027 1494 communiore
1047 1437 1196 1494 verborum
1217 1435 1362 1510 signitica-

269 1537 345 1596 tione
358 1535 474 1604 recedit,
487 1548 640 1595 excusatur
651 1539 692 1594 rei
706 1537 891 1602 necessitate3
913 1554 966 1594 nec
979 1534 1138 1610 arguendus
1151 1543 1195 1591 est
1206 1533 1361 1600 mendacii,

268 1653 357 1706 quum
370 1635 519 1693 verborum
533 1653 635 1692 sensus
648 1653 787 1706 mensque
800 1633 943 1706 loquentis
959 1635 1070 1709 possint
1083 1629 1201 1710 detegi.⁵

311 1735 377 1788 189.
399 1733 555 1792 Mulierem
569 1753 585 1790 a
597 1715 658 1792 viro
672 1733 799 1790 adulterii
818 1743 977 1791 accusatam
997 1750 1082 1808 posse
1096 1733 1181 1790 etiam
1196 1733 1363 1810 juramento

269 1833 377 1890 crimen
390 1849 493 1910 negare
507 1833 636 1892 nonnulli
649 1841 757 1910 putant,
772 1850 806 1890 eo
824 1831 901 1904 quod
920 1850 951 1888 se
972 1831 1092 1907 prodere
1111 1849 1169 1890 non
1182 1840 1320 1898 teneatur,
1336 1840 1365 1886 et

270 1931 375 2009 injuria
387 1932 414 1988 ei
427 1931 485 2000 fiat,
499 1931 567 1990 dum
577 1934 671 2010 jurata
683 1931 718 1990 de
732 1951 784 1990 suo
798 1931 915 1988 crimine
928 1951 945 1987 a
957 1931 1057 2010 marito
1071 1932 1263 2006 interrogator.
1286 1928 1365 1987 Oen·

270 2039 334 2086 sent
346 2030 431 2104 igitur
443 2039 567 2088 mentem
582 2033 643 2107 ejus
657 2030 722 2088 inde
737 2030 831 2106 colligi
839 2047 942 2106 posse,
956 2047 987 2086 se
997 2030 1107 2088 crimen
1124 2028 1199 2088 haud
1212 2027 1363 2086 admisisse

271 2126 348 2200 quod
361 2127 486 2184 revelare
500 2136 635 2186 teneatur.
678 2128 823 2186 Caeterum
836 2129 886 2186 vix
905 2129 967 2185 haec
987 2128 1162 2204 placuissent
1180 2129 1363 2203 Augustino:

246 2301 253 2316 .
272 2225 440 2298 “Namque
454 2226 635 2302 cogitandum
649 2236 701 2294 est,
716 2227 874 2304 saepissime
894 2227 1026 2286 homines
1040 2228 1075 2286 de
1089 2245 1207 2300 quarum
1221 2225 1362 2284 adulterio

271 2326 462 2400 suspicantur,
477 2323 512 2382 ad
527 2325 727 2402 jusjurandum
741 2345 896 2401 provocare
916 2328 1053 2405 conjuges
1070 2345 1155 2385 suas:
1177 2324 1253 2398 quod
1265 2335 1366 2398 utrque

271 2441 330 2480 non
342 2422 476 2490 facerent,
490 2424 548 2482 nisi
560 2425 708 2482 crederent
717 2427 800 2483 etiam
815 2426 877 2483 illas
890 2445 954 2497 quae
967 2445 1027 2484 non
1037 2428 1191 2485 timuerunt
1202 2434 1365 2501 perpetrare

271 2521 449 2592 adulterium,
463 2522 561 2581 timere
575 2541 661 2600 poree
673 2523 838 2600 perjurium.
881 2525 957 2590 Quia
966 2535 994 2584 et
1006 2543 1104 2584 revera
1116 2523 1258 2582 nonnulle
1272 2523 1366 2600 impu-

272 2619 342 2678 dicae
356 2640 419 2695 quae
433 2641 492 2680 nou
505 2623 658 2682 timuerunt
677 2623 776 2682 illicito
796 2611 948 2682 concubitu
962 2625 1038 2682 viros
1051 2625 1157 2692 fallere,
1172 2621 1280 2681 eisdem
1294 2624 1365 2680 viris

272 2739 345 2793 quos
358 2722 517 2780 fefellerant
528 2724 682 2782 timuerunt
694 2723 790 2782 Deum
803 2731 904 2782 testem
914 2723 1049 2781 fallaciter
1062 2711 1246 2781 adhibere.”⁶

315 2825 382 2880 190.
403 2821 497 2881 Reum
511 2831 591 2880 extra
599 2823 673 2900 juris
687 2823 816 2881 ordinem
825 2822 1025 2898 interrogatum
1037 2838 1123 2899 posse
1136 2838 1240 2899 negare
1254 2822 1365 2879 crimen

273 2919 359 2976 etiam
373 2929 492 2976 censent
503 2922 643 2987 nonnulli,
663 2921 765 2978 eodem
785 2922 876 2979 innixi
896 2903 1047 2998 prihcipio.
1089 2921 1162 2979 Item
1175 2920 1225 2992 qui
1238 2937 1305 2976 casu
1320 2919 1366 2976 vel

272 3015 309 3072 ob
329 3018 520 3074 necessariam
540 3019 585 3075 sui
606 3017 802 3076 defensionem
822 3021 968 3079 hominem
991 3020 1141 3088 interfecit,
1163 3026 1265 3096 potest,
1281 3018 1366 3094 juxta

272 3112 422 3184 quosdam,
436 3133 540 3190 negare
553 3115 670 3183 cedern,
678 3118 837 3194 intelligens
848 3137 878 3175 se
893 3119 1006 3178 crimen
1015 3118 1092 3178 haud
1105 3129 1240 3196 patrasse,
1252 3117 1365 3190 quoties

271 3229 331 3270 rem
352 3205 525 3272 admittendo
548 3232 580 3272 se
600 3215 665 3274 vitae
686 3215 844 3276 discrimini
864 3219 1008 3295 objiceret,
1030 3218 1178 3276 deficiente
1200 3216 1364 3274 testimonio

271 3329 329 3383 quo
343 3313 446 3370 veritas
460 3323 576 3390 pateret.

313 3415 380 3470 191.
402 3412 593 3490 Interrogatus
607 3433 623 3470 a
631 3414 739 3491 judice,
754 3433 792 3472 ex
810 3416 883 3492 legis
904 3419 1078 3484 auctoritate,
1092 3416 1237 3474 veritatem
1255 3412 1363 3488 simpli·

272 3529 335 3570 oenr
349 3514 454 3586 absque
471 3513 538 3572 ullis
558 3515 708 3572 verborum
728 3515 893 3591 ambagibus
913 3515 998 3574 debet
1016 3517 1138 3589 quisque
1158 3513 1301 3591 profiteri;
1322 3511 1363 3569 in·

272 3619 358 3668 terest
370 3612 447 3670 enirn
455 3613 571 3688 justitiae
585 3621 613 3670 et
625 3613 723 3672 salutis
735 3614 908 3690 reipublice,
923 3623 954 3673 ut
966 3615 1071 3674 nudam
1084 3633 1116 3671 se
1135 3612 1237 3690 prodat
1248 3611 1361 3676 veritas,

272 3709 385 3776 quoties
398 3727 436 3767 ex
449 3711 521 3784 legis
544 3712 707 3768 auctoritate
730 3714 882 3785 quaeritur:
900 3715 974 3791 juris
988 3723 1082 3772 autem
1095 3712 1195 3772 ordine
1208 3729 1265 3770 non
1278 3710 1310 3768 fit
1322 3710 1363 3768 in·

306 3931 349 3995 (l)
368 3929 439 3980 Joan.
452 3929 492 3980 vii.
505 3934 529 3980 8.
544 3933 582 3980 10.
686 3931 728 3998 (2)
742 3932 813 3982 foen.
826 3934 857 3983 xi.
870 3935 908 3984 ll.
1011 3935 1053 4001 (3)
1071 3933 1263 3984 Mamertinae.

307 4014 348 4078 (t)
362 4015 434 4064 Joan.
445 4017 470 4066 ii.
483 4020 520 4067 19.

306 4102 344 4158 (5)
357 4106 371 4130 “
379 4100 401 4150 lt
412 4101 433 4149 is
445 4102 527 4151 lawful
539 4117 607 4167 upon
619 4118 633 4152 a
642 4103 695 4168 just
705 4118 779 4152 cause
791 4104 820 4152 of
832 4112 899 4166 great
910 4104 1003 4170 charity
1016 4121 1043 4154 or
1054 4105 1175 4168 necessity
1187 4111 1213 4154 to
1225 4115 1269 4153 nse
1286 4103 1312 4152 in
1324 4117 1367 4152 our

270 4197 378 4232 answers
389 4183 437 4232 end
454 4184 615 4236 intercourses
626 4187 707 4237 words
724 4188 752 4238 of
765 4187 845 4238 divers
862 4189 1033 4252 signification,
1050 4189 1146 4251 though
1156 4189 1177 4238 it
1193 4188 1252 4238 does
1268 4187 1363 4238 deceive

270 4267 323 4316 him
334 4265 387 4315 that
398 4265 478 4316 ashs.’‘
507 4267 556 4316 Jer.
568 4269 668 4332 Taylor,
680 4274 776 4322 Ductor
787 4271 924 4324 Dubitaat.
936 4275 952 4324 l.
964 4273 999 4324 iii.
1010 4290 1032 4324 c.
1045 4277 1068 4324 2.
1077 4290 1119 4338 qn.
1130 4272 1165 4324 iii.
1177 4273 1225 4324 rol.
1236 4271 1262 4322 ii.
1273 4271 1363 4336 p.100·

304 4351 344 4416 (6)
359 4348 412 4399 Lib.
424 4359 508 4400 contra
520 4353 682 4414 mendacium,
691 4357 737 4405 sub
745 4357 829 4407 linem.
