3078 5258
251 460 307 516 162
438 453 495 512 DE
516 448 769 510 POTESTATE
791 448 930 510 LEGES
950 447 1152 509 FERENDI.

251 621 375 678 nitantur
390 619 455 694 jure
469 626 607 690 quatenus
627 613 765 672 Ecclesia
785 622 829 672 est
841 613 989 691 invigilare
1002 613 1070 672 fidei
1083 629 1251 687 morumque
1265 615 1338 672 inte-

251 718 354 796 gritati,
375 725 403 772 et
427 715 550 774 filiorum
576 732 692 772 suorum
718 712 910 772 emendationi
935 723 964 770 et
988 713 1087 772 saluti:
1109 712 1161 772 sed
1179 731 1217 772 ex
1244 714 1339 772 civilis

251 815 398 894 potestatis
411 831 530 873 assensu
543 813 695 890 plurimum
708 811 833 887 pendent
844 822 875 870 ut
883 821 1042 880 serventur,
1056 814 1171 886 vimque
1185 813 1338 872 obtineant.

292 919 339 972 ll.
362 913 407 972 De
430 914 535 972 actibus
557 911 682 971 externis
704 911 775 970 liunt
796 911 884 988 leges,
906 921 936 970 et
955 910 1071 985 quidem
1090 911 1126 971 de
1147 912 1182 969 iis
1204 911 1341 984 quisunt

251 1013 343 1090 magis
356 1014 509 1070 necessarii
522 1011 558 1071 ad
577 1011 734 1070 animarum
755 1010 930 1086 proiectum:
954 1011 1003 1082 qui
1015 1011 1092 1068 eninr
1112 1029 1170 1070 non
1190 1009 1262 1068 adeo
1275 1020 1342 1068 sunt

251 1112 404 1172 necessarii
415 1113 638 1188 uniuscujusque
653 1109 765 1168 arbitrio
785 1109 953 1186 plerumque
972 1103 1194 1182 relinquuntur.¹
1234 1108 1342 1184 Dispu-

253 1221 310 1270 tant
323 1211 447 1288 theologi
459 1221 552 1269 utrum
566 1209 700 1268 Ecclesia
712 1209 804 1284 possit
814 1209 877 1286 lege
890 1210 1039 1286 injungere
1053 1218 1146 1268 actum
1159 1223 1236 1266 mere
1250 1209 1342 1266 inten-

252 1329 311 1368 rum
325 1330 332 1376 ;
353 1309 495 1386 plerisque
508 1309 686 1386 negantibus,
701 1325 789 1380 quum
803 1309 962 1366 necessaria
974 1327 1033 1366 non
1045 1308 1082 1365 sit
1094 1309 1155 1366 haec
1168 1314 1292 1383 potestas
1306 1306 1341 1363 ad

252 1418 400 1466 externum
419 1399 582 1486 regimen:2
600 1417 711 1468 constat
731 1406 846 1480 quidem
872 1407 1037 1483 hujusmodi
1062 1407 1156 1483 legem
1181 1414 1340 1478 numquam

251 1525 314 1564 esse
326 1507 421 1566 letam.
463 1509 563 1567 Potest
584 1517 678 1566 tamen
699 1515 792 1565 actum
815 1514 964 1565 externum
985 1506 1171 1582 injungendo,
1185 1506 1340 1571 internum,

253 1607 303 1677 qui
317 1605 352 1661 ad
371 1607 435 1681 ejus
457 1606 582 1664 valorem
602 1607 639 1664 sit
658 1605 845 1671 necessarius,
866 1599 1014 1681 exigere:³
1034 1621 1119 1663 secus
1133 1603 1234 1662 frustra
1247 1612 1342 1662 actum

250 1711 399 1762 externum
412 1704 581 1779 injungeret.
624 1702 702 1761 Hinc
722 1701 822 1761 merito
842 1701 974 1762 damnata
994 1714 1039 1759 est
1057 1703 1230 1780 propositio:
1253 1710 1273 1736 ‘⁴
1282 1701 1342 1768 Qui

252 1802 319 1860 lacit
330 1802 542 1861 confessionem
555 1801 710 1862 voluntarie
724 1801 841 1868 nullam,
855 1803 1142 1878 satisfacitproeoepto
1153 1796 1343 1861 Ecclesiae.”⁴

252 1902 351 1960 Potest
363 1904 449 1962 etiam
462 1902 578 1978 exigere
591 1912 623 1960 ut
644 1911 722 1960 aenis
735 1911 871 1960 externus
891 1901 1009 1960 honeste
1032 1896 1105 1970 fiat,⁵
1118 1899 1243 1974 ideoque
1256 1901 1343 1958 inter-

251 2003 478 2079 numinjnngere
491 2001 555 2058 sine
569 2019 625 2073 quo
639 2002 745 2078 impius
758 2000 831 2059 soret
848 2010 878 2058 et
896 2001 1061 2077 sacrilegus,
1076 2017 1141 2058 nam
1155 1999 1285 2058 damnata
1297 2008 1344 2058 eet

253 2099 338 2154 altera
350 2100 526 2175 propositio:
550 2099 724 2176 “Praecepto
738 2101 947 2159 communionis
962 2118 1061 2160 annue
1081 2098 1181 2156 satisfit
1193 2117 1244 2175 per
1257 2099 1342 2156 sacri·

252 2198 347 2272 legam
365 2198 511 2257 Dominioi
531 2198 657 2274 corporis
677 2189 971 2258 manducationem.”⁶
1011 2200 1111 2258 Potest
1129 2199 1213 2257 etiam
1238 2199 1343 2273 punire

253 2303 345 2353 nomm
359 2307 507 2356 externum
520 2297 557 2355 ob
570 2316 688 2374 pravum
701 2316 758 2370 quo
771 2298 861 2356 lactus
875 2306 918 2354 est
927 2299 1070 2359 animum:
1092 2297 1133 2354 sic
1147 2297 1343 2354 excommuni-

252 2394 362 2452 catione
376 2395 565 2472 percelluntur
577 2396 717 2454 haeretioae
731 2397 873 2472 pravitatis
894 2397 1076 2470 inquisitores
1090 2397 1139 2469 qui
1152 2413 1190 2454 ex
1202 2393 1343 2462 odio,'aut

252 2492 322 2550 lucri
336 2494 468 2571 cupidine
482 2496 648 2554 innocentes
661 2495 803 2562 damnant,
817 2495 863 2553 vel
875 2513 939 2554 reos
953 2488 1124 2555 absolvunt⁷
1165 2495 1234 2553 Non
1248 2504 1341 2551 autem

252 2595 400 2652 consuevit
413 2604 505 2653 actum
519 2596 660 2652 internum
673 2595 736 2670 lege
746 2595 905 2672 injungere,
917 2597 965 2667 qui
979 2595 1014 2653 ed
1027 2594 1159 2652 meritum
1168 2611 1263 2652 coram
1276 2593 1342 2651 Deo

287 2762 330 2827 (l)
350 2761 442 2814 Mirum
459 2770 496 2814 est
512 2764 653 2830 episcopum
670 2763 837 2826 Anglicanom
849 2761 902 2812 haee
920 2762 1041 2827 scripsisse
1058 2763 1123 2812 “All
1139 2761 1249 2812 outward
1266 2760 1344 2810 dnties

148 2887 150 2891 .
253 2859 293 2893 ere
311 2861 339 2895 so
355 2848 471 2912 enjoined
488 2847 541 2897 that
558 2848 616 2911 they
634 2863 680 2897 can
697 2849 727 2895 be
744 2846 864 2913 supplied,
881 2846 930 2896 and
947 2846 988 2896 the
1005 2845 1108 2896 intemal
1125 2861 1196 2908 grace
1218 2843 1343 2894 instaneed

251 2926 278 2974 in
295 2928 365 2977 other
384 2931 485 2989 actions,
502 2930 531 2979 ol
544 2930 625 2979 which
643 2929 710 2980 there
727 2946 767 2979 are
783 2947 811 2980 so
828 2945 902 2995 many
919 2929 992 2980 kinds
1009 2930 1145 2980 metrorus
1162 2945 1189 2979 or
1212 2929 1280 2978 otlrer
1296 2943 1344 2978 oen

251 3013 280 3060 be
297 3011 361 3060 done
372 3014 404 3075 by
416 3029 488 3076 every
500 3027 554 3072 one,
566 3012 614 3062 and
630 3021 673 3076 yet
690 3013 756 3062 there
773 3015 795 3064 is
812 3031 840 3064 so
857 3022 924 3076 great
941 3030 955 3064 a
972 3015 1063 3080 variety
1075 3015 1128 3065 that
1144 3030 1178 3064 no
1194 3029 1252 3064 man
1263 3015 1345 3062 orbut

252 3109 310 3156 rery
327 3094 376 3144 few
392 3111 450 3145 men
467 3111 514 3146 can
531 3095 562 3146 do
579 3097 619 3146 all.
653 3095 666 3144 1
688 3097 799 3148 instance
815 3098 842 3148 in
860 3098 902 3148 tha
918 3099 1010 3148 sevsrd
1031 3114 1100 3162 ways
1121 3099 1150 3149 ot'
1167 3097 1345 3155 momficaton,

251 3177 297 3226 viz.
320 3179 351 3241 by
375 3179 485 3242 fastings,
507 3181 539 3244 by
562 3179 699 3243 watcbings
722 3181 771 3231 and
789 3183 969 3247 pernoctatione
985 3184 1012 3233 in
1034 3199 1127 3248 prayer,
1149 3183 1231 3248 lyings
1253 3198 1287 3234 on
1303 3182 1345 3232 the

251 3263 354 3323 ground,
373 3265 405 3327 by
424 3265 552 3316 toleration
569 3265 618 3316 aad
636 3265 755 3330 patience,
772 3266 893 3318 laborieus
911 3275 1019 3330 gestures
1035 3269 1064 3318 of
1078 3268 1120 3318 the
1137 3267 1236 3332 hodyin
1252 3281 1346 3332 prayer,

253 3347 368 3410 standing
376 3348 436 3398 with
448 3366 512 3399 arms
529 3350 658 3410 extended,
670 3351 728 3412 long
739 3351 867 3413 lneelings
879 3367 912 3401 on
929 3351 970 3402 the
981 3355 1037 3402 bera
1046 3353 1149 3414 mound,
1160 3352 1277 3414 suffering
1288 3367 1345 3400 con·

251 3433 390 3484 tradictions
402 3434 450 3484 and
461 3433 570 3495 affronte,
587 3434 723 3498 lessenings
740 3435 790 3485 and
808 3434 1007 3498 undervaloings‚
1025 3437 1125 3502 peevish
1143 3437 1191 3487 and
1207 3451 1273 3487 eroes
1284 3435 1346 3484 acci·

250 3519 328 3579 dente,
339 3519 448 3583 denying
461 3521 584 3572 ourselves
601 3521 686 3571 lawful
704 3521 836 3586 pleaeures,
852 3521 963 3584 refusing
982 3537 997 3570 a
1013 3523 1124 3587 pleasant
1141 3523 1235 3582 morsel,
1249 3521 1346 3583 leaving

250 3605 342 3666 society
354 3604 402 3653 aad
414 3606 532 3668 maetings
541 3606 675 3666 elidenda,
687 3606 736 3655 and
748 3621 805 3669 very
817 3621 892 3670 many
902 3606 986 3670 things
997 3607 1025 3656 os
1033 3606 1075 3657 the
1086 3607 1135 3658 like
1146 3614 1240 3666 nature,
1250 3608 1283 3670 by
1295 3622 1345 3670 any

250 3685 279 3734 ol
286 3685 368 3735 which
380 3687 421 3734 the
429 3688 493 3750 body
506 3704 562 3751 may
574 3691 603 3738 be
616 3689 742 3748 mortified,
754 3690 803 3738 and
814 3690 856 3740 tbe
866 3691 921 3740 soul
932 3691 1086 3756 disciplined,
1097 3707 1124 3741 or
1134 3691 1175 3742 the
1185 3691 1295 3742 outward
1306 3701 1347 3740 act

250 3785 307 3834 may
325 3771 355 3820 be
371 3771 481 3836 supplied
499 3774 531 3836 by
550 3787 582 3821 an
600 3773 678 3822 active
695 3773 744 3822 and
761 3774 856 3824 intense
874 3775 929 3824 love
941 3775 1023 3826 which
1041 3791 1087 3826 can
1104 3776 1136 3826 do
1150 3791 1222 3840 every
1239 3775 1310 3838 thing
1321 3779 1351 3826 of

249 3854 335 3921 duty.''
368 3855 466 3919 Jeremy
478 3855 577 3920 'seylon
590 3858 683 3908 Ductor
694 3857 876 3923 Dubitantium,
888 3861 903 3910 l.
914 3860 941 3910 ii.
952 3876 974 3912 c.
986 3860 1020 3912 iii.
1031 3876 1054 3926 p.
1066 3862 1125 3912 tes.

284 3939 323 4005 (2)
343 3939 407 3992 Vide
418 3940 559 3992 Suaresium
570 3941 600 3991 de
608 3938 723 4004 Legibus,
737 3942 754 3991 1.
767 3941 799 3992 iv.
808 3957 829 3992 c.
842 3943 885 3992 xii.
898 3947 921 3991 7.

286 4024 328 4088 (3)
348 4024 449 4084 Ibidem,
458 4042 480 4075 c.
491 4027 544 4077 xiii.
557 4029 580 4074 6.

279 4106 322 4170 (4)
341 4106 414 4172 Prop.
425 4110 474 4158 xiv.
486 4109 550 4161 inter
560 4110 686 4162 damnatas
696 4113 727 4161 ab
738 4111 809 4163 Alex.
821 4111 877 4162 Vll.

278 4189 321 4257 (5)
341 4189 438 4241 Suares.
448 4193 478 4242 de
488 4193 547 4257 Leg.
560 4197 575 4244 l.
588 4198 619 4246 iv.
631 4212 652 4246 c.
664 4196 715 4247 xiii.
730 4199 769 4245 14.

284 4277 327 4342 (6)
347 4275 420 4341 Prop.
432 4278 462 4326 lv.
472 4278 537 4328 inter·
545 4280 672 4332 damnatas
684 4284 721 4333 ab.
732 4282 817 4334 Innoc.
830 4281 878 4332 XI.

285 4361 327 4426 (7)
349 4359 496 4411 Clementia.
509 4361 525 4411 i.
538 4365 552 4420 ς
568 4363 658 4414 Verum
667 4363 697 4415 de
708 4363 836 4419 hereticis.
