3078 5258
482 441 539 502 DE
561 441 713 503 LEGUM
735 439 1039 502 OBLIGATIONE.
1253 449 1306 504 171

213 611 363 670 nicationis
374 608 515 665 sententia
525 607 725 686 promulgatur,
736 605 841 664 subditi
854 608 916 686 ejus
925 606 1031 666 furtum
1043 617 1124 666 extra
1136 609 1228 684 ipsius
1239 609 1308 669 dioe-

214 711 305 767 cesim
324 707 545 775 committentes,
566 704 775 783 minimeligari
786 715 950 776 noscuntur,
969 725 1034 764 cum
1048 717 1126 764 extra
1139 710 1308 768 territorium

210 810 260 884 jus
274 807 379 866 dicenti
392 825 451 864 non
465 814 594 882 pareatur
606 797 772 880 impune.”l
814 803 957 866 Caeterurn
976 805 1054 882 leges
1075 823 1137 878 quae
1151 807 1307 883 respiciunt

213 905 352 965 beneficia
364 906 411 963 vel
431 924 535 963 munus
556 904 717 980 parochiale
731 905 788 960 vim
802 905 939 972 obtinent,
959 923 1048 977 quum
1061 904 1124 964 hoto
1144 907 1307 982 subjaceant

213 1005 339 1081 praesuli,
353 1005 468 1062 fictione
482 1005 588 1080 quippe
603 1004 677 1079 juris
692 1003 741 1074 qui
761 1021 795 1059 ea
814 1003 962 1078 possident
980 1013 1130 1062 censentur
1143 1003 1242 1063 adesse
1256 1008 1306 1063 ubi

212 1123 258 1160 res
272 1105 338 1161 snnt
350 1104 421 1169 sitae,
444 1112 472 1158 et
493 1102 601 1178 legibus
624 1101 731 1160 idcirco
750 1102 969 1178 obstringuntur.
1012 1101 1061 1158 Sic
1080 1103 1159 1178 leges
1179 1105 1308 1181 episcopi

213 1202 248 1259 de
261 1203 370 1260 ratione
387 1202 578 1278 parochorum
598 1219 702 1261 muniis
721 1200 845 1258 obeundi
864 1201 952 1277 ligant
971 1201 1113 1278 parochos
1134 1221 1206 1274 quos
1226 1215 1305 1260 extra
1381 1198 1388 1212 ‘

213 1301 363 1358 diaecesim
376 1302 482 1358 versari
500 1301 657 1376 contigerit,
668 1300 739 1357 adeo
748 1308 780 1356 ut
789 1309 935 1357 teneantur
947 1301 1048 1357 reverti
1062 1310 1090 1357 et
1102 1319 1206 1358 munus
1217 1303 1306 1368 obire,

213 1409 300 1476 prout
311 1399 359 1456 lex
372 1401 535 1476 prescribit.
578 1398 637 1456 Sed
657 1401 682 1456 si
696 1400 848 1476 episcopus
868 1407 970 1457 statuat
983 1416 1097 1477 poenam
1111 1403 1306 1475 suspensionis

212 1502 278 1576 ipso
298 1498 371 1557 faeto
393 1497 614 1557 contrahendam
638 1519 654 1556 a
676 1497 820 1556 sacerdote
843 1515 1023 1572 quocumque
1046 1500 1101 1556 sibi
1123 1497 1235 1556 subdito
1256 1502 1306 1572 qui

216 1599 327 1655 crimen
341 1598 454 1670 aliquod
471 1597 625 1665 admiserit,
647 1617 674 1655 v.
690 1618 725 1676 g:
747 1598 897 1666 ebrietatis,
918 1607 1050 1656 statuum
1071 1596 1142 1656 illud
1162 1617 1219 1656 non
1238 1599 1308 1676 ligat

213 1695 391 1755 sacerdotem
406 1699 453 1770 qui
466 1707 544 1755 extra
557 1697 704 1756 dioecesim
719 1697 872 1768 delinquat.

255 1801 304 1853 30.
325 1796 484 1873 Peregrini,
506 1798 556 1869 qui
576 1796 686 1854 scilicet
705 1799 758 1854 iter
777 1797 884 1854 faciunt
903 1797 997 1854 animo
1018 1797 1174 1854 revertendi
1195 1798 1229 1854 ad
1243 1817 1304 1864 sua,

161 1945 163 1948 ,
212 1895 261 1952 vel
269 1896 334 1953 alibi
348 1915 431 1954 suum
444 1895 620 1955 domicilium
634 1895 785 1963 statuendi,
797 1896 927 1953 loeomm
940 1913 991 1970 per
1011 1913 1072 1966 quac
1087 1897 1203 1954 transire
1217 1899 1305 1954 conti·

213 1995 289 2070 gerit
302 1993 410 2070 legibus
424 2006 563 2065 tenentur,
578 2005 715 2067 quatenus
735 1995 776 2054 nil
789 1994 880 2052 facere
893 1995 977 2052 liceat
989 1994 1065 2066 quod
1079 1994 1135 2052 illis
1149 1995 1186 2053 sit
1198 2004 1306 2052 contra·

213 2094 300 2161 rium,
315 2096 383 2153 etin
396 2095 515 2153 aliorum
528 2094 718 2154 offensionem
732 2093 820 2153 cedat.
863 2091 935 2160 Qua
948 2094 1010 2170 lege
1024 2096 1226 2171 precipiantur
1238 2094 1305 2153 faei-

212 2192 288 2251 enda
301 2193 427 2252 subditos
440 2195 608 2271 plemmque
621 2203 728 2252 tantum
741 2195 906 2268 respiciunt,
921 2211 1010 2266 quum
1023 2213 1103 2252 mora
1117 2193 1246 2268 quedam
1270 2197 1306 2252 sit

212 2295 373 2354 necessaria
392 2303 423 2350 ut
445 2295 509 2366 quis
529 2313 564 2350 ea
586 2306 751 2366 exequatur.
794 2291 873 2350 Hinc
895 2292 990 2349 clerici
1013 2293 1064 2350 iter
1086 2293 1222 2351 facientes
1245 2312 1305 2352 nou

214 2401 344 2450 tenentur
357 2381 482 2470 speciale
494 2391 691 2452 indumentum
705 2394 735 2450 in
744 2392 860 2451 dioeoesi
871 2391 964 2464 aliqua
974 2393 1133 2468 injunctum
1147 2411 1305 2460 assumere,

210 2493 318 2550 nisiex
333 2493 425 2551 aliena
438 2503 517 2550 veste
527 2492 657 2550 fidelibus
670 2501 800 2550 nascatur
812 2494 905 2569 gravis
919 2491 1051 2550 offensio.
1085 2491 1112 2550 E
1128 2503 1223 2552 contra
1232 2494 1306 2568 jeju·

209 2591 293 2648 nium
315 2591 392 2662 quod
410 2592 473 2668 lego
494 2592 625 2650 dioecesis
648 2590 796 2669 cujusdam
815 2593 987 2667 praecipitur,
1002 2591 1171 2649 servandum
1192 2601 1235 2646 est
1257 2593 1310 2648 iter

215 2689 401 2755 facientibus,
415 2690 460 2746 vel
472 2691 614 2765 paululum
632 2691 690 2748 illic
711 2690 895 2748 morantibus,
937 2690 970 2745 S.
985 2689 1154 2746 Ambrosius
1175 2709 1191 2743 a
1204 2689 1236 2745 S.
1251 2690 1308 2745 Au·

212 2787 332 2863 gustino
346 2788 528 2864 interrogatus
541 2788 574 2846 de
590 2791 703 2867 jejunio
717 2788 823 2845 sabbati
837 2787 914 2860 quod
933 2785 1092 2845 Mediolani
1106 2805 1164 2846 non
1183 2787 1310 2844 servaba-

212 2896 270 2951 tur,
286 2884 354 2944 dum
375 2887 474 2945 Romae
495 2888 611 2964 vigeret,
632 2887 796 2964 respondit:
819 2885 928 2946 “Cum
950 2887 1072 2946 Romam
1093 2889 1187 2954 venio,
1204 2887 1306 2964 jejuno

211 2986 330 3044 sabbato
344 3007 351 3042 :
374 3005 438 3044 cum
452 2987 586 3055 hiesum,
601 3007 659 3046 non
668 2988 778 3065 jejuno
822 2987 870 3047 Sic
884 2988 968 3046 etiam
989 2997 1017 3043 tu
1032 2987 1165 3061 adquam
1179 2987 1249 3046 sorte
1264 3006 1307 3046 ec·

213 3085 333 3144 clesiam
346 3087 467 3154 veneris,
482 3106 591 3147 morem
605 3087 680 3145 illius
696 3081 827 3144 serva.”2

256 3187 312 3268 31,
327 3185 421 3260 Leges
435 3205 603 3244 communes
617 3185 756 3244 Ecclesiae
777 3204 840 3258 quae
859 3185 954 3242 forsan
974 3185 1178 3243 consuetudine
1198 3186 1243 3241 vel
1263 3186 1304 3242 in·

211 3284 294 3342 dulto
305 3285 408 3342 alicubi
422 3284 553 3343 relaxatae
567 3294 641 3352 sunt,
656 3303 714 3342 non
727 3294 793 3358 sunt
805 3282 964 3342 necessarii
979 3283 1122 3342 servandae
1136 3284 1303 3359 peregrinis:

211 3393 336 3460 possunt
349 3383 426 3442 enirn
438 3384 497 3442 loci
511 3384 660 3462 privilegio
672 3385 724 3442 uti.
747 3382 805 3441 Sed
819 3385 844 3440 si
858 3383 921 3454 quis
934 3401 950 3439 e
963 3381 1027 3438 loco
1040 3381 1205 3457 hujusmodi
1219 3400 1303 3438 vene·

211 3483 252 3541 rit
265 3481 300 3538 ad
312 3482 461 3542 dioecesim
473 3485 503 3542 in
517 3503 573 3556 qua
586 3491 740 3550 servantur,
754 3481 838 3539 dehet
851 3481 969 3538 omnino
982 3497 1030 3535 eas
1046 3497 1169 3535 servare.

351 3671 394 3736 (l)
411 3667 445 3742 9·
457 3670 482 3718 ii.
494 3669 524 3718 de
537 3667 642 3720 constit.
654 3669 680 3718 in
691 3663 714 3718 il.
895 3665 936 3735 (2)
958 3665 988 3717 O.
1000 3663 1055 3724 Illa,
1067 3664 1121 3714 dist.
1133 3667 1167 3718 xii
