3146 5266
580 492 636 550 DE
661 490 937 550 IGNORANTIA.
1262 501 1297 552 21

251 665 298 716 31.
313 659 506 735 Ignorantiam
517 657 712 715 invincibilem
721 657 795 733 juris
805 655 937 714 naturalis
951 653 1156 734 principiorum
1169 654 1228 715 dari
1242 675 1302 717 non

211 777 296 834 posse
317 759 445 833 plerique
466 755 657 822 contendunt3
679 775 766 829 quum
787 756 864 813 enim
886 754 1042 826 unicuique
1063 755 1100 813 sit
1117 755 1199 823 ratio,
1219 757 1300 833 cujus

211 866 276 914 sunt
288 857 437 916 manifesta
450 857 611 922 dictamina,
625 857 675 914 vix
688 863 782 931 potest
796 855 860 926 quis
882 873 916 912 ca
929 857 1068 929 ignorare,
1082 854 1139 913 nisi
1152 852 1237 931 culpa
1250 873 1300 912 sua

212 965 240 1012 et
251 956 401 1014 voluntatis
416 975 450 1012 ea
468 956 622 1012 aversantis
637 957 781 1031 pravitate.
821 953 905 1029 Ipsos
924 951 1053 1011 ethnicos
1070 955 1153 1031 juxta
1173 972 1207 1010 ea
1224 953 1300 1030 judi-

212 1053 317 1111 candos
351 1057 476 1112 insinuat
501 1054 667 1130 Apostolus
694 1073 727 1110 ea
752 1055 840 1110 menti
865 1053 954 1111 veluti
987 1053 1126 1128 impressa
1156 1051 1299 1111 reserens:

214 1153 426 1226 “Quicumque
449 1155 527 1211 enim
551 1155 614 1210 sine
635 1153 698 1228 lege
725 1161 922 1228 peccaverunt,
946 1151 1008 1208 sine
1030 1151 1092 1228 lege
1115 1151 1299 1228 peribunt...

213 1271 279 1310 cum
293 1255 369 1310 enim
383 1263 490 1328 gentes,
506 1271 568 1324 quae
587 1253 682 1327 legem
702 1263 761 1309 non
782 1251 894 1317 habent,
916 1249 1076 1308 naturaliter
1096 1269 1138 1318 ea,
1153 1269 1216 1323 quae
1229 1250 1302 1328 legis

213 1360 288 1417 sunt,
302 1353 419 1418 faciunt,
433 1351 576 1427 ejusmodi
588 1351 682 1426 legem
697 1370 755 1409 non
775 1349 910 1408 habentes
931 1351 987 1425 ipsi
1007 1350 1061 1408 sibi
1082 1358 1148 1406 sunt
1159 1349 1225 1406 lex:
1251 1351 1301 1422 qui

213 1450 364 1507 ostendunt
385 1469 457 1525 opus
476 1451 548 1526 legis
569 1451 706 1525 scriptum
729 1452 759 1507 in
782 1449 913 1507 cordibus
935 1451 1005 1515 suis,
1028 1449 1222 1507 testimonium
1242 1449 1302 1505 red·

213 1548 296 1605 dente
318 1550 374 1607 illis
395 1551 571 1608 conscientia
591 1549 729 1624 ipsorum,
751 1558 778 1604 et
796 1550 870 1606 inter
889 1567 920 1605 se
944 1549 1068 1608 invicem
1085 1549 1302 1624 cogitationibus

216 1650 420 1716 accusantibus,
447 1659 494 1705 aut
519 1651 603 1706 etiam
629 1641 892 1705 defendentibus.”¹
939 1647 1082 1705 Caeteruru
1108 1648 1134 1704 si
1159 1649 1303 1722 contingat

215 1763 359 1816 quemque
379 1748 535 1822 ignorantia
553 1747 711 1805 invincibili
729 1765 828 1805 eorum
846 1745 983 1813 laborare,
1000 1765 1063 1802 reus
1078 1745 1173 1804 haberi
1187 1747 1302 1819 nequit;

214 1854 389 1920 quapropter
401 1844 563 1902 Alexander
576 1845 657 1902 VIII.
672 1847 773 1903 merito
793 1845 936 1901 damnavit
947 1845 1172 1921 propositionem
1185 1863 1304 1916 sequen·

216 1924 292 1997 tem:
315 1944 471 2000 “Tametsi
494 1943 573 2000 detur
594 1945 751 2020 ignorantia
771 1942 947 2002 invincibilis
964 1943 1037 2018 juris
1058 1949 1173 2008 naturae,
1194 1941 1255 1997 haec
1275 1943 1305 1998 in

215 2048 287 2096 statu
300 2051 403 2099 naturae
416 2042 501 2117 lapsae
513 2053 676 2117 operantem
688 2061 725 2100 ex
738 2045 801 2119 ipsa
814 2061 871 2100 non
882 2049 998 2099 excusat
1008 2060 1024 2096 a
1033 2035 1200 2115 peccato.’'²
1214 2039 1305 2112 Equi·

213 2138 279 2194 dem
293 2159 354 2211 quae
367 2142 438 2199 ratio
452 2142 585 2212 quaeritur
598 2141 688 2217 oulpae
703 2162 719 2197 a
735 2142 753 2199 J
755 2141 865 2199 ansenii
879 2139 1027 2217 discipulis
1049 2141 1079 2198 in
1092 2139 1162 2196 Adae
1178 2149 1304 2216 peccato,

213 2255 271 2294 non
285 2247 378 2313 potest
387 2239 422 2295 ad
435 2258 468 2295 ea
478 2257 540 2310 quae
550 2258 609 2298 non
619 2239 780 2299 necessarii)
789 2240 855 2298 inde
864 2240 1009 2315 profluunt
1018 2239 1114 2296 referri
1127 2259 1135 2306 ;
1149 2238 1200 2294 sed
1209 2240 1305 2296 unius-

214 2337 351 2411 cujusque
376 2337 511 2395 libertatis
537 2340 705 2396 exercitium
726 2338 926 2398 attendendum
946 2346 998 2395 est.
1046 2337 1125 2396 Hinc
1148 2339 1172 2394 si
1190 2338 1306 2412 juvenis

215 2435 385 2509 ignoraverit
404 2438 522 2495 omniuo
542 2436 708 2514 pollutionis
729 2439 883 2504 malitiam
910 2439 935 2496 si
958 2438 1065 2514 conjux
1087 2455 1124 2494 ex
1146 2438 1306 2512 ignorantia

215 2533 325 2606 prolem
339 2535 527 2610 impediverit,
542 2539 689 2595 excusatio
704 2537 871 2594 haberetur:
895 2536 1061 2613 plerumque
1083 2547 1175 2592 tamen
1190 2537 1252 2611 ipsa
1265 2537 1306 2609 ig-

216 2634 345 2689 norantia
357 2635 388 2690 in
409 2633 492 2709 culpa
512 2653 626 2692 causam
645 2634 737 2692 habet.
779 2634 950 2711 Negandum
963 2653 1021 2693 non
1041 2642 1084 2691 est
1096 2635 1209 2709 ignaros
1223 2651 1306 2704 quos-

217 2727 285 2784 dam
307 2731 369 2786 sine
391 2733 474 2806 culpa
494 2750 556 2789 esse
576 2751 662 2807 posse
685 2735 814 2790 circaea
836 2751 898 2803 quae
917 2731 1111 2790 ratiocinando
1132 2731 1307 2786 deducuntur

217 2845 255 2882 ex
276 2828 351 2902 juris
376 2837 480 2886 naturae
501 2831 663 2906 priucipiis,
687 2849 775 2903 quum
801 2831 976 2907 gravissimae
998 2815 1213 2898 nonnumquam
1236 2828 1307 2884 inter

216 2923 314 2982 doctos
328 2929 449 3002 piosque
469 2927 602 2986 homines
624 2931 794 3000 quaestiones
814 2928 849 2985 de
869 2930 905 2987 iis
927 2930 1075 3005 agitentur.
1115 2928 1165 2986 Sic
1179 2925 1214 2984 de
1228 2945 1306 2984 men·

215 3021 296 3081 dacio
309 3025 440 3083 officioso
461 3026 613 3098 aliquando
634 3025 806 3103 disputatum
823 3037 882 3094 est;
905 3036 932 3085 et
952 3027 987 3085 de
1007 3028 1169 3086 Innocentis
1192 3026 1305 3083 damna-

215 3123 293 3179 tione
307 3143 323 3178 a
331 3125 439 3200 Judice,
451 3125 535 3199 juxta
550 3125 654 3201 judicii
677 3128 816 3192 ordinem,
837 3128 910 3184 inter
929 3127 985 3183 SS.
1000 3126 1145 3184 Thomam
1166 3135 1194 3182 et
1213 3125 1306 3183 Bona-

217 3231 363 3278 venturam
377 3224 537 3295 quaesitum.

256 3324 305 3376 32.
328 3321 383 3378 Jus
395 3320 523 3379 divinum
537 3321 717 3398 positivum,
732 3333 760 3380 et
777 3323 978 3382 revelationem
999 3322 1190 3388 christianam,
1205 3322 1230 3377 si
1244 3322 1307 3391 quis

218 3419 324 3489 absque
337 3419 421 3494 culpa
434 3419 552 3495 ignoret,
566 3439 632 3478 reus
647 3441 705 3480 non
718 3423 770 3479 erit
785 3420 966 3497 judicandus,
981 3421 1099 3479 Christo
1118 3421 1182 3494 ipso
1202 3419 1237 3476 de
1256 3418 1274 3474 J
1278 3437 1308 3474 u·

219 3515 286 3571 daeis
301 3516 426 3574 dicente:
450 3519 513 3575 “Si
532 3538 591 3578 non
611 3521 765 3586 venissem,
787 3529 815 3574 et
830 3519 942 3574 locutus
962 3517 1081 3574 fuissem
1095 3517 1146 3580 eis,
1161 3523 1308 3589 peccatum

220 3630 279 3668 non
291 3612 472 3672 haberent.”³
514 3617 618 3676 Meritis
632 3618 718 3692 igitur
730 3615 860 3672 damnata
872 3625 915 3672 est
934 3613 1107 3691 propositio:
1132 3612 1308 3670 “infidelitas

220 3729 291 3785 pure
304 3715 431 3789 negativa
445 3717 474 3771 in
495 3717 529 3772 iis
550 3717 654 3787 quibus
675 3715 808 3774 Christus
821 3732 879 3772 non
901 3725 945 3773 est
963 3714 1141 3792 praedicatus,
1162 3722 1309 3789 peceatum

219 3803 311 3866 est.”⁴
350 3812 496 3885 Equidem
510 3815 688 3890 Augustinus
702 3814 736 3871 de
751 3813 870 3873 ethnicis
884 3833 980 3892 agens,
1002 3813 1112 3871 videtur
1132 3830 1181 3868 eos
1202 3813 1310 3887 peccati

219 3927 343 3984 arguere,
355 3921 382 3968 et
392 3911 567 3978 damnandos
578 3913 745 3990 praedicare:
762 3923 781 3949 “
791 3913 838 3971 illa
847 3913 1003 3988 ignorantia
1012 3930 1075 3984 quae
1089 3927 1147 3967 non
1157 3918 1200 3964 est
1212 3927 1309 3965 eorum

219 4008 267 4077 qui
281 4010 352 4066 scire
365 4011 476 4078 nolunt,
491 4011 542 4070 sed
555 4030 653 4070 eorum
667 4013 717 4084 qui
730 4022 875 4084 tamquam
888 4010 1054 4085 simpliciter
1067 4007 1206 4075 nesciunt,
1221 4008 1310 4065 nemi·

219 4121 284 4162 nem
297 4107 338 4164 aio
361 4118 489 4177 excusat,
511 4123 543 4167 ut
563 4112 735 4187 sempiterno
755 4111 820 4186 igne
841 4128 899 4166 non
919 4108 1022 4175 ardeat,
1044 4109 1069 4165 si
1091 4115 1240 4183 propterea
1252 4125 1311 4164 non
1391 4118 1393 4122 ·

219 4203 343 4274 credidit,
365 4209 434 4278 quia
452 4199 511 4266 nou¹
531 4210 637 4267 audivit
657 4208 773 4267 omnino
793 4207 869 4279 quod
891 4207 1025 4274 crederet,
1053 4206 1104 4264 sed
1129 4204 1255 4262 fortassis
1281 4215 1312 4262 ut

253 4389 293 4454 (1)
308 4390 379 4442 Rom.
392 4393 418 4442 ii.
433 4393 474 4444 14.
645 4396 687 4460 (⁶2)
702 4393 773 4458 Prop.
785 4393 810 4442 it.
823 4394 886 4444 iuter
894 4393 1030 4453 damnatas,
1043 4391 1210 4443 ”lDecembris
1224 4389 1295 4438 1690.

143 4483 154 4496 ’
254 4477 295 4544 (³)
309 4477 373 4529 J⁰³11
383 4495 425 4529 XV·
438 4481 479 4528 22·
646 4481 686 4545 (4)
706 4479 779 4545 Prop.
790 4479 848 4530 lviii.
