<?xml version="1.0" encoding="UTF-8"?>
<!DOCTYPE html PUBLIC "-//W3C//DTD XHTML 1.0 Transitional//EN"
    "http://www.w3.org/TR/xhtml1/DTD/xhtml1-transitional.dtd">
<html xmlns="http://www.w3.org/1999/xhtml" xml:lang="en" lang="en">
 <head>
  <title>
</title>
<meta http-equiv="Content-Type" content="text/html;charset=utf-8" />
  <meta name='ocr-system' content='tesseract 3.04.00' />
  <meta name='ocr-capabilities' content='ocr_page ocr_carea ocr_par ocr_line ocrx_word'/>
</head>
<body>
  <div class='ocr_page' id='page_1' title='image "./theologiaemoral03kenrgoog_0303.png"; bbox 0 0 3046 5262; ppageno 0'>
   <div class='ocr_carea' id='block_1_1' title="bbox 289 531 984 644">
    <p class='ocr_par' dir='ltr' id='par_1_1' title="bbox 289 531 984 644">
     <span class='ocr_line' id='line_1_1' title="bbox 289 531 984 644; baseline -0.003 -32"><span class='ocrx_word' id='word_1_1' title='bbox 289 555 349 612; x_wconf 79' lang='lat' dir='ltr'>ess</span> <span class='ocrx_word' id='word_1_2' title='bbox 508 635 513 644; x_wconf 25' lang='grc' dir='ltr'>Ι</span> <span class='ocrx_word' id='word_1_3' title='bbox 684 551 741 612; x_wconf 81' lang='lat' dir='ltr'>ue</span> <span class='ocrx_word' id='word_1_4' title='bbox 763 531 984 612; x_wconf 76' lang='lat' dir='ltr'>enectum.</span> 
     </span>
    </p>
   </div>
   <div class='ocr_carea' id='block_1_2' title="bbox 280 712 1377 3466">
    <p class='ocr_par' dir='ltr' id='par_1_2' title="bbox 288 712 1377 1372">
     <span class='ocr_line' id='line_1_2' title="bbox 292 712 1377 798; baseline 0.002 -18"><span class='ocrx_word' id='word_1_5' title='bbox 292 719 412 780; x_wconf 79' lang='lat' dir='ltr'>marthe</span> <span class='ocrx_word' id='word_1_6' title='bbox 425 719 629 796; x_wconf 83' lang='lat' dir='ltr'>multiplicatus</span> <span class='ocrx_word' id='word_1_7' title='bbox 641 729 696 788; x_wconf 87' lang='lat' dir='ltr'>est,</span> <span class='ocrx_word' id='word_1_8' title='bbox 706 729 735 777; x_wconf 90' lang='lat' dir='ltr'>et</span> <span class='ocrx_word' id='word_1_9' title='bbox 743 729 891 797; x_wconf 88' lang='lat' dir='ltr'>peccatum</span> <span class='ocrx_word' id='word_1_10' title='bbox 904 735 1004 779; x_wconf 87' lang='lat' dir='ltr'>eornm</span> <span class='ocrx_word' id='word_1_11' title='bbox 1012 729 1194 798; x_wconf 74' lang='lat' dir='ltr'>aggravatum</span> <span class='ocrx_word' id='word_1_12' title='bbox 1199 729 1245 778; x_wconf 88' lang='lat' dir='ltr'>est</span> <span class='ocrx_word' id='word_1_13' title='bbox 1252 712 1377 782; x_wconf 76' lang='lat' dir='ltr'>nimis-”¹</span> 
     </span>
     <span class='ocr_line' id='line_1_3' title="bbox 289 818 1376 896; baseline 0 -18"><span class='ocrx_word' id='word_1_14' title='bbox 289 819 411 895; x_wconf 86' lang='lat' dir='ltr'>lnjuriss</span> <span class='ocrx_word' id='word_1_15' title='bbox 433 819 603 894; x_wconf 86' lang='lat' dir='ltr'>pauperibus</span> <span class='ocrx_word' id='word_1_16' title='bbox 625 818 726 886; x_wconf 87' lang='lat' dir='ltr'>illatas,</span> <span class='ocrx_word' id='word_1_17' title='bbox 741 819 897 896; x_wconf 76' lang='lat' dir='ltr'>presertim</span> <span class='ocrx_word' id='word_1_18' title='bbox 915 819 1010 878; x_wconf 76' lang='lat' dir='ltr'>vidue</span> <span class='ocrx_word' id='word_1_19' title='bbox 1033 828 1062 877; x_wconf 90' lang='lat' dir='ltr'>et</span> <span class='ocrx_word' id='word_1_20' title='bbox 1080 819 1200 896; x_wconf 88' lang='lat' dir='ltr'>pupillo,</span> <span class='ocrx_word' id='word_1_21' title='bbox 1215 837 1247 877; x_wconf 85' lang='lat' dir='ltr'>se</span> <span class='ocrx_word' id='word_1_22' title='bbox 1258 821 1376 878; x_wconf 87' lang='lat' dir='ltr'>ulturum</span> 
     </span>
     <span class='ocr_line' id='line_1_4' title="bbox 289 915 1375 986; baseline -0.001 -10"><span class='ocrx_word' id='word_1_23' title='bbox 289 918 420 984; x_wconf 75' lang='lat' dir='ltr'>masur,</span> <span class='ocrx_word' id='word_1_24' title='bbox 438 915 562 978; x_wconf 76' lang='lat' dir='ltr'>elamore</span> <span class='ocrx_word' id='word_1_25' title='bbox 575 935 674 976; x_wconf 90' lang='lat' dir='ltr'>eorum</span> <span class='ocrx_word' id='word_1_26' title='bbox 687 917 774 976; x_wconf 86' lang='lat' dir='ltr'>veluti</span> <span class='ocrx_word' id='word_1_27' title='bbox 786 918 958 976; x_wconf 73' lang='lat' dir='ltr'>excitatum:</span> <span class='ocrx_word' id='word_1_28' title='bbox 980 918 1045 976; x_wconf 85' lang='lat' dir='ltr'>“Si</span> <span class='ocrx_word' id='word_1_29' title='bbox 1064 918 1192 977; x_wconf 82' lang='lat' dir='ltr'>lreseritis</span> <span class='ocrx_word' id='word_1_30' title='bbox 1204 936 1263 986; x_wconf 85' lang='lat' dir='ltr'>ecs,</span> <span class='ocrx_word' id='word_1_31' title='bbox 1275 918 1375 976; x_wconf 84' lang='lat' dir='ltr'>vocite-</span> 
     </span>
     <span class='ocr_line' id='line_1_5' title="bbox 288 1009 1374 1094; baseline -0.002 -20"><span class='ocrx_word' id='word_1_32' title='bbox 288 1017 422 1074; x_wconf 88' lang='lat' dir='ltr'>rabuntur</span> <span class='ocrx_word' id='word_1_33' title='bbox 434 1014 470 1072; x_wconf 88' lang='lat' dir='ltr'>ad</span> <span class='ocrx_word' id='word_1_34' title='bbox 480 1034 537 1084; x_wconf 88' lang='lat' dir='ltr'>mc,</span> <span class='ocrx_word' id='word_1_35' title='bbox 555 1026 584 1074; x_wconf 90' lang='lat' dir='ltr'>et</span> <span class='ocrx_word' id='word_1_36' title='bbox 593 1034 647 1092; x_wconf 79' lang='lat' dir='ltr'>ego</span> <span class='ocrx_word' id='word_1_37' title='bbox 661 1014 773 1074; x_wconf 86' lang='lat' dir='ltr'>audiam</span> <span class='ocrx_word' id='word_1_38' title='bbox 786 1017 939 1074; x_wconf 85' lang='lat' dir='ltr'>clamorem</span> <span class='ocrx_word' id='word_1_39' title='bbox 952 1009 1103 1076; x_wconf 83' lang='lat' dir='ltr'>eomm.’&#39;¹</span> <span class='ocrx_word' id='word_1_40' title='bbox 1143 1015 1295 1093; x_wconf 85' lang='lat' dir='ltr'>Operarios</span> <span class='ocrx_word' id='word_1_41' title='bbox 1305 1018 1374 1094; x_wconf 82' lang='lat' dir='ltr'>jueta</span> 
     </span>
     <span class='ocr_line' id='line_1_6' title="bbox 289 1113 1374 1174; baseline -0.003 -2"><span class='ocrx_word' id='word_1_42' title='bbox 289 1113 420 1172; x_wconf 78' lang='lat' dir='ltr'>mercede</span> <span class='ocrx_word' id='word_1_43' title='bbox 443 1113 584 1173; x_wconf 84' lang='lat' dir='ltr'>fraudatos</span> <span class='ocrx_word' id='word_1_44' title='bbox 606 1114 760 1173; x_wconf 82' lang='lat' dir='ltr'>clamantes</span> <span class='ocrx_word' id='word_1_45' title='bbox 782 1132 814 1172; x_wconf 88' lang='lat' dir='ltr'>se</span> <span class='ocrx_word' id='word_1_46' title='bbox 834 1113 995 1172; x_wconf 82' lang='lat' dir='ltr'>auditurum</span> <span class='ocrx_word' id='word_1_47' title='bbox 1014 1114 1123 1174; x_wconf 87' lang='lat' dir='ltr'>innuit:</span> <span class='ocrx_word' id='word_1_48' title='bbox 1147 1115 1255 1173; x_wconf 86' lang='lat' dir='ltr'>“Ecce</span> <span class='ocrx_word' id='word_1_49' title='bbox 1273 1131 1374 1172; x_wconf 90' lang='lat' dir='ltr'>merces</span> 
     </span>
     <span class='ocr_line' id='line_1_7' title="bbox 288 1212 1373 1290; baseline -0.003 -18"><span class='ocrx_word' id='word_1_50' title='bbox 288 1213 483 1290; x_wconf 86' lang='lat' dir='ltr'>operariorum</span> <span class='ocrx_word' id='word_1_51' title='bbox 489 1214 538 1285; x_wconf 90' lang='lat' dir='ltr'>qui</span> <span class='ocrx_word' id='word_1_52' title='bbox 549 1219 729 1272; x_wconf 87' lang='lat' dir='ltr'>messuerunt</span> <span class='ocrx_word' id='word_1_53' title='bbox 737 1213 868 1289; x_wconf 79' lang='lat' dir='ltr'>regiones</span> <span class='ocrx_word' id='word_1_54' title='bbox 878 1222 996 1281; x_wconf 81' lang='lat' dir='ltr'>vestras,</span> <span class='ocrx_word' id='word_1_55' title='bbox 1006 1227 1069 1287; x_wconf 80' lang='lat' dir='ltr'>quse</span> <span class='ocrx_word' id='word_1_56' title='bbox 1079 1212 1255 1272; x_wconf 80' lang='lat' dir='ltr'>fraudataest</span> <span class='ocrx_word' id='word_1_57' title='bbox 1265 1233 1282 1270; x_wconf 91' lang='lat' dir='ltr'>a</span> <span class='ocrx_word' id='word_1_58' title='bbox 1291 1213 1373 1279; x_wconf 85' lang='lat' dir='ltr'>vobis,</span> 
     </span>
     <span class='ocr_line' id='line_1_8' title="bbox 289 1306 1278 1372; baseline -0.001 -1"><span class='ocrx_word' id='word_1_59' title='bbox 289 1312 410 1371; x_wconf 83' lang='lat' dir='ltr'>elamat:</span> <span class='ocrx_word' id='word_1_60' title='bbox 432 1320 461 1368; x_wconf 91' lang='lat' dir='ltr'>et</span> <span class='ocrx_word' id='word_1_61' title='bbox 473 1311 579 1370; x_wconf 83' lang='lat' dir='ltr'>clamor</span> <span class='ocrx_word' id='word_1_62' title='bbox 591 1330 690 1371; x_wconf 89' lang='lat' dir='ltr'>eorum</span> <span class='ocrx_word' id='word_1_63' title='bbox 703 1312 733 1369; x_wconf 91' lang='lat' dir='ltr'>in</span> <span class='ocrx_word' id='word_1_64' title='bbox 747 1329 828 1368; x_wconf 87' lang='lat' dir='ltr'>aures</span> <span class='ocrx_word' id='word_1_65' title='bbox 841 1310 961 1372; x_wconf 88' lang='lat' dir='ltr'>Domini</span> <span class='ocrx_word' id='word_1_66' title='bbox 974 1311 1092 1370; x_wconf 83' lang='lat' dir='ltr'>sabaoth</span> <span class='ocrx_word' id='word_1_67' title='bbox 1104 1306 1278 1370; x_wconf 84' lang='lat' dir='ltr'>introivit.’&#39;³</span> 
     </span>
    </p>

    <p class='ocr_par' dir='ltr' id='par_1_3' title="bbox 280 1408 1375 3466">
     <span class='ocr_line' id='line_1_9' title="bbox 328 1408 1373 1488; baseline -0.004 -18"><span class='ocrx_word' id='word_1_68' title='bbox 328 1415 358 1470; x_wconf 82' lang='grc'>8.</span> <span class='ocrx_word' id='word_1_69' title='bbox 379 1409 509 1469; x_wconf 77' lang='lat' dir='ltr'>Peccata</span> <span class='ocrx_word' id='word_1_70' title='bbox 527 1418 631 1470; x_wconf 78' lang='lat' dir='ltr'>contra</span> <span class='ocrx_word' id='word_1_71' title='bbox 648 1408 799 1488; x_wconf 66' lang='lat' dir='ltr'>Spiritum</span> <span class='ocrx_word' id='word_1_72' title='bbox 822 1409 969 1470; x_wconf 83' lang='lat' dir='ltr'>Sanctum</span> <span class='ocrx_word' id='word_1_73' title='bbox 987 1410 1149 1488; x_wconf 81' lang='lat' dir='ltr'>specialiter</span> <span class='ocrx_word' id='word_1_74' title='bbox 1167 1409 1300 1470; x_wconf 77' lang='lat' dir='ltr'>mcunmr</span> <span class='ocrx_word' id='word_1_75' title='bbox 1320 1427 1373 1483; x_wconf 87' lang='lat' dir='ltr'>que</span> 
     </span>
     <span class='ocr_line' id='line_1_10' title="bbox 290 1508 1373 1587; baseline -0.004 -18"><span class='ocrx_word' id='word_1_76' title='bbox 290 1509 394 1570; x_wconf 79' lang='lat' dir='ltr'>divine</span> <span class='ocrx_word' id='word_1_77' title='bbox 408 1512 504 1587; x_wconf 80' lang='lat' dir='ltr'>gratiss</span> <span class='ocrx_word' id='word_1_78' title='bbox 515 1511 641 1569; x_wconf 85' lang='lat' dir='ltr'>maxime</span> <span class='ocrx_word' id='word_1_79' title='bbox 654 1508 845 1576; x_wconf 77' lang='lat' dir='ltr'>adversantur,</span> <span class='ocrx_word' id='word_1_80' title='bbox 858 1518 887 1568; x_wconf 91' lang='lat' dir='ltr'>et</span> <span class='ocrx_word' id='word_1_81' title='bbox 900 1509 1007 1569; x_wconf 81' lang='lat' dir='ltr'>adium</span> <span class='ocrx_word' id='word_1_82' title='bbox 1020 1509 1056 1567; x_wconf 87' lang='lat' dir='ltr'>ad</span> <span class='ocrx_word' id='word_1_83' title='bbox 1065 1511 1180 1568; x_wconf 84' lang='lat' dir='ltr'>veniam</span> <span class='ocrx_word' id='word_1_84' title='bbox 1192 1510 1281 1568; x_wconf 84' lang='lat' dir='ltr'>veluti</span> <span class='ocrx_word' id='word_1_85' title='bbox 1291 1509 1373 1567; x_wconf 89' lang='lat' dir='ltr'>occlu-</span> 
     </span>
     <span class='ocr_line' id='line_1_11' title="bbox 289 1606 1375 1686; baseline -0.005 -19"><span class='ocrx_word' id='word_1_86' title='bbox 289 1609 369 1670; x_wconf 86' lang='lat' dir='ltr'>dunt.</span> <span class='ocrx_word' id='word_1_87' title='bbox 411 1607 613 1686; x_wconf 64' lang='lat' dir='ltr'>Proerumptio</span> <span class='ocrx_word' id='word_1_88' title='bbox 627 1607 663 1667; x_wconf 83' lang='lat' dir='ltr'>de</span> <span class='ocrx_word' id='word_1_89' title='bbox 675 1606 735 1666; x_wconf 77' lang='lat' dir='ltr'>Dei</span> <span class='ocrx_word' id='word_1_90' title='bbox 747 1607 967 1676; x_wconf 68' lang='lat' dir='ltr'>misericordia,</span> <span class='ocrx_word' id='word_1_91' title='bbox 981 1627 1037 1681; x_wconf 85' lang='lat' dir='ltr'>qua</span> <span class='ocrx_word' id='word_1_92' title='bbox 1056 1608 1144 1666; x_wconf 89' lang='lat' dir='ltr'>homo</span> <span class='ocrx_word' id='word_1_93' title='bbox 1160 1609 1190 1666; x_wconf 90' lang='lat' dir='ltr'>in</span> <span class='ocrx_word' id='word_1_94' title='bbox 1202 1617 1320 1684; x_wconf 88' lang='lat' dir='ltr'>peccata</span> <span class='ocrx_word' id='word_1_95' title='bbox 1330 1607 1375 1664; x_wconf 90' lang='lat' dir='ltr'>ruit</span> 
     </span>
     <span class='ocr_line' id='line_1_12' title="bbox 290 1705 1372 1784; baseline -0.004 -20"><span class='ocrx_word' id='word_1_96' title='bbox 290 1723 428 1784; x_wconf 79' lang='lat' dir='ltr'>preceps,</span> <span class='ocrx_word' id='word_1_97' title='bbox 442 1705 554 1764; x_wconf 87' lang='lat' dir='ltr'>veniam</span> <span class='ocrx_word' id='word_1_98' title='bbox 567 1707 622 1766; x_wconf 94' lang='lat' dir='ltr'>sibi</span> <span class='ocrx_word' id='word_1_99' title='bbox 634 1705 755 1766; x_wconf 87' lang='lat' dir='ltr'>tidenter</span> <span class='ocrx_word' id='word_1_100' title='bbox 767 1707 916 1783; x_wconf 87' lang='lat' dir='ltr'>pollicens,</span> <span class='ocrx_word' id='word_1_101' title='bbox 930 1725 1017 1780; x_wconf 90' lang='lat' dir='ltr'>quern</span> <span class='ocrx_word' id='word_1_102' title='bbox 1037 1716 1135 1764; x_wconf 87' lang='lat' dir='ltr'>monet</span> <span class='ocrx_word' id='word_1_103' title='bbox 1153 1725 1232 1764; x_wconf 87' lang='lat' dir='ltr'>sacer</span> <span class='ocrx_word' id='word_1_104' title='bbox 1244 1707 1372 1782; x_wconf 87' lang='lat' dir='ltr'>scriptor:</span> 
     </span>
     <span class='ocr_line' id='line_1_13' title="bbox 291 1803 1373 1883; baseline -0.004 -19"><span class='ocrx_word' id='word_1_105' title='bbox 291 1815 310 1844; x_wconf 79' lang='lat'>‘⁶</span> <span class='ocrx_word' id='word_1_106' title='bbox 323 1806 370 1864; x_wconf 88' lang='lat' dir='ltr'>Ne</span> <span class='ocrx_word' id='word_1_107' title='bbox 383 1803 481 1862; x_wconf 82' lang='lat' dir='ltr'>dicas:</span> <span class='ocrx_word' id='word_1_108' title='bbox 504 1804 652 1864; x_wconf 88' lang='lat' dir='ltr'>Miseratio</span> <span class='ocrx_word' id='word_1_109' title='bbox 675 1805 794 1865; x_wconf 85' lang='lat' dir='ltr'><strong>Domini</strong></span> <span class='ocrx_word' id='word_1_110' title='bbox 816 1824 918 1883; x_wconf 78' lang='lat' dir='ltr'>magna</span> <span class='ocrx_word' id='word_1_111' title='bbox 937 1815 990 1873; x_wconf 87' lang='lat' dir='ltr'>est,</span> <span class='ocrx_word' id='word_1_112' title='bbox 1004 1805 1192 1881; x_wconf 84' lang='lat' dir='ltr'>multitudinis</span> <span class='ocrx_word' id='word_1_113' title='bbox 1205 1814 1373 1881; x_wconf 87' lang='lat' dir='ltr'>pcccatorum</span> 
     </span>
     <span class='ocr_line' id='line_1_14' title="bbox 291 1901 1372 1982; baseline -0.006 -18"><span class='ocrx_word' id='word_1_114' title='bbox 291 1919 420 1965; x_wconf 85' lang='lat' dir='ltr'>meorum</span> <span class='ocrx_word' id='word_1_115' title='bbox 433 1905 612 1964; x_wconf 86' lang='lat' dir='ltr'>miserebitur</span> <span class='ocrx_word' id='word_1_116' title='bbox 622 1901 668 1972; x_wconf 78' lang='lat'><strong>;&#39;&#39;⁴</strong></span> <span class='ocrx_word' id='word_1_117' title='bbox 687 1915 716 1964; x_wconf 91' lang='lat' dir='ltr'>et</span> <span class='ocrx_word' id='word_1_118' title='bbox 728 1903 905 1982; x_wconf 72' lang='lat' dir='ltr'>desperatio,</span> <span class='ocrx_word' id='word_1_119' title='bbox 919 1923 986 1978; x_wconf 89' lang='lat' dir='ltr'>qua,</span> <span class='ocrx_word' id='word_1_120' title='bbox 1000 1921 1052 1980; x_wconf 88' lang='lat' dir='ltr'>spe</span> <span class='ocrx_word' id='word_1_121' title='bbox 1066 1907 1179 1979; x_wconf 88' lang='lat' dir='ltr'>penitus</span> <span class='ocrx_word' id='word_1_122' title='bbox 1193 1903 1310 1980; x_wconf 84' lang='lat' dir='ltr'>objecta,</span> <span class='ocrx_word' id='word_1_123' title='bbox 1319 1901 1372 1974; x_wconf 87' lang='lat' dir='ltr'>quis</span> 
     </span>
     <span class='ocr_line' id='line_1_15' title="bbox 291 2001 1373 2080; baseline -0.005 -18"><span class='ocrx_word' id='word_1_124' title='bbox 291 2021 322 2067; x_wconf 75' lang='lat' dir='ltr'>ee</span> <span class='ocrx_word' id='word_1_125' title='bbox 336 2003 534 2080; x_wconf 81' lang='lat' dir='ltr'>cupiditatibus</span> <span class='ocrx_word' id='word_1_126' title='bbox 544 2002 629 2072; x_wconf 89' lang='lat' dir='ltr'>dedit;</span> <span class='ocrx_word' id='word_1_127' title='bbox 640 2005 896 2065; x_wconf 79' lang='lat' dir='ltr'>contrarietatibus</span> <span class='ocrx_word' id='word_1_128' title='bbox 909 2003 1032 2080; x_wconf 78' lang='lat' dir='ltr'>Spiritus</span> <span class='ocrx_word' id='word_1_129' title='bbox 1046 2002 1145 2062; x_wconf 84' lang='lat' dir='ltr'>Sancti</span> <span class='ocrx_word' id='word_1_130' title='bbox 1158 2003 1276 2078; x_wconf 74' lang='lat' dir='ltr'>gratiam</span> <span class='ocrx_word' id='word_1_131' title='bbox 1289 2001 1373 2059; x_wconf 84' lang='lat' dir='ltr'>exclu·</span> 
     </span>
     <span class='ocr_line' id='line_1_16' title="bbox 290 2099 1372 2178; baseline -0.006 -18"><span class='ocrx_word' id='word_1_132' title='bbox 290 2102 340 2160; x_wconf 88' lang='lat' dir='ltr'>dit.</span> <span class='ocrx_word' id='word_1_133' title='bbox 361 2101 477 2160; x_wconf 85' lang='lat' dir='ltr'>Fideles</span> <span class='ocrx_word' id='word_1_134' title='bbox 490 2101 616 2161; x_wconf 77' lang='lat' dir='ltr'>hortatur</span> <span class='ocrx_word' id='word_1_135' title='bbox 629 2103 784 2178; x_wconf 79' lang='lat' dir='ltr'>Apostolus</span> <span class='ocrx_word' id='word_1_136' title='bbox 797 2121 833 2160; x_wconf 88' lang='lat' dir='ltr'>ue</span> <span class='ocrx_word' id='word_1_137' title='bbox 847 2102 990 2161; x_wconf 88' lang='lat' dir='ltr'>ambulent</span> <span class='ocrx_word' id='word_1_138' title='bbox 1001 2101 1180 2160; x_wconf 90' lang='lat' dir='ltr'>ethnicorum</span> <span class='ocrx_word' id='word_1_139' title='bbox 1194 2101 1292 2168; x_wconf 89' lang='lat' dir='ltr'>instar,</span> <span class='ocrx_word' id='word_1_140' title='bbox 1307 2108 1326 2136; x_wconf 78' lang='lat'>‘⁶</span> <span class='ocrx_word' id='word_1_141' title='bbox 1335 2099 1372 2171; x_wconf 85' lang='lat' dir='ltr'>qui</span> 
     </span>
     <span class='ocr_line' id='line_1_17' title="bbox 289 2199 1371 2278; baseline -0.006 -19"><span class='ocrx_word' id='word_1_142' title='bbox 289 2199 481 2278; x_wconf 82' lang='lat' dir='ltr'>desperantes,</span> <span class='ocrx_word' id='word_1_143' title='bbox 496 2201 666 2278; x_wconf 88' lang='lat' dir='ltr'>semetipsos</span> <span class='ocrx_word' id='word_1_144' title='bbox 679 2201 852 2260; x_wconf 88' lang='lat' dir='ltr'>tradiderunt</span> <span class='ocrx_word' id='word_1_145' title='bbox 862 2200 1057 2278; x_wconf 72' lang='lat' dir='ltr'>impudicitiae,</span> <span class='ocrx_word' id='word_1_146' title='bbox 1068 2201 1099 2258; x_wconf 93' lang='lat' dir='ltr'>in</span> <span class='ocrx_word' id='word_1_147' title='bbox 1118 2201 1311 2277; x_wconf 85' lang='lat' dir='ltr'>operationem</span> <span class='ocrx_word' id='word_1_148' title='bbox 1330 2199 1371 2255; x_wconf 89' lang='lat' dir='ltr'>im·</span> 
     </span>
     <span class='ocr_line' id='line_1_18' title="bbox 280 2295 1371 2378; baseline -0.006 -20"><span class='ocrx_word' id='word_1_149' title='bbox 280 2299 434 2364; x_wconf 70' lang='lat' dir='ltr'>,munditiae</span> <span class='ocrx_word' id='word_1_150' title='bbox 448 2301 553 2367; x_wconf 88' lang='lat' dir='ltr'>omnis,</span> <span class='ocrx_word' id='word_1_151' title='bbox 567 2300 596 2356; x_wconf 91' lang='lat' dir='ltr'>in</span> <span class='ocrx_word' id='word_1_152' title='bbox 607 2295 800 2360; x_wconf 75' lang='lat' dir='ltr'>avendum.’&#39;⁵</span> <span class='ocrx_word' id='word_1_153' title='bbox 831 2299 1030 2378; x_wconf 77' lang='lat' dir='ltr'>Impugnatio</span> <span class='ocrx_word' id='word_1_154' title='bbox 1039 2298 1299 2377; x_wconf 78' lang='lat' dir='ltr'>agnitoeoeritatis</span> <span class='ocrx_word' id='word_1_155' title='bbox 1309 2298 1371 2356; x_wconf 81' lang='lat' dir='ltr'>obex</span> 
     </span>
     <span class='ocr_line' id='line_1_19' title="bbox 289 2396 1371 2476; baseline -0.002 -22"><span class='ocrx_word' id='word_1_156' title='bbox 289 2399 437 2472; x_wconf 73' lang='lat' dir='ltr'>est-gratie</span> <span class='ocrx_word' id='word_1_157' title='bbox 448 2398 641 2472; x_wconf 86' lang='lat' dir='ltr'>gravissimus,</span> <span class='ocrx_word' id='word_1_158' title='bbox 653 2399 703 2455; x_wconf 88' lang='lat' dir='ltr'>vix</span> <span class='ocrx_word' id='word_1_159' title='bbox 716 2416 843 2471; x_wconf 88' lang='lat' dir='ltr'>nuquam</span> <span class='ocrx_word' id='word_1_160' title='bbox 856 2398 1051 2476; x_wconf 84' lang='lat' dir='ltr'>superandus;</span> <span class='ocrx_word' id='word_1_161' title='bbox 1065 2396 1101 2456; x_wconf 94' lang='lat' dir='ltr'>de</span> <span class='ocrx_word' id='word_1_162' title='bbox 1114 2417 1149 2455; x_wconf 90' lang='lat' dir='ltr'>ea</span> <span class='ocrx_word' id='word_1_163' title='bbox 1157 2399 1263 2474; x_wconf 86' lang='lat' dir='ltr'>quippe</span> <span class='ocrx_word' id='word_1_164' title='bbox 1272 2397 1371 2454; x_wconf 81' lang='lat' dir='ltr'>locutu</span> 
     </span>
     <span class='ocr_line' id='line_1_20' title="bbox 289 2491 1371 2573; baseline -0.002 -21"><span class='ocrx_word' id='word_1_165' title='bbox 289 2503 332 2552; x_wconf 88' lang='lat' dir='ltr'>est</span> <span class='ocrx_word' id='word_1_166' title='bbox 353 2491 496 2561; x_wconf 81' lang='lat' dir='ltr'>Christus,</span> <span class='ocrx_word' id='word_1_167' title='bbox 520 2512 569 2552; x_wconf 89' lang='lat' dir='ltr'>sos</span> <span class='ocrx_word' id='word_1_168' title='bbox 589 2513 711 2573; x_wconf 81' lang='lat' dir='ltr'>arguens</span> <span class='ocrx_word' id='word_1_169' title='bbox 731 2497 780 2568; x_wconf 89' lang='lat' dir='ltr'>qni</span> <span class='ocrx_word' id='word_1_170' title='bbox 800 2506 898 2554; x_wconf 86' lang='lat' dir='ltr'>contra</span> <span class='ocrx_word' id='word_1_171' title='bbox 915 2515 1013 2556; x_wconf 88' lang='lat' dir='ltr'>rerum</span> <span class='ocrx_word' id='word_1_172' title='bbox 1038 2496 1209 2554; x_wconf 83' lang='lat' dir='ltr'>evidentiam</span> <span class='ocrx_word' id='word_1_173' title='bbox 1235 2496 1306 2554; x_wconf 88' lang='lat' dir='ltr'>mira</span> <span class='ocrx_word' id='word_1_174' title='bbox 1329 2511 1371 2551; x_wconf 86' lang='lat' dir='ltr'>sua</span> 
     </span>
     <span class='ocr_line' id='line_1_21' title="bbox 288 2593 1370 2671; baseline -0.006 -17"><span class='ocrx_word' id='word_1_175' title='bbox 288 2612 375 2671; x_wconf 87' lang='lat' dir='ltr'>opera</span> <span class='ocrx_word' id='word_1_176' title='bbox 384 2593 564 2652; x_wconf 72' lang='lat' dir='ltr'>demoniaca</span> <span class='ocrx_word' id='word_1_177' title='bbox 578 2595 672 2653; x_wconf 86' lang='lat' dir='ltr'>virtuti</span> <span class='ocrx_word' id='word_1_178' title='bbox 685 2595 861 2654; x_wconf 81' lang='lat' dir='ltr'>tribuebant:</span> <span class='ocrx_word' id='word_1_179' title='bbox 877 2605 896 2632; x_wconf 79' lang='lat'>‘⁴</span> <span class='ocrx_word' id='word_1_180' title='bbox 909 2595 1004 2655; x_wconf 85' lang='lat' dir='ltr'>Omne</span> <span class='ocrx_word' id='word_1_181' title='bbox 1015 2605 1161 2671; x_wconf 86' lang='lat' dir='ltr'>peccatum</span> <span class='ocrx_word' id='word_1_182' title='bbox 1169 2605 1198 2652; x_wconf 86' lang='lat' dir='ltr'>et</span> <span class='ocrx_word' id='word_1_183' title='bbox 1206 2593 1370 2669; x_wconf 87' lang='lat' dir='ltr'>blasphemis</span> 
     </span>
     <span class='ocr_line' id='line_1_22' title="bbox 290 2690 1371 2771; baseline -0.006 -18"><span class='ocrx_word' id='word_1_184' title='bbox 290 2695 447 2753; x_wconf 86' lang='lat' dir='ltr'>remittetur</span> <span class='ocrx_word' id='word_1_185' title='bbox 459 2693 633 2764; x_wconf 89' lang='lat' dir='ltr'>hominibus,</span> <span class='ocrx_word' id='word_1_186' title='bbox 648 2695 771 2771; x_wconf 84' lang='lat' dir='ltr'>Spiritus</span> <span class='ocrx_word' id='word_1_187' title='bbox 785 2705 879 2754; x_wconf 87' lang='lat' dir='ltr'>autem</span> <span class='ocrx_word' id='word_1_188' title='bbox 892 2694 1070 2771; x_wconf 85' lang='lat' dir='ltr'>blasphemia</span> <span class='ocrx_word' id='word_1_189' title='bbox 1083 2713 1141 2752; x_wconf 90' lang='lat' dir='ltr'>uon</span> <span class='ocrx_word' id='word_1_190' title='bbox 1155 2695 1318 2752; x_wconf 86' lang='lat' dir='ltr'>remittetur.</span> <span class='ocrx_word' id='word_1_191' title='bbox 1337 2690 1371 2748; x_wconf 86' lang='lat' dir='ltr'>Et</span> 
     </span>
     <span class='ocr_line' id='line_1_23' title="bbox 291 2789 1370 2867; baseline -0.006 -16"><span class='ocrx_word' id='word_1_192' title='bbox 291 2796 463 2867; x_wconf 88' lang='lat' dir='ltr'>quicumque</span> <span class='ocrx_word' id='word_1_193' title='bbox 476 2793 579 2852; x_wconf 85' lang='lat' dir='ltr'>dixerit</span> <span class='ocrx_word' id='word_1_194' title='bbox 591 2795 707 2854; x_wconf 88' lang='lat' dir='ltr'>verbum</span> <span class='ocrx_word' id='word_1_195' title='bbox 722 2802 818 2852; x_wconf 88' lang='lat' dir='ltr'>contra</span> <span class='ocrx_word' id='word_1_196' title='bbox 830 2795 921 2854; x_wconf 88' lang='lat' dir='ltr'>filium</span> <span class='ocrx_word' id='word_1_197' title='bbox 940 2793 1077 2860; x_wconf 88' lang='lat' dir='ltr'>hominis,</span> <span class='ocrx_word' id='word_1_198' title='bbox 1091 2794 1248 2851; x_wconf 88' lang='lat' dir='ltr'>remittetur</span> <span class='ocrx_word' id='word_1_199' title='bbox 1266 2793 1310 2849; x_wconf 88' lang='lat' dir='ltr'>si:</span> <span class='ocrx_word' id='word_1_200' title='bbox 1330 2789 1370 2862; x_wconf 88' lang='lat' dir='ltr'>qni</span> 
     </span>
     <span class='ocr_line' id='line_1_24' title="bbox 291 2888 1371 2969; baseline -0.004 -21"><span class='ocrx_word' id='word_1_201' title='bbox 291 2902 384 2954; x_wconf 79' lang='lat' dir='ltr'>autern</span> <span class='ocrx_word' id='word_1_202' title='bbox 396 2891 499 2949; x_wconf 85' lang='lat' dir='ltr'>dixerit</span> <span class='ocrx_word' id='word_1_203' title='bbox 512 2901 608 2950; x_wconf 88' lang='lat' dir='ltr'>contra</span> <span class='ocrx_word' id='word_1_204' title='bbox 621 2894 759 2969; x_wconf 88' lang='lat' dir='ltr'>Spiritum</span> <span class='ocrx_word' id='word_1_205' title='bbox 774 2893 921 2962; x_wconf 76' lang='lat' dir='ltr'>Sancum,</span> <span class='ocrx_word' id='word_1_206' title='bbox 935 2910 994 2950; x_wconf 89' lang='lat' dir='ltr'>non</span> <span class='ocrx_word' id='word_1_207' title='bbox 1006 2893 1164 2951; x_wconf 88' lang='lat' dir='ltr'>remittetur</span> <span class='ocrx_word' id='word_1_208' title='bbox 1183 2892 1220 2960; x_wconf 90' lang='lat' dir='ltr'>ei,</span> <span class='ocrx_word' id='word_1_209' title='bbox 1241 2907 1329 2962; x_wconf 88' lang='lat' dir='ltr'>neque</span> <span class='ocrx_word' id='word_1_210' title='bbox 1346 2888 1371 2944; x_wconf 89' lang='lat' dir='ltr'>iu</span> 
     </span>
     <span class='ocr_line' id='line_1_25' title="bbox 289 2981 1369 3068; baseline 0 -24"><span class='ocrx_word' id='word_1_211' title='bbox 289 2987 345 3045; x_wconf 80' lang='lat' dir='ltr'>lrcc</span> <span class='ocrx_word' id='word_1_212' title='bbox 360 2989 474 3054; x_wconf 72' lang='lat' dir='ltr'>seculo,</span> <span class='ocrx_word' id='word_1_213' title='bbox 489 3007 581 3060; x_wconf 91' lang='lat' dir='ltr'>neque</span> <span class='ocrx_word' id='word_1_214' title='bbox 591 2991 621 3048; x_wconf 89' lang='lat' dir='ltr'>in</span> <span class='ocrx_word' id='word_1_215' title='bbox 630 2981 773 3049; x_wconf 87' lang='lat' dir='ltr'>futuro.”⁶</span> <span class='ocrx_word' id='word_1_216' title='bbox 814 2990 879 3051; x_wconf 90' lang='lat' dir='ltr'>Hcs</span> <span class='ocrx_word' id='word_1_217' title='bbox 891 2991 1033 3051; x_wconf 75' lang='lat' dir='ltr'>imitentur</span> <span class='ocrx_word' id='word_1_218' title='bbox 1047 2991 1204 3068; x_wconf 84' lang='lat' dir='ltr'>“magistri</span> <span class='ocrx_word' id='word_1_219' title='bbox 1220 2989 1369 3051; x_wconf 83' lang='lat' dir='ltr'>mendaces,</span> 
     </span>
     <span class='ocr_line' id='line_1_26' title="bbox 291 3084 1369 3167; baseline 0 -23"><span class='ocrx_word' id='word_1_220' title='bbox 291 3088 341 3158; x_wconf 87' lang='lat' dir='ltr'>qui</span> <span class='ocrx_word' id='word_1_221' title='bbox 353 3084 535 3144; x_wconf 88' lang='lat' dir='ltr'>introducunt</span> <span class='ocrx_word' id='word_1_222' title='bbox 547 3099 637 3146; x_wconf 88' lang='lat' dir='ltr'>sectas</span> <span class='ocrx_word' id='word_1_223' title='bbox 648 3085 867 3165; x_wconf 88' lang='lat' dir='ltr'>perditionis,”⁷</span> <span class='ocrx_word' id='word_1_224' title='bbox 890 3091 1052 3151; x_wconf 82' lang='lat' dir='ltr'>“homines</span> <span class='ocrx_word' id='word_1_225' title='bbox 1073 3090 1197 3167; x_wconf 89' lang='lat' dir='ltr'>corrupti</span> <span class='ocrx_word' id='word_1_226' title='bbox 1216 3099 1369 3155; x_wconf 67' lang='lat' dir='ltr'>incutere</span> 
     </span>
     <span class='ocr_line' id='line_1_27' title="bbox 290 3181 1369 3264; baseline -0.002 -22"><span class='ocrx_word' id='word_1_227' title='bbox 290 3187 372 3262; x_wconf 87' lang='lat' dir='ltr'>probi</span> <span class='ocrx_word' id='word_1_228' title='bbox 395 3186 471 3243; x_wconf 86' lang='lat' dir='ltr'>circa</span> <span class='ocrx_word' id='word_1_229' title='bbox 490 3181 625 3244; x_wconf 82' lang='lat' dir='ltr'>tidem.’&#39;⁸</span> <span class='ocrx_word' id='word_1_230' title='bbox 652 3186 839 3249; x_wconf 51' lang='lat' dir='ltr'>¹obstinatio</span> <span class='ocrx_word' id='word_1_231' title='bbox 862 3209 962 3250; x_wconf 87' lang='lat' dir='ltr'>eorum</span> <span class='ocrx_word' id='word_1_232' title='bbox 981 3191 1030 3264; x_wconf 87' lang='lat' dir='ltr'>qui</span> <span class='ocrx_word' id='word_1_233' title='bbox 1053 3189 1152 3247; x_wconf 88' lang='lat' dir='ltr'>nolunt</span> <span class='ocrx_word' id='word_1_234' title='bbox 1173 3187 1325 3264; x_wconf 84' lang='lat' dir='ltr'>intelligere</span> <span class='ocrx_word' id='word_1_235' title='bbox 1344 3195 1369 3242; x_wconf 90' lang='lat' dir='ltr'>ut</span> 
     </span>
     <span class='ocr_line' id='line_1_28' title="bbox 289 3285 1368 3365; baseline -0.002 -22"><span class='ocrx_word' id='word_1_236' title='bbox 289 3285 362 3344; x_wconf 90' lang='lat' dir='ltr'>bene</span> <span class='ocrx_word' id='word_1_237' title='bbox 376 3297 468 3362; x_wconf 84' lang='lat' dir='ltr'>agant,</span> <span class='ocrx_word' id='word_1_238' title='bbox 490 3299 518 3344; x_wconf 88' lang='lat' dir='ltr'>et</span> <span class='ocrx_word' id='word_1_239' title='bbox 530 3286 659 3346; x_wconf 76' lang='lat' dir='ltr'>consulti</span> <span class='ocrx_word' id='word_1_240' title='bbox 673 3289 805 3365; x_wconf 87' lang='lat' dir='ltr'>rejiciunt</span> <span class='ocrx_word' id='word_1_241' title='bbox 818 3289 945 3348; x_wconf 82' lang='lat' dir='ltr'>subsidia</span> <span class='ocrx_word' id='word_1_242' title='bbox 964 3289 999 3348; x_wconf 91' lang='lat' dir='ltr'>ad</span> <span class='ocrx_word' id='word_1_243' title='bbox 1018 3289 1148 3355; x_wconf 88' lang='lat' dir='ltr'>salutem,</span> <span class='ocrx_word' id='word_1_244' title='bbox 1163 3295 1206 3344; x_wconf 88' lang='lat' dir='ltr'>est</span> <span class='ocrx_word' id='word_1_245' title='bbox 1219 3288 1300 3344; x_wconf 83' lang='lat' dir='ltr'>etiarn</span> <span class='ocrx_word' id='word_1_246' title='bbox 1311 3301 1368 3360; x_wconf 87' lang='lat' dir='ltr'>pec·</span> 
     </span>
     <span class='ocr_line' id='line_1_29' title="bbox 289 3386 1368 3466; baseline -0.004 -22"><span class='ocrx_word' id='word_1_247' title='bbox 289 3395 382 3444; x_wconf 88' lang='lat' dir='ltr'>catum</span> <span class='ocrx_word' id='word_1_248' title='bbox 395 3386 518 3461; x_wconf 86' lang='lat' dir='ltr'>speciale</span> <span class='ocrx_word' id='word_1_249' title='bbox 532 3397 630 3444; x_wconf 83' lang='lat' dir='ltr'>contro</span> <span class='ocrx_word' id='word_1_250' title='bbox 642 3387 769 3445; x_wconf 80' lang='lat' dir='ltr'>ditinum</span> <span class='ocrx_word' id='word_1_251' title='bbox 790 3389 938 3466; x_wconf 86' lang='lat' dir='ltr'>Spiritum.</span> <span class='ocrx_word' id='word_1_252' title='bbox 981 3387 1098 3446; x_wconf 79' lang='lat' dir='ltr'>Judaeos</span> <span class='ocrx_word' id='word_1_253' title='bbox 1111 3388 1272 3463; x_wconf 75' lang='lat' dir='ltr'>pertinaciae</span> <span class='ocrx_word' id='word_1_254' title='bbox 1281 3402 1368 3461; x_wconf 83' lang='lat' dir='ltr'>argue·</span> 
     </span>
    </p>
   </div>
   <div class='ocr_carea' id='block_1_3' title="bbox 288 3485 1466 3565">
    <p class='ocr_par' dir='ltr' id='par_1_4' title="bbox 288 3485 1466 3565">
     <span class='ocr_line' id='line_1_30' title="bbox 288 3485 1466 3565; baseline 0 -23"><span class='ocrx_word' id='word_1_255' title='bbox 288 3487 336 3542; x_wconf 85' lang='lat' dir='ltr'>bat</span> <span class='ocrx_word' id='word_1_256' title='bbox 349 3485 523 3562; x_wconf 83' lang='lat' dir='ltr'>Stephanus,</span> <span class='ocrx_word' id='word_1_257' title='bbox 538 3486 624 3544; x_wconf 88' lang='lat' dir='ltr'>veluti</span> <span class='ocrx_word' id='word_1_258' title='bbox 638 3487 756 3562; x_wconf 88' lang='lat' dir='ltr'>Spiritui</span> <span class='ocrx_word' id='word_1_259' title='bbox 767 3487 871 3546; x_wconf 86' lang='lat' dir='ltr'>Sancto</span> <span class='ocrx_word' id='word_1_260' title='bbox 884 3501 1093 3565; x_wconf 84' lang='lat' dir='ltr'>repugnantes:</span> <span class='ocrx_word' id='word_1_261' title='bbox 1116 3485 1225 3544; x_wconf 87' lang='lat' dir='ltr'>“Dura</span> <span class='ocrx_word' id='word_1_262' title='bbox 1236 3485 1337 3543; x_wconf 88' lang='lat' dir='ltr'>cervice</span> <span class='ocrx_word' id='word_1_263' title='bbox 1346 3492 1369 3538; x_wconf 87' lang='lat' dir='ltr'>et</span> <span class='ocrx_word' id='word_1_264' title='bbox 1463 3538 1466 3542; x_wconf 84' lang='lat'>.</span> 
     </span>
    </p>
   </div>
   <div class='ocr_carea' id='block_1_4' title="bbox 278 3581 1441 4155">
    <p class='ocr_par' dir='ltr' id='par_1_5' title="bbox 278 3581 1441 4155">
     <span class='ocr_line' id='line_1_31' title="bbox 278 3581 1441 3662; baseline -0.001 -20"><span class='ocrx_word' id='word_1_265' title='bbox 278 3585 497 3642; x_wconf 83' lang='lat' dir='ltr'>incircumcisis</span> <span class='ocrx_word' id='word_1_266' title='bbox 510 3585 640 3643; x_wconf 88' lang='lat' dir='ltr'>cordibus</span> <span class='ocrx_word' id='word_1_267' title='bbox 658 3594 685 3642; x_wconf 89' lang='lat' dir='ltr'>et</span> <span class='ocrx_word' id='word_1_268' title='bbox 704 3587 828 3654; x_wconf 84' lang='lat' dir='ltr'>auribus,</span> <span class='ocrx_word' id='word_1_269' title='bbox 850 3605 901 3646; x_wconf 84' lang='lat' dir='ltr'>vos</span> <span class='ocrx_word' id='word_1_270' title='bbox 920 3605 1035 3662; x_wconf 86' lang='lat' dir='ltr'>semper</span> <span class='ocrx_word' id='word_1_271' title='bbox 1048 3586 1168 3662; x_wconf 76' lang='lat' dir='ltr'>Spiritui</span> <span class='ocrx_word' id='word_1_272' title='bbox 1182 3585 1284 3642; x_wconf 88' lang='lat' dir='ltr'>Sancto</span> <span class='ocrx_word' id='word_1_273' title='bbox 1295 3581 1369 3640; x_wconf 89' lang='lat' dir='ltr'>resis-</span> <span class='ocrx_word' id='word_1_274' title='bbox 1438 3637 1441 3641; x_wconf 87' lang='lat'><em>.</em></span> 
     </span>
     <span class='ocr_line' id='line_1_32' title="bbox 289 3675 1369 3760; baseline -0.005 -20"><span class='ocrx_word' id='word_1_275' title='bbox 289 3675 398 3741; x_wconf 78' lang='lat' dir='ltr'>titis.”⁹</span> <span class='ocrx_word' id='word_1_276' title='bbox 438 3680 562 3740; x_wconf 83' lang='lat' dir='ltr'>Invidia</span> <span class='ocrx_word' id='word_1_277' title='bbox 583 3683 654 3741; x_wconf 85' lang='lat' dir='ltr'>boni</span> <span class='ocrx_word' id='word_1_278' title='bbox 674 3684 845 3760; x_wconf 81' lang='lat' dir='ltr'>spiritualis</span> <span class='ocrx_word' id='word_1_279' title='bbox 865 3684 991 3744; x_wconf 82' lang='lat' dir='ltr'>alterius</span> <span class='ocrx_word' id='word_1_280' title='bbox 1005 3704 1062 3759; x_wconf 91' lang='lat' dir='ltr'>qua</span> <span class='ocrx_word' id='word_1_281' title='bbox 1081 3685 1146 3757; x_wconf 87' lang='lat' dir='ltr'>quis</span> <span class='ocrx_word' id='word_1_282' title='bbox 1166 3683 1270 3742; x_wconf 88' lang='lat' dir='ltr'>invidet</span> <span class='ocrx_word' id='word_1_283' title='bbox 1281 3682 1369 3738; x_wconf 80' lang='lat' dir='ltr'>aliene</span> 
     </span>
     <span class='ocr_line' id='line_1_33' title="bbox 290 3777 1368 3864; baseline 0.006 -27"><span class='ocrx_word' id='word_1_284' title='bbox 290 3778 393 3847; x_wconf 87' lang='lat' dir='ltr'>virtuti,</span> <span class='ocrx_word' id='word_1_285' title='bbox 408 3781 519 3837; x_wconf 86' lang='lat' dir='ltr'>obicem</span> <span class='ocrx_word' id='word_1_286' title='bbox 534 3782 628 3855; x_wconf 75' lang='lat' dir='ltr'>gratie</span> <span class='ocrx_word' id='word_1_287' title='bbox 643 3781 766 3856; x_wconf 85' lang='lat' dir='ltr'>Spiritus</span> <span class='ocrx_word' id='word_1_288' title='bbox 781 3783 878 3842; x_wconf 84' lang='lat' dir='ltr'>Sancti</span> <span class='ocrx_word' id='word_1_289' title='bbox 886 3785 992 3864; x_wconf 87' lang='lat' dir='ltr'>objicit.</span> <span class='ocrx_word' id='word_1_290' title='bbox 1033 3777 1368 3860; x_wconf 73' lang='lat' dir='ltr'>Impunitentiafinalie</span> 
     </span>
     <span class='ocr_line' id='line_1_34' title="bbox 290 3878 1368 3956; baseline -0.004 -19"><span class='ocrx_word' id='word_1_291' title='bbox 290 3897 346 3952; x_wconf 84' lang='lat' dir='ltr'>qua</span> <span class='ocrx_word' id='word_1_292' title='bbox 356 3879 420 3952; x_wconf 88' lang='lat' dir='ltr'>quis</span> <span class='ocrx_word' id='word_1_293' title='bbox 434 3898 450 3938; x_wconf 90' lang='lat' dir='ltr'>e</span> <span class='ocrx_word' id='word_1_294' title='bbox 463 3880 521 3936; x_wconf 82' lang='lat' dir='ltr'>vita</span> <span class='ocrx_word' id='word_1_295' title='bbox 534 3878 645 3938; x_wconf 89' lang='lat' dir='ltr'>decedit</span> <span class='ocrx_word' id='word_1_296' title='bbox 658 3891 776 3956; x_wconf 85' lang='lat' dir='ltr'>peccato</span> <span class='ocrx_word' id='word_1_297' title='bbox 790 3881 941 3951; x_wconf 69' lang='lat' dir='ltr'>inhorrens,</span> <span class='ocrx_word' id='word_1_298' title='bbox 956 3883 1099 3940; x_wconf 87' lang='lat' dir='ltr'>interitum</span> <span class='ocrx_word' id='word_1_299' title='bbox 1113 3879 1222 3938; x_wconf 89' lang='lat' dir='ltr'>inducit</span> <span class='ocrx_word' id='word_1_300' title='bbox 1234 3889 1368 3937; x_wconf 77' lang='lat' dir='ltr'>aternum.</span> 
     </span>
     <span class='ocr_line' id='line_1_35' title="bbox 290 3977 1369 4057; baseline -0.002 -24"><span class='ocrx_word' id='word_1_301' title='bbox 290 3977 379 4034; x_wconf 81' lang='lat' dir='ltr'>Desa</span> <span class='ocrx_word' id='word_1_302' title='bbox 390 3980 535 4055; x_wconf 86' lang='lat' dir='ltr'>explicant</span> <span class='ocrx_word' id='word_1_303' title='bbox 544 3979 642 4055; x_wconf 87' lang='lat' dir='ltr'>plures</span> <span class='ocrx_word' id='word_1_304' title='bbox 652 3977 721 4038; x_wconf 90' lang='lat' dir='ltr'>illud</span> <span class='ocrx_word' id='word_1_305' title='bbox 731 3979 749 4038; x_wconf 90' lang='lat' dir='ltr'>J</span> <span class='ocrx_word' id='word_1_306' title='bbox 752 3981 852 4038; x_wconf 88' lang='lat' dir='ltr'>oannis</span> <span class='ocrx_word' id='word_1_307' title='bbox 864 4001 871 4040; x_wconf 79' lang='lat' dir='ltr'>r</span> <span class='ocrx_word' id='word_1_308' title='bbox 888 3991 907 4018; x_wconf 78' lang='lat'>‘⁴</span> <span class='ocrx_word' id='word_1_309' title='bbox 917 3991 962 4040; x_wconf 86' lang='lat' dir='ltr'>est</span> <span class='ocrx_word' id='word_1_310' title='bbox 971 3989 1119 4057; x_wconf 84' lang='lat' dir='ltr'>peccatum</span> <span class='ocrx_word' id='word_1_311' title='bbox 1132 3979 1167 4037; x_wconf 88' lang='lat' dir='ltr'>ad</span> <span class='ocrx_word' id='word_1_312' title='bbox 1181 3987 1306 4043; x_wconf 88' lang='lat' dir='ltr'>mortem,</span> <span class='ocrx_word' id='word_1_313' title='bbox 1316 3992 1369 4032; x_wconf 89' lang='lat' dir='ltr'>non</span> 
     </span>
     <span class='ocr_line' id='line_1_36' title="bbox 290 4071 755 4155; baseline 0.009 -25"><span class='ocrx_word' id='word_1_314' title='bbox 290 4091 341 4148; x_wconf 88' lang='lat' dir='ltr'>pro</span> <span class='ocrx_word' id='word_1_315' title='bbox 354 4073 404 4132; x_wconf 92' lang='lat' dir='ltr'>illo</span> <span class='ocrx_word' id='word_1_316' title='bbox 417 4077 480 4136; x_wconf 90' lang='lat' dir='ltr'>dico</span> <span class='ocrx_word' id='word_1_317' title='bbox 494 4090 525 4136; x_wconf 91' lang='lat' dir='ltr'>ut</span> <span class='ocrx_word' id='word_1_318' title='bbox 537 4088 617 4155; x_wconf 78' lang='lat' dir='ltr'>roget</span> <span class='ocrx_word' id='word_1_319' title='bbox 630 4071 755 4152; x_wconf 80' lang='lat' dir='ltr'>quis.”¹⁰</span> 
     </span>
    </p>
   </div>
   <div class='ocr_carea' id='block_1_5' title="bbox 456 4233 1216 4638">
    <p class='ocr_par' dir='ltr' id='par_1_6' title="bbox 456 4233 1216 4638">
     <span class='ocr_line' id='line_1_37' title="bbox 461 4233 1216 4300; baseline 0.001 -21"><span class='ocrx_word' id='word_1_320' title='bbox 461 4233 503 4296; x_wconf 91' lang='lat' dir='ltr'>(l)</span> <span class='ocrx_word' id='word_1_321' title='bbox 524 4234 587 4282; x_wconf 87' lang='lat' dir='ltr'>Gen.</span> <span class='ocrx_word' id='word_1_322' title='bbox 600 4235 665 4284; x_wconf 84' lang='lat' dir='ltr'>xviii.</span> <span class='ocrx_word' id='word_1_323' title='bbox 679 4238 720 4284; x_wconf 80' lang='lat'>20.</span> <span class='ocrx_word' id='word_1_324' title='bbox 950 4235 993 4300; x_wconf 73' lang='lat'>(2)</span> <span class='ocrx_word' id='word_1_325' title='bbox 1013 4234 1094 4284; x_wconf 78' lang='lat' dir='ltr'>uxod.</span> <span class='ocrx_word' id='word_1_326' title='bbox 1106 4234 1165 4284; x_wconf 82' lang='lat' dir='ltr'>xxii.</span> <span class='ocrx_word' id='word_1_327' title='bbox 1177 4235 1216 4284; x_wconf 78' lang='lat'>2³.</span> 
     </span>
     <span class='ocr_line' id='line_1_38' title="bbox 457 4317 1156 4386; baseline 0.006 -22"><span class='ocrx_word' id='word_1_328' title='bbox 457 4317 499 4381; x_wconf 87' lang='grc'>(3)</span> <span class='ocrx_word' id='word_1_329' title='bbox 519 4318 571 4366; x_wconf 84' lang='lat' dir='ltr'>Jec.</span> <span class='ocrx_word' id='word_1_330' title='bbox 584 4335 606 4367; x_wconf 85' lang='lat' dir='ltr'>v.</span> <span class='ocrx_word' id='word_1_331' title='bbox 615 4321 639 4368; x_wconf 81' lang='lat'>4.</span> <span class='ocrx_word' id='word_1_332' title='bbox 944 4322 986 4386; x_wconf 81' lang='lat' dir='ltr'>(t)</span> <span class='ocrx_word' id='word_1_333' title='bbox 1006 4321 1074 4370; x_wconf 83' lang='lat' dir='ltr'>Eccl.</span> <span class='ocrx_word' id='word_1_334' title='bbox 1087 4324 1119 4369; x_wconf 83' lang='lat' dir='ltr'>vi.</span> <span class='ocrx_word' id='word_1_335' title='bbox 1132 4323 1156 4370; x_wconf 82' lang='lat'>6.</span> 
     </span>
     <span class='ocr_line' id='line_1_39' title="bbox 456 4400 1175 4470; baseline 0.011 -24"><span class='ocrx_word' id='word_1_336' title='bbox 456 4401 496 4462; x_wconf 73' lang='grc' dir='ltr'>(ὅ)</span> <span class='ocrx_word' id='word_1_337' title='bbox 517 4400 582 4463; x_wconf 84' lang='lat' dir='ltr'>Eph·</span> <span class='ocrx_word' id='word_1_338' title='bbox 593 4401 625 4450; x_wconf 86' lang='lat' dir='ltr'>iv.</span> <span class='ocrx_word' id='word_1_339' title='bbox 639 4405 677 4452; x_wconf 79' lang='lat' dir='ltr'>lt.</span> <span class='ocrx_word' id='word_1_340' title='bbox 947 4406 985 4470; x_wconf 66' lang='lat'>(6,</span> <span class='ocrx_word' id='word_1_341' title='bbox 1004 4405 1074 4454; x_wconf 75' lang='lat' dir='ltr'>Mare</span> <span class='ocrx_word' id='word_1_342' title='bbox 1085 4405 1175 4454; x_wconf 66' lang='lat' dir='ltr'>ittet.</span> 
     </span>
     <span class='ocr_line' id='line_1_40' title="bbox 457 4483 1173 4556; baseline 0.008 -25"><span class='ocrx_word' id='word_1_343' title='bbox 457 4483 500 4546; x_wconf 88' lang='grc'>(7)</span> <span class='ocrx_word' id='word_1_344' title='bbox 519 4485 535 4534; x_wconf 76' lang='lat'>2</span> <span class='ocrx_word' id='word_1_345' title='bbox 548 4485 600 4533; x_wconf 90' lang='lat' dir='ltr'>Pet.</span> <span class='ocrx_word' id='word_1_346' title='bbox 612 4484 637 4533; x_wconf 88' lang='lat' dir='ltr'>ii.</span> <span class='ocrx_word' id='word_1_347' title='bbox 651 4487 671 4535; x_wconf 91' lang='lat' dir='ltr'>l.</span> <span class='ocrx_word' id='word_1_348' title='bbox 942 4491 983 4556; x_wconf 84' lang='grc'>(8)</span> <span class='ocrx_word' id='word_1_349' title='bbox 998 4494 1013 4538; x_wconf 79' lang='lat'>2</span> <span class='ocrx_word' id='word_1_350' title='bbox 1026 4489 1093 4539; x_wconf 80' lang='lat' dir='ltr'>Tim.</span> <span class='ocrx_word' id='word_1_351' title='bbox 1105 4489 1140 4539; x_wconf 87' lang='lat' dir='ltr'>iii.</span> <span class='ocrx_word' id='word_1_352' title='bbox 1151 4491 1173 4540; x_wconf 80' lang='lat'>8.</span> 
     </span>
     <span class='ocr_line' id='line_1_41' title="bbox 457 4567 1208 4638; baseline 0.007 -24"><span class='ocrx_word' id='word_1_353' title='bbox 457 4569 499 4633; x_wconf 85' lang='lat' dir='ltr'>(o)</span> <span class='ocrx_word' id='word_1_354' title='bbox 519 4568 575 4618; x_wconf 80' lang='lat' dir='ltr'>Act.</span> <span class='ocrx_word' id='word_1_355' title='bbox 586 4567 675 4617; x_wconf 76' lang='lat' dir='ltr'>vitel.</span> <span class='ocrx_word' id='word_1_356' title='bbox 943 4575 1003 4638; x_wconf 82' lang='lat'>(1⁰)</span> <span class='ocrx_word' id='word_1_357' title='bbox 1026 4577 1037 4621; x_wconf 95' lang='lat'>1</span> <span class='ocrx_word' id='word_1_358' title='bbox 1051 4573 1122 4624; x_wconf 79' lang='lat' dir='ltr'>loan-</span> <span class='ocrx_word' id='word_1_359' title='bbox 1135 4589 1157 4625; x_wconf 81' lang='lat' dir='ltr'>v.</span> <span class='ocrx_word' id='word_1_360' title='bbox 1170 4570 1208 4620; x_wconf 85' lang='lat'>16.</span> 
     </span>
    </p>
   </div>
   <div class='ocr_carea' id='block_1_6' title="bbox 0 0 1528 5262">
    <p class='ocr_par' dir='ltr' id='par_1_7' title="bbox 0 0 1528 5262">
     <span class='ocr_line' id='line_1_42' title="bbox 0 0 1528 5262; baseline 0 0"><span class='ocrx_word' id='word_1_361' title='bbox 0 0 1528 5262; x_wconf 95' lang='lat' dir='ltr'> </span> 
     </span>
    </p>
   </div>
  </div>
 </body>
</html>
