3046 5262
573 478 630 538 DE
651 478 798 540 BELLO.
1178 489 1235 544 251

143 648 266 706 rationes
277 644 365 712 cladis
376 641 530 702 inferendos
544 661 607 716 quae
621 643 697 702 nulla
709 643 990 722 humeneprndentia
999 645 1097 706 evitari
1106 657 1237 724 possunt,

144 747 191 804 rel
204 764 268 818 quae
282 743 456 802 atrocitatem
469 743 596 818 sapiunt.

185 843 408 918 ossulagranre
421 841 496 899 bellu
509 841 585 898 civili
598 842 648 914 qui
667 861 761 900 rerum
780 844 885 918 potitur
903 846 981 902 cives
1001 843 1056 901 sibi
1077 843 1239 902 resistentes

146 943 265 1000 rebelles
288 943 418 1006 aestimat,
440 957 547 1012 eosque
567 947 665 1016 captos
686 941 851 1017 suspendio,
872 943 919 1000 vel
944 941 998 999 alia
1024 950 1113 999 morte
1139 943 1239 1002 infami

146 1051 236 1100 necat.
279 1039 399 1105 Quoties
413 1037 448 1096 de
462 1036 603 1096 seditiosis
618 1039 717 1114 agitur,
732 1041 842 1098 scilicet
854 1039 889 1098 de
902 1042 938 1099 iis
951 1042 1001 1113 qui
1022 1057 1060 1097 ex
1072 1040 1130 1098 leri
1142 1059 1237 1109 causa,

147 1140 192 1198 vel
206 1139 268 1197 sola
281 1137 446 1196 dominandi
458 1137 504 1194 vel
522 1136 679 1196 ditescendi
698 1139 826 1208 libidine,
850 1139 1052 1215 rempublicam
1066 1140 1238 1217 perturbant,

149 1238 321 1314 supplicium
337 1238 448 1315 justum
469 1245 531 1292 est:
560 1236 610 1294 sed
632 1238 656 1295 si
680 1238 829 1315 contigerit
858 1238 958 1314 populi
980 1255 1111 1313 magnam
1131 1247 1238 1313 partem

149 1337 237 1395 armis
252 1335 467 1402 certare,.etinm
480 1335 587 1408 absque
596 1337 674 1412 justa
686 1354 781 1404 causa,
797 1354 952 1412 paucorum
975 1336 1117 1412 supplicio
1130 1339 1240 1396 ceteris

148 1435 255 1512 poterit
267 1441 359 1490 metus
373 1433 466 1500 incuti,
478 1432 530 1490 sed
540 1434 570 1492 in
584 1433 794 1495 multitudinem
804 1453 863 1493 non
877 1444 920 1492 est
931 1437 970 1494 ita
983 1434 1167 1492 saeviendum.
1202 1435 1241 1492 ‘Si

149 1533 274 1610 populus
289 1531 436 1606 tyrannide
449 1548 565 1606 pressus
585 1532 671 1590 armis
687 1533 753 1610 jura
775 1552 828 1591 sua
848 1541 933 1609 petet,
954 1533 1088 1610 princeps
1111 1531 1195 1592 debet
1214 1536 1241 1592 ei

150 1631 311 1689 satisfecere
332 1629 409 1702 quod
435 1647 548 1700 aequum
570 1633 608 1688 sit
633 1627 850 1698 concedendor¹
871 1651 927 1705 qua
947 1632 1054 1689 ratione
1075 1632 1101 1689 si
1119 1639 1242 1707 nequeat

151 1748 217 1787 eum
231 1729 352 1805 placore,
368 1728 514 1786 rebellium
528 1731 616 1788 instar
628 1731 728 1806 punire
740 1731 844 1806 poterit
857 1732 906 1802 qui
919 1729 1048 1788 ordinem
1061 1730 1205 1806 publicum
1214 1741 1242 1790 et

150 1828 316 1905 gubernium
340 1835 464 1885 evertere
485 1827 619 1886 laborant.
662 1829 695 1885 Si
712 1830 847 1905 princeps
867 1829 936 1886 alter
955 1827 1069 1906 dejure
1082 1830 1163 1904 regni
1176 1847 1241 1888 cum

149 1945 183 1985 eo
194 1928 244 1998 qui
251 1945 346 1984 rerum
360 1926 466 2002 potitur
475 1935 571 1994 certet,
586 1926 724 2002 probabili
735 1928 762 1984 ei
771 1927 886 1985 favente
898 1927 1019 1994 ratione,
1027 1924 1134 1983 bellum
1144 1945 1242 2004 geren·

151 2025 220 2081 dum
230 2033 274 2080 est
282 2043 359 2082 more
373 2032 519 2094 consueto,
534 2034 562 2082 et
574 2025 649 2102 capti
662 2026 810 2084 rebellium
823 2027 911 2084 instar
923 2043 982 2084 non
1001 2031 1068 2083 sunt
1085 2025 1220 2084 tractandi
1232 2041 1240 2092 ς

151 2122 280 2195 alioquin
293 2121 400 2180 dabitur
417 2123 496 2179 alteri
510 2125 623 2182 occasio
646 2133 743 2199 captos
757 2123 856 2183 eadem
871 2143 956 2200 prena
968 2123 1111 2201 plectendi
1122 2117 1147 2180 :²
1166 2123 1243 2198 quod

152 2239 244 2297 nuper
256 2223 372 2297 contigit
385 2220 490 2278 Garolo
504 2240 569 2280 cum
583 2221 730 2280 Christina
738 2220 773 2279 de
786 2241 875 2300 regno
889 2221 1095 2299 Hispaniarum
1109 2231 1242 2290 certante,

153 2321 241 2380 donec
255 2320 370 2397 Anglici
392 2320 531 2378 Gubernii
551 2339 638 2396 opera
651 2323 685 2378 ab
706 2321 792 2378 atroci
806 2322 855 2379 illa
873 2329 1020 2397 captorum
1033 2321 1176 2398 supplicio
1194 2322 1242 2380 de·

152 2421 258 2476 sierint.

190 2521 240 2575 29.
261 2518 295 2576 Iu
315 2518 391 2576 bello
417 2528 528 2576 terreno
550 2517 644 2595 preda
666 2520 786 2596 capitur,
807 2529 946 2592 quatenus
967 2521 1126 2578 necessaria
1146 2529 1190 2578 est
1209 2518 1243 2577 ad

151 2617 263 2675 bostem
278 2617 490 2686 conterendum,
506 2627 533 2674 et
552 2617 586 2674 ad
604 2617 795 2694 reparandum
815 2618 958 2694 injuriam.
1000 2616 1110 2676 Milites
1130 2620 1180 2691 qui
1193 2635 1245 2694 per

150 2718 287 2792 regiones
301 2733 397 2772 eorum
412 2717 459 2787 qui
472 2699 536 2774 cum
549 2716 677 2774 hostibus
691 2734 750 2774 non
764 2723 830 2773 sunt
850 2715 956 2774 soedere
980 2715 1075 2786 aliquo
1088 2716 1243 2791 conjuncti,

153 2814 263 2886 quique
278 2811 426 2870 neutralea
443 2814 581 2882 dicuntur,
595 2823 749 2882 transeunt,
764 2812 836 2870 nihil
856 2820 978 2890 possunt
990 2830 1093 2888 capere
1106 2813 1178 2871 ultra
1196 2831 1245 2870 ne·

150 2913 324 2980 cessitatem,
339 2911 494 2986 debentque
508 2913 668 2972 satisfacere
682 2914 707 2970 si
727 2911 795 2984 quid
810 2913 956 2972 intulerint
968 2903 1092 2970 damni.³
1131 2912 1166 2971 ln
1179 2912 1244 2970 hos·

151 3013 221 3068 tium
236 3012 351 3088 regione
364 3012 435 3069 nihil
448 3011 610 3071 faciendum
631 3021 675 3070 est
694 3011 751 3070 nisi
773 3029 810 3070 ex
830 3011 936 3071 ducum
953 3012 1097 3088 jussione,
1117 3013 1167 3086 qui
1186 3029 1245 3070 non

150 3108 255 3168 debent
267 3110 382 3186 privatis
395 3121 424 3168 et
436 3111 565 3170 innocuis
579 3105 703 3169 civibus⁴
723 3122 829 3169 temere
849 3111 952 3170 inferre
972 3109 1119 3180 damnum,
1140 3112 1186 3170 vel
1199 3131 1244 3170 ec·

186 3361 229 3425 (l)
249 3359 288 3409 De
300 3359 389 3420 Vattel‚
401 3359 462 3410 Law
474 3361 502 3410 oi
512 3360 626 3422 Nutibus,
638 3363 653 3412 l.
665 3361 699 3411 iii.
711 3377 732 3412 c.
744 3361 812 3411 xviii·
825 3359 911 3420 teet.

188 3446 231 3509 (2)
252 3445 353 3504 Ibidem,
366 3447 381 3495 1.
391 3447 422 3498 iii.
436 3463 456 3496 c·
469 3447 543 3506 viti-s
560 3447 614 3496 itt.

187 3530 230 3593 (3)
250 3529 313 3579 Vide
324 3530 432 3580 Cerriere
441 3529 582 3598 dejuetitiu
592 3533 690 3598 etjure,
702 3529 748 3580 roi.
760 3530 775 3580 i.
786 3544 812 3578 n·
825 3526 882 3577 367.

187 3614 231 3677 (4)
251 3611 364 3663 Decrevit
386 3613 526 3664 Alexander
544 3615 589 3665 111.
608 3615 635 3664 in
654 3614 758 3664 coneilio
776 3610 935 3662 Laternnenei
952 3609 1007 3668 111,
1019 3626 1085 3660 enno
1103 3612 1177 3672 1179,
1193 3619 1246 3664 “ut

150 3697 292 3762 presbyteri,
303 3697 417 3748 monachi
428 3699 546 3759 conveni,
557 3698 684 3764 peregrini,
701 3703 852 3756 mercatores,
863 3695 954 3756 rustici,
965 3703 1051 3745 euntes
1062 3697 1101 3746 vel
1112 3697 1248 3759 redeuntes,

150 3780 189 3829 rel
209 3779 236 3830 in
255 3779 402 3842 egdcultura
422 3781 561 3840 existentes,
583 3788 608 3831 et
626 3781 742 3831 mimalia
759 3781 848 3844 quibus
865 3787 934 3830 mant
954 3785 979 3828 et
995 3779 1089 3829 semine
1107 3787 1205 3844 portent
1216 3781 1246 3830 ad

151 3879 247 3927 agrum,
261 3879 370 3925 congrus
383 3865 511 3915 securitate
522 3863 656 3915 letentur·¹'
692 3863 752 3928 Oep.
764 3864 924 3925 innovamur,
937 3862 1012 3912 que
1027 3863 1128 3928 Treugu
1138 3865 1163 3912 et
1174 3862 1247 3913 Pace.

151 3957 166 3979 ⁴*
175 3947 232 3999 The
246 3948 376 3998 American
388 3949 590 4008 commissionem,
602 3949 681 4014 (John
694 3949 795 4008 Adems,
804 3947 937 4014 Beniamin
946 3945 1074 4004 Frenklin,
1082 3944 1129 3993 end
1137 3943 1248 3998 Thomas

150 4032 294 4098 semron)
307 4032 333 4082 in
349 4032 419 4092 1784,
431 4033 562 4084 submitted
574 4040 600 4084 to
612 4033 654 4084 the
664 4031 782 4082 Prusoien
795 4031 906 4082 minister
917 4047 932 4079 a
943 4028 1092 4093 proposition
1103 4037 1128 4079 to
1139 4028 1248 4096 improve

150 4115 194 4166 tbe
206 4116 267 4166 lawe
278 4115 378 4173 osser,
389 4116 421 4178 by
433 4131 448 4164 e
460 4117 554 4166 mutual
566 4115 708 4181 stipulation
720 4122 800 4166 netto
816 4113 904 4164 molest
923 4110 1143 4174 non-combutnnts,
1154 4129 1181 4163 as
1199 4118 1249 4166 eul-

150 4199 253 4249 drstors
264 4197 293 4248 ot'
306 4197 348 4247 the
359 4199 434 4258 earth,
447 4200 586 4260 tisbermen,
604 4197 751 4258 mercbsute,
770 4197 820 4248 end
830 4195 921 4246 trador·
940 4195 966 4245 in
979 4197 1096 4247 unarmed
1107 4197 1183 4265 ships,
1200 4200 1248 4250 end

150 4283 289 4334 ertirtsand
302 4283 442 4334 mechanico
454 4285 591 4348 inhebiting
603 4282 652 4334 end
664 4283 774 4346 working
784 4282 812 4332 in
823 4296 887 4348 open
908 4278 1011 4332 towns-¹'
1045 4281 1134 4334 Kent's
1151 4283 1249 4336 Oomm.

150 4370 199 4419 rol.
210 4369 227 4419 i.
238 4384 263 4434 p.
275 4371 315 4418 91.
350 4369 425 4420 Note.
