3146 5266
253 498 291 553 48
526 486 588 550 'DE
611 485 903 548 CONSGIENTIA
926 488 1065 548 DUBIA.

256 667 324 717 sunt
336 655 470 716 habendi.
513 655 672 714 Praeticam
691 671 809 728 quoque
829 654 1028 713 certitudinem
1042 655 1140 712 haberi
1153 673 1251 732 posse,
1265 655 1345 715 dubi·

256 759 361 816 tatione
375 755 552 833 speculativa
563 763 707 822 manente,
722 763 842 827 constat,
857 756 882 811 si
896 756 1048 813 accesserit
1064 756 1277 813 circumstantia
1290 772 1347 827 qua

256 855 404 915 dubitandi
423 855 494 913 ratio
515 851 652 912 tollatur.¹
693 853 744 912 Sic
764 853 884 912 dubitari
905 863 998 931 potest
1009 864 1105 912 utrum
1126 856 1155 914 in
1177 854 1223 912 die
1240 855 1345 932 jejunii

258 956 487 1016 collatiunculam
501 973 585 1011 mane
606 972 719 1011 sumere
739 953 839 1010 liceat:
867 953 918 1011 sed
939 963 1050 1023 certum,
1067 964 1110 1012 est
1128 954 1215 1012 licere
1236 956 1261 1012 si
1281 955 1345 1027 quis

258 1053 420 1114 valetudine
434 1055 472 1112 sit
490 1053 656 1130 impeditus,
671 1051 717 1109 vel
736 1061 860 1125 nequeat
878 1053 1016 1128 prandere
1029 1055 1086 1111 nisi
1099 1049 1263 1130 vespertino
1277 1063 1346 1110 tem-

258 1173 339 1234 pore,
360 1155 397 1212 ob
418 1153 542 1230 negotia,
564 1154 610 1211 vel
630 1151 865 1210 consuetudinem
887 1151 1040 1210 inductam.
1083 1153 1238 1229 Principiis
1260 1154 1346 1210 etiam

257 1254 372 1312 reflexis
383 1253 444 1310 tolli
454 1269 540 1328 posse
551 1250 752 1310 dubitationem
771 1251 900 1327 plerique
911 1252 1036 1328 theologi
1046 1253 1237 1320 consentiunt,
1249 1270 1346 1324 quam·

256 1355 301 1413 vis
325 1371 389 1425 quae
410 1353 467 1410 sint
489 1349 671 1420 admittenda,
693 1353 722 1408 in
745 1353 967 1410 controversiam
989 1347 1117 1410 vocent²
1158 1352 1222 1410 Nos
1244 1352 1275 1408 S.
1297 1351 1346 1408 Al·

258 1452 363 1529 phonsi
377 1450 412 1508 de
426 1451 545 1528 Ligario
558 1451 686 1527 vestigiis
699 1450 880 1508 inhaeremus.

301 1556 348 1609 16.
370 1549 436 1608 Lcr
446 1549 539 1608 dubia
551 1569 613 1608 uon
621 1556 721 1627 potest
735 1556 846 1607 certum
854 1566 961 1626 perere
975 1545 1217 1626 obligationem.³
1249 1549 1346 1614 Quum

259 1650 308 1707 lex
322 1647 464 1724 aligando
477 1647 593 1715 dicatur,
608 1648 642 1705 de
662 1647 775 1704 vinculo
795 1658 905 1704 constet
923 1666 1040 1704 necesse
1058 1657 1110 1716 est,
1123 1659 1155 1706 ut
1167 1648 1229 1721 quis
1243 1648 1347 1722 obliga-

260 1749 336 1805 tione
352 1747 440 1803 teneri
457 1757 622 1805 censeatur:
645 1746 779 1802 “Nullus
791 1747 957 1824 ligaturper
969 1756 1142 1822 preceptum
1166 1745 1278 1818 aliquod
1291 1746 1347 1802 nisi

259 1846 402 1904 mediante
416 1847 533 1904 scientia
546 1846 621 1904 illius
634 1838 817 1922 praecepti.”⁴
842 1847 885 1903 Ita
898 1846 1051 1920 Angelicus
1065 1845 1181 1904 Doctor.
1202 1843 1346 1916 Equidem

259 1956 290 2003 ut
309 1947 357 2003 lex
378 1947 580 2005 conscientiam
600 1946 679 2022 liget,
702 1954 730 2000 et
751 1945 907 2002 libertatem
933 1944 1087 2002 humanam
1112 1945 1201 2002 limite
1224 1942 1346 2016 quodam

260 2052 391 2110 coarctet,
407 2043 489 2100 debet
501 2047 693 2102 innotescere:
710 2060 772 2114 quae
787 2054 879 2100 autem
893 2042 977 2100 dubia
989 2042 1107 2110 videtur,
1121 2062 1179 2102 non
1188 2042 1346 2102 innotescit.

260 2143 351 2218 Igitur
363 2141 475 2213 quoties
488 2142 523 2199 de
543 2142 606 2217 lege
627 2160 685 2198 non
705 2149 822 2210 constat,
837 2140 882 2198 vel
902 2140 937 2198 de
957 2160 1042 2200 onere
1057 2142 1179 2213 quodam
1193 2142 1283 2217 alege
1296 2141 1347 2196 im·

258 2241 365 2318 positu,
380 2257 466 2311 nemo
480 2239 515 2296 ad
528 2258 600 2297 onus
614 2240 659 2297 vel
671 2241 765 2314 legem
779 2249 897 2297 tenetur.
939 2241 985 2297 De
999 2242 1175 2316 votopariter
1186 2239 1347 2305 dicendum,

259 2359 327 2398 nam
340 2339 412 2415 legis
426 2341 513 2396 instar
526 2349 578 2407 est,
594 2357 678 2410 quam
692 2339 756 2409 quis
769 2339 823 2396 sibi
836 2340 967 2416 imponit.
1009 2339 1098 2413 Igitur
1117 2341 1142 2397 si
1155 2341 1218 2412 quis
1231 2338 1346 2404 dubitet,

259 2448 353 2496 utrum
367 2447 432 2494 voto
443 2457 473 2494 se
486 2437 615 2512 ligaverit
627 2437 662 2494 ad
675 2437 781 2494 donum
794 2436 918 2496 dandum
933 2439 962 2494 in
975 2438 1101 2496 ecclesiae
1116 2438 1275 2504 edificium,
1290 2455 1349 2494 non

258 2546 370 2594 tenetur
392 2536 426 2593 ad
447 2536 516 2592 illud
537 2535 677 2592 dandum:
700 2536 724 2591 si
744 2545 840 2594 votum
864 2535 997 2593 castitatis
1017 2555 1048 2592 se
1068 2537 1195 2594 emisisse
1214 2553 1349 2602 noscens,

259 2636 367 2693 dubitet
391 2645 485 2692 utrum
511 2653 541 2691 se
574 2634 700 2692 ordinem
734 2635 897 2710 religiosum
930 2636 1120 2711 ingressurum
1152 2634 1268 2701 voverit,
1291 2653 1349 2691 non

259 2735 398 2792 tenebitur
427 2734 462 2792 ad
487 2734 693 2811 professionem
718 2733 889 2809 religiosam.
932 2735 981 2790 Sic
1007 2744 1035 2791 et
1059 2735 1108 2806 qui
1128 2733 1234 2790 dubitat
1255 2742 1348 2790 utrum

259 2836 296 2891 sit
311 2835 415 2910 jejunii
441 2833 511 2900 dies,
538 2853 591 2890 nec
611 2842 704 2908 potest
722 2834 762 2889 rei
789 2832 985 2890 certitudinem
1004 2832 1132 2909 adipisci,
1153 2832 1188 2889 ad
1205 2833 1348 2908 jejunium

260 2951 294 2989 eo
321 2930 366 2987 die
395 2950 453 2988 non
479 2941 598 2988 tenetur.
641 2929 714 2987 Haec
736 2930 929 3006 intelliguntur
947 2941 1013 3008 post
1038 2932 1140 2988 seriam
1166 2932 1287 2988 veritatis
1307 2932 1349 2988 in·

259 3029 402 3104 daginem‚
424 3030 535 3100 quoties
558 3028 644 3086 dubia
665 3028 713 3086 lex
735 3038 839 3097 manet,
863 3048 915 3087 nec
935 3040 1049 3110 praesQ
1062 3041 1104 3087 est
1123 3031 1192 3088 ratio
1206 3027 1347 3102 quaeertb

258 3129 421 3185 innotescat.

303 3230 350 3284 17.
373 3224 527 3283 Contendit
546 3236 640 3322 tamcp
665 3225 765 3285 Gerdil
783 3227 877 3303 legem
900 3227 1012 3286 dubiam
1032 3246 1130 3305 parere
1150 3227 1348 3304 obligationem

262 3335 375 3392 certam,
390 3344 448 3382 non
461 3324 564 3383 directe
578 3328 607 3384 vi
623 3346 683 3394 sua,
698 3336 726 3383 et
736 3328 862 3406 propria,
876 3326 927 3383 sed
939 3329 968 3385 vi
984 3328 1056 3403 legis
1075 3328 1213 3405 generalis
1232 3328 1349 3384 vetantis

261 3443 298 3482 ne
319 3424 382 3497 quis
402 3434 527 3500 exponat
547 3445 577 3482 se
599 3425 754 3483 discrimini
773 3419 915 3502 peccati:⁵
934 3425 984 3482 sed
997 3446 1067 3502 pace
1080 3427 1148 3484 tanti
1166 3427 1228 3494 viri,
1241 3426 1290 3484 lex
1303 3425 1365 3500 11¹³.

258 3524 401 3600 generalis
415 3523 449 3581 de
463 3534 579 3600 peccato
593 3535 668 3582 certo
688 3534 717 3582 et
735 3525 891 3601 explorato,
906 3525 1024 3600 ejusque
1044 3526 1169 3602 periculo
1183 3525 1295 3583 vitando
1308 3525 1349 3582 irr-

262 3622 413 3697 telligenda
426 3633 478 3687 est,
493 3625 587 3697 potius
609 3643 693 3693 quam
708 3624 742 3680 de
755 3644 785 3682 re
799 3624 920 3692 vitanda,
935 3643 997 3696 quae
1011 3625 1105 3682 forsan
1117 3624 1174 3700 legi
1186 3623 1262 3680 haud
1275 3621 1349 3680 certb

262 3720 380 3794 cognitae
395 3718 564 3776 adversetur.
608 3720 713 3792 Utique
734 3732 841 3779 vetatur
861 3741 896 3779 ne
916 3724 981 3793 quis
1001 3742 1031 3780 se
1052 3733 1155 3782 temere
1169 3723 1283 3798 objiciat
1295 3721 1349 3778 dis·

298 3931 339 3997 (l)
355 3928 419 3980 Vide
432 3927 515 3976 Gerdil
528 3927 557 3976 de
568 3927 661 3977 actibus
673 3927 789 3977 humenis
800 3945 840 3992 qu.
851 3931 876 3979 ii.
888 3946 939 3994 cap.
951 3931 968 3981 i.

293 4015 336 4078 (2)
357 4013 488 4063 consentit
504 4013 622 4062 ieremias
639 4012 745 4078 Taylor:
763 4013 914 4076 “Althougb
927 4015 968 4064 the
984 4016 1126 4066 conscience
1137 4017 1167 4065 be
1184 4016 1310 4066 uncertain
1322 4015 1348 4063 in

255 4098 299 4150 the
310 4099 385 4148 direct
397 4100 492 4162 act‚‘yet
503 4101 522 4148 it
539 4116 595 4163 may
607 4101 637 4149 be
652 4100 751 4158 certain,
763 4100 835 4161 right,
848 4101 896 4150 and
908 4101 1056 4152 determined
1069 4102 1096 4152 in
1108 4102 1149 4151 the
1160 4102 1233 4151 reflex
1246 4100 1294 4149 and
1313 4115 1351 4148 se·

254 4182 318 4232 cond
330 4189 369 4231 act
380 4182 409 4230 of
417 4181 571 4246 judgment.”
583 4183 677 4234 Ductor
686 4185 751 4234 nub.
759 4185 774 4232 l.
787 4185 808 4233 1.
820 4200 843 4234 c.
856 4186 879 4232 2.
891 4199 914 4248 p.
927 4186 966 4231 39.

291 4265 328 4325 (3)
346 4265 410 4314 Vide
422 4267 449 4314 S.
461 4265 624 4329 Alphonsunr,
634 4267 663 4315 L.
673 4269 687 4316 i.
696 4276 763 4318 tract.
775 4269 805 4318 de
817 4267 981 4318 Conscientia.

293 4353 336 4417 (4)
357 4351 448 4414 Opusc.
463 4352 493 4400 de
504 4352 578 4401 Verit.
595 4369 635 4416 qu.
648 4354 706 4403 xvii.
715 4361 751 4402 art
762 4355 796 4404 iii.

294 4437 336 4502 (b)
356 4435 395 4485 De
414 4434 507 4486 cetibus
517 4435 632 4486 humanis
644 4453 665 4487 c.
674 4454 696 4484 v.
709 4454 775 4502 prop.
787 4439 803 4487 i.
