3068 5256
458 467 515 526 DE
537 463 741 526 SECUNDO
761 463 1013 525 PRAECEPTO.
1239 471 1278 528 89

187 638 304 696 vissime
315 631 507 692 declaravitS.
519 628 614 707 Oong.
624 629 821 700 inquisitionis
838 631 868 687 in
888 648 1065 702 quacumque
1075 630 1150 688 orbis
1164 630 1281 706 regione

184 754 245 794 non
257 735 348 792 valere
362 728 570 788 absolutionem
584 727 755 804 impertitam
776 729 811 785 iis
832 745 904 799 quos
924 727 991 786 licet
1011 729 1110 786 emissi
1126 729 1281 805 juramenti

183 833 327 910 peniteat,
342 826 554 887 communicant
566 835 662 884 umen
683 843 749 884 cum
772 826 881 883 caeteris
902 825 996 884 eidem
1016 835 1099 884 sectae
1112 827 1281 886 Liberorum

184 933 365 989 Muratorum
379 925 588 990 adherentibus,
602 924 651 981 vel
664 922 719 979 alio
733 925 834 996 quovis
847 916 959 980 modo.¹

226 1033 275 1085 61.
297 1024 447 1102 Adjuratio
469 1029 513 1077 est
535 1031 613 1079 aetus
633 1021 780 1096 religionis
801 1039 857 1092 quo
878 1021 943 1092 quis
963 1022 1082 1080 alterum
1095 1035 1183 1099 rogat,
1197 1023 1242 1081 vel
1254 1024 1283 1082 ei

185 1125 315 1204 praecipit
333 1142 385 1200 per
405 1120 512 1186 Deum,
534 1118 580 1176 vel
600 1117 677 1189 quod
697 1119 732 1175 ad
752 1117 848 1176 Deum
869 1118 997 1176 refertur.
1039 1120 1088 1178 Sic
1109 1121 1280 1196 Apostolus:

186 1235 205 1261 ‘⁶
215 1223 325 1299 Adiuro
338 1239 390 1278 vos
404 1236 456 1294 per
469 1215 638 1283 Dominum,
653 1225 685 1271 ut
704 1216 813 1291 legatur
826 1216 947 1292 epistola
959 1217 1020 1274 hac
1033 1219 1165 1276 omnibus
1178 1221 1282 1278 sanctis

188 1313 367 1380 fratribus.’'¹
408 1316 509 1373 Licere
523 1315 683 1372 solemnem
697 1313 912 1390 adjurationem,
933 1315 1024 1387 qualis
1043 1317 1075 1373 fit
1087 1317 1117 1373 in
1137 1317 1280 1384 obsessos,

189 1421 257 1477 hinc
266 1417 425 1493 colligitur3
441 1412 492 1470 sed
504 1414 588 1470 venia
595 1412 726 1488 episcopi
738 1407 916 1483 requiritur,2
929 1431 965 1470 ne
979 1415 1043 1485 quis
1054 1413 1124 1471 ialsd
1138 1423 1285 1472 censeatur

189 1517 349 1575 adaemonio
369 1513 425 1589 agi,
447 1522 476 1569 et
494 1519 602 1568 temere
617 1508 674 1566 Dci
687 1529 794 1567 nomen
806 1511 961 1568 invocetur.
1003 1511 1135 1588 Simplex
1149 1511 1284 1589 adjuratio

189 1633 239 1672 eas
253 1615 343 1689 exigit
355 1611 531 1669 conditiones
546 1627 617 1680 quas
633 1609 835 1683 juramentum.
879 1608 978 1667 Minus
989 1611 1073 1686 igitur
1086 1610 1228 1686 probanda
1241 1620 1285 1669 est

193 1709 370 1771 consuetudo
392 1706 577 1779 quorumdam
597 1706 654 1763 levi
674 1724 851 1778 quacumque
872 1725 909 1763 ex
936 1709 1083 1766 occasione
1108 1707 1282 1768 dicentium:

190 1818 336 1887 “propter
355 1807 451 1865 Deum
470 1815 497 1863 tc
518 1807 638 1863 obsecro
648 1803 679 1870 ;'’
703 1823 775 1875 quos
797 1813 892 1861 tamen
914 1823 973 1863 non
991 1823 1109 1862 necesse
1130 1815 1173 1862 est
1192 1809 1285 1882 gravis

189 1910 299 1985 peccati
320 1907 465 1972 damnare,
486 1921 575 1976 quum
595 1903 781 1960 intentionem
800 1919 858 1958 non
881 1903 1002 1960 habeant
1011 1902 1188 1978 plerumque
1208 1903 1285 1980 adju·

190 2005 283 2066 randi.

232 2110 279 2164 62.
301 2103 500 2161 Juramentum
523 2097 674 2172 aliquando
694 2099 809 2174 exigere
837 2099 903 2156 licet
929 2101 1017 2157 abeo
1043 2099 1092 2172 qui
1111 2099 1286 2176 pejeraturus

189 2203 310 2270 videtur,
325 2200 439 2272 quando
460 2197 570 2282 scilicet
584 2197 759 2273 judiciorum
779 2196 859 2265 ordo,
879 2198 925 2256 vel
942 2199 1060 2275 justitiae
1083 2196 1286 2260 administratio

190 2303 408 2375 qualiscumque
422 2297 452 2355 id
465 2297 572 2374 exigit;
586 2314 640 2352 nec
655 2296 732 2352 enim
745 2296 862 2372 perjurii
875 2311 971 2354 auctor
984 2296 1143 2356 censendus
1157 2307 1210 2364 est,
1224 2298 1286 2370 qui,

191 2399 263 2459 illud
275 2400 388 2486 penitus
401 2397 554 2461 detestans,
564 2393 683 2452 alterum
693 2395 818 2452 examini
831 2396 953 2472 subjicit,
963 2405 995 2453 ut
1001 2398 1067 2474 jura
1080 2395 1182 2467 cuique
1196 2397 1288 2455 vindi·

191 2507 299 2556 centon
341 2495 488 2554 Ceterum
508 2492 633 2570 privatus
657 2494 777 2566 quisque
800 2513 858 2552 non
880 2493 973 2562 debet,
994 2496 1050 2552 nisi
1071 2495 1150 2570 gravi
1168 2505 1287 2572 urgente

193 2615 292 2663 causa,
306 2595 403 2664 alium,
417 2594 483 2652 licet
495 2591 574 2668 pravi
583 2591 647 2668 jam
660 2592 758 2660 animi,
774 2601 850 2652 tanto
863 2593 988 2670 objicere
1002 2585 1209 2652 discrimini.’'³
