3046 5262
371 617 383 646 a
426 561 482 620 DE
498 560 713 624 ,PEOOATIS
734 562 1022 624 CAPITALIBUS.
1203 573 1262 628 319

208 729 258 784 96.
280 723 595 798 holocaustomatis,
610 747 662 786 seu
676 747 807 797 venerea,
828 738 872 786 est
892 747 925 788 ea
938 731 1026 789 animi
1048 731 1177 810 voluptas
1200 755 1264 808 quae

168 825 392 884 commotionem
417 827 568 902 spirituum
581 829 756 908 generationi
778 829 992 889 inservientium
1006 831 1092 889 habet
1112 833 1263 894 adnexam.

172 923 337 990 Sanctitas,
351 942 402 981 seu
415 926 559 994 naturalis,
579 927 683 985 dicitur
702 926 851 986 delectatio
864 946 901 986 ex
919 930 961 986 rei
974 949 1039 988 cum
1053 949 1160 1009 organo
1173 942 1264 994 tactus

169 1023 377 1091 convenientia,
391 1025 497 1096 absque
511 1026 677 1102 genitalium
690 1026 840 1102 spirituum
858 1029 1061 1088 commotione.
1104 1031 1264 1092 Veneream

170 1115 390 1183 delectationem
403 1143 469 1182 cunr
483 1123 654 1184 advertentis
667 1135 695 1183 et
708 1124 919 1194 deliberatione,
930 1127 1063 1187 lethalem
1077 1149 1192 1207 semper
1201 1151 1266 1190 esse

170 1221 294 1297 culpam,
308 1221 363 1279 etsi
376 1223 450 1279 absit
462 1223 627 1298 pollutionis
641 1224 811 1301 periculum,
825 1225 871 1284 vel
885 1245 1043 1286 cousensus
1058 1229 1088 1287 in
1101 1239 1193 1288 actum
1207 1250 1266 1289 car-

169 1319 275 1387 nalem,
298 1318 380 1378 docet
399 1340 464 1395 cum
484 1322 611 1399 pluribus
635 1325 667 1383 S.
689 1323 854 1400 Alphonsus
875 1325 911 1382 de
935 1323 1078 1404 Ligorio.¹
1119 1329 1264 1400 Equidem

171 1419 303 1492 quaehbet
315 1417 463 1478 delectatio
476 1439 597 1480 venerea
610 1433 654 1480 est
672 1421 804 1480 inchoata
817 1423 946 1494 quaedarn
960 1425 1090 1502 pollutio,
1104 1446 1154 1486 seu
1170 1437 1264 1487 motus

170 1517 206 1574 ad
220 1518 418 1594 pollutionem,
442 1519 564 1592 ideoque
587 1539 702 1597 gravem
723 1522 808 1579 habet
827 1523 972 1582 malitiam.
1015 1525 1095 1584 Hinc
1115 1525 1263 1586 delectatio

171 1616 347 1694 hujusmodi,
362 1617 496 1677 membris
517 1621 687 1697 genitalibus
710 1621 872 1687 commotis,
894 1624 988 1699 gravis
1009 1635 1061 1694 est,
1084 1625 1151 1684 licet
1163 1627 1267 1685 oriatur

173 1735 212 1774 ex
225 1735 254 1773 re
269 1735 331 1788 quae
344 1716 416 1774 levis
430 1737 526 1794 perse
546 1728 598 1787 est,
613 1739 640 1777 v.
655 1739 689 1797 g:
711 1719 869 1778 vellicando
890 1740 1005 1780 manum
1028 1725 1141 1800 puellae,
1161 1725 1266 1802 pedem

171 1815 218 1872 vel
237 1815 384 1874 brachium
406 1817 572 1892 premendo,
596 1818 785 1892 intorquendo
808 1819 921 1896 digitos.
964 1811 1091 1882 Difficile
1114 1826 1200 1882 etiam
1223 1836 1268 1883 est

172 1914 328 1973 naturalem
348 1914 564 1976 delectationem
584 1937 601 1974 a
620 1918 725 1977 carnali
744 1935 903 1986 secernere,
917 1921 1028 1992 quotics
1050 1923 1100 1995 qui
1114 1931 1202 1981 tactus
1215 1923 1267 1982 hu·

168 2012 299 2092 jusmodi
322 2025 464 2084 exercent,
488 2017 518 2078 iu
540 2017 575 2074 iis
598 2017 793 2087 immorantur,
820 2017 945 2090 alioquin
972 2020 1082 2096 copulae
1103 2032 1132 2079 et
1153 2021 1266 2081 libidini

172 2113 278 2172 idonei.
320 2113 379 2172 Sed
393 2115 418 2171 si
432 2116 496 2188 quis
510 2115 597 2174 officii
614 2119 703 2193 gratia
725 2118 870 2176 mulierem
892 2118 1011 2177 honeste
1031 2128 1135 2198 tangat,
1151 2121 1267 2198 culpan-

172 2213 227 2272 dus
240 2230 298 2270 non
312 2195 365 2280 est,
378 2213 446 2272 licet
458 2214 546 2278 invito
559 2229 690 2274 nascatur
702 2215 862 2275 delectatio.
903 2212 909 2224 '

212 2316 261 2372 97.
282 2312 441 2372 Delectatio
454 2333 568 2373 morosa
582 2317 717 2374 malitiam
730 2335 768 2374 ex
789 2317 901 2392 objecto
914 2317 1015 2388 habet;
1036 2318 1159 2394 ideoque
1173 2322 1264 2398 expli-

173 2414 295 2471 candum
309 2413 394 2470 estin
408 2413 598 2482 consessione,
613 2415 681 2487 quid
698 2417 787 2474 menti
807 2418 1012 2477 obversaretur.
1055 2417 1206 2498 Contingit
1219 2422 1268 2480 ali·

171 2512 288 2585 quando
302 2530 445 2584 quemque
458 2512 590 2572 delectari
604 2513 754 2591 cogitando
764 2515 800 2572 de
814 2516 918 2592 copula
927 2535 993 2577 cum
1007 2519 1127 2578 muliere
1137 2521 1266 2596 pulchra,

173 2613 243 2685 quin
257 2610 343 2668 simul
356 2611 480 2670 advertat
499 2631 562 2672 eam
583 2614 764 2694 matrimonio
783 2614 899 2690 ligatam
919 2633 993 2685 esse,
1008 2617 1054 2674 vel
1074 2619 1148 2675 hanc
1168 2619 1269 2678 saltem

172 2711 413 2770 circumstantiam
425 2712 576 2788 respiciat:
599 2731 656 2785 quo
670 2732 748 2781 casu,
765 2715 849 2789 juxta
870 2713 992 2785 aliquos,
1007 2724 1050 2771 sat
1069 2717 1123 2773 erit
1137 2717 1269 2774 confiteri

172 2809 389 2868 delectationem
403 2808 437 2866 de
450 2812 552 2888 copula
562 2813 691 2889 cogitate,
703 2831 756 2869 nec
769 2829 886 2870 necesse
901 2813 955 2871 erit
967 2811 1120 2890 adjungere
1134 2833 1270 2874 eamesse

99 2908 102 2914 ’
173 2919 300 2986 nuptam.
344 2907 486 2970 Oaetemm
501 2911 533 2970 S.
549 2911 716 2988 Alphonsus
731 2922 797 2988 post
810 2910 959 2970 Holzman
972 2923 1071 2970 censet
1084 2915 1267 2974 circumstan·
1346 2967 1352 2979 .

174 3011 241 3066 tiam
255 3009 328 3066 hanc
341 3027 404 3066 esse
415 3009 613 3087 explicandam
629 3019 647 3047 “
658 3011 772 3070 ratione.
780 3011 899 3088 periculi
909 3012 1035 3087 proximi
1045 3015 1270 3090 concupiscendi

176 3106 287 3188 (saltem
301 3105 495 3186 inefficaciter)
511 3111 659 3168 mulierem
673 3111 749 3168 illam
763 3122 890 3186 nuptam,
905 3112 935 3173 in
950 3111 1027 3184 quod
1045 3131 1081 3171 sc·
1090 3115 1207 3192 conjicit
1222 3117 1272 3189 qui

174 3207 208 3265 de
223 3227 257 3265 ea
269 3207 432 3266 delectatur.
475 3209 557 3266 Nulli
573 3207 637 3266 verd
652 3208 769 3268 dubium
790 3211 929 3266 committi
950 3210 1132 3280 adulterium,
1146 3216 1271 3288 quoties·

174 3325 297 3379 cumque
312 3307 444 3364 habeatur
457 3307 602 3385 gaudium,
621 3326 672 3366 seu
692 3308 899 3384 complacentia
918 3308 953 3366 de
973 3310 1080 3384 copula
1100 3311 1203 3378 habita,
1226 3315 1271 3372 vel

175 3405 348 3465 desiderium
368 3405 404 3464 de
428 3408 532 3484 copula
549 3406 677 3464 habenda
697 3427 762 3466 cum
784 3405 943 3483 conjugata,
964 3408 1030 3479 quia
1053 3417 1119 3466 tunc
1139 3410 1270 3469 voluntas

175 3507 355 3582 amplectitur
364 3515 454 3564 totum
464 3507 608 3583 objectum
619 3525 738 3581 pravum
752 3525 817 3564 oum
828 3506 959 3564 omnibus
970 3507 1030 3564 suis
1041 3508 1270 3580 circumstantiis,

178 3623 230 3662 nec
245 3605 279 3662 ab
293 3605 349 3662 illis
363 3605 552 3681 praecindere
566 3614 671 3682 potest,
685 3606 806 3678 ideoque
821 3604 977 3664 castitatem
991 3614 1019 3663 et
1027 3607 1169 3683 justitiam
1183 3608 1270 3667 laedit.

178 3703 251 3761 ltem
266 3705 292 3761 si
314 3706 378 3777 quis
402 3704 555 3764 delectetur
568 3704 603 3763 de
617 3706 721 3782 copula
735 3704 911 3762 sodomitica.
939 3705 1023 3774 ltem,
1036 3707 1061 3763 si
1074 3725 1196 3782 persona
1209 3728 1271 3781 quae

177 3801 330 3861 delectatur
343 3805 380 3862 sit
393 3812 459 3863 voto
473 3806 609 3863 castitatis
623 3794 766 3872 obs'tricta,
781 3804 866 3862 etiam
880 3813 978 3862 contra
991 3815 1089 3864 votum
1102 3800 1250 3882 peccat.”²

215 3906 265 3960 98.
287 3901 394 3961 Oscula
407 3903 568 3972 libidinosa,
585 3923 648 3976 quae
668 3905 776 3962 scilicet
789 3923 826 3961 cx
839 3905 950 3979 copulae
965 3903 1067 3964 affectu
1082 3903 1193 3972 dantur,
1208 3916 1273 3965 sunt

177 4011 293 4076 peccata
307 4002 444 4068 mortalia,
459 4012 543 4077 prout
555 4004 706 4079 perspicue
719 4003 803 4062 docet
816 4003 848 4060 S.
864 4002 1012 4061 Thomas:
1035 4011 1222 4062 “consensus
1244 4007 1273 4066 in

178 4089 395 4160 delectationem
406 4104 515 4177 peccati
525 4089 650 4161 mhrtalis
659 4111 702 4160 est
710 4112 855 4178 peceatum
865 4101 993 4168 mortale,
1002 4111 1097 4161 etnon
1104 4105 1198 4165 solum
1208 4125 1275 4165 con·

178 4217 280 4257 sensus
289 4201 431 4258 inactum.
453 4201 564 4259 Etide'o
572 4220 637 4258 cum
648 4201 796 4258 fornicatio
806 4203 843 4259 sit
851 4209 999 4276 peccatum
1011 4201 1138 4270 mortale,
1148 4214 1176 4274 et
1184 4206 1274 4264 multo

178 4300 270 4375 magis
284 4300 345 4358 aliae
358 4301 478 4358 luxuriae
500 4300 631 4376 species:
651 4318 831 4372 consequens
851 4298 984 4371 estquod
1004 4319 1162 4362 consensus
1183 4306 1214 4363 in
1227 4303 1274 4362 de-

217 4485 260 4551 (l)
280 4484 309 4536 L.
322 4487 357 4536 iii.
369 4503 394 4538 n.
406 4486 464 4538 415.
600 4486 642 4554 (2)
657 4486 683 4537 S.
696 4487 769 4554 Alph.
784 4489 798 4537 l.
811 4503 833 4536 v.
846 4505 867 4538 c.
881 4487 896 4536 i.
908 4488 998 4540 dubii.
1011 4496 1054 4539 art.
1065 4491 1090 4540 ii.
1102 4506 1126 4540 n.
1140 4493 1177 4538 16.
