3076 5260
334 487 391 546 DE
413 486 771 548 OBLIGATIONIBUS
793 489 1085 550 OLERICORUM.
1201 494 1260 550 345

208 659 257 716 39.
279 654 530 732 Debentepiscopi
540 657 669 714 omnium
679 665 884 715 vrrtutumesse
898 658 1067 733 exemplar:
1091 664 1110 692 ‘⁴
1122 656 1156 714 In
1170 660 1262 717 omni-

167 755 221 812 bus
244 765 271 812 te
295 755 390 832 ipsum
412 755 507 833 praebe
530 755 695 830 exemplum
714 756 853 814 bonorum
875 747 1042 833 opernm.’'¹
1086 755 1261 834 “Exemplo

168 865 230 912 esto
245 853 373 913 fidelium
384 855 413 912 in
427 855 523 920 verbo,
538 853 568 910 in
584 855 808 921 conversatione,
823 843 858 912 in
872 857 996 922 caritate,
1011 855 1041 912 in
1054 852 1121 920 fide,
1136 855 1166 912 in
1180 857 1260 914 casti·

172 944 275 1010 tate.”²
315 952 460 1026 Equidem
475 951 616 1028 perfectos
630 971 694 1009 esse
714 972 763 1011 eos
785 952 875 1022 decet,
897 973 986 1027 quum
1006 970 1124 1010 munere
1145 955 1270 1012 sanctis-'

173 1053 248 1108 slmo
274 1051 435 1127 fungantur,
456 1050 583 1128 magistri
601 1052 756 1109 sanctitatis
778 1053 930 1118 constituti,
945 1063 973 1110 et
990 1054 1020 1111 in
1041 1061 1211 1127 perpetuum
1232 1053 1267 1111 ad

171 1169 268 1209 curam
294 1150 452 1208 animarum
473 1149 615 1207 adstricti:
638 1149 831 1228 “episcopi,”
853 1153 946 1225 iuquit
959 1151 991 1208 S.
1017 1149 1159 1219 Thomas,
1187 1153 1264 1208 “ob-

170 1250 260 1326 ligant
272 1268 303 1306 se
318 1248 353 1306 ad
365 1267 399 1306 ea
412 1267 476 1320 quae
489 1258 555 1306 sunt
567 1249 759 1325 perfectionis,
781 1251 921 1325 pastorale
943 1259 1122 1308 assumentes
1136 1249 1264 1312 officium

172 1347 208 1405 ad
228 1347 305 1419 quod
327 1349 455 1424 pertinet,
469 1357 499 1405 ut
523 1348 646 1405 animam
666 1367 747 1405 suam
766 1359 855 1424 ponat
876 1359 972 1424 pastor
992 1365 1045 1424 pro
1067 1348 1168 1406 ovibus
1189 1349 1261 1415 suia,

173 1445 362 1505 sicutdicitur
380 1447 500 1504 Joannis
515 1437 583 1504 x.”³
623 1446 673 1504 Ex
695 1447 741 1504 his
763 1447 845 1504 facile
866 1448 1008 1524 colligitur
1031 1446 1229 1521 episcopatum
1250 1465 1266 1502 a

172 1546 285 1602 nemine
299 1544 499 1623 appetendum,
515 1564 603 1618 quum
617 1545 784 1622 gravissima
805 1564 903 1604 secum
926 1547 996 1603 ferat
1016 1563 1113 1612 onera,
1128 1563 1193 1601 cum
1213 1561 1265 1619 po·

174 1645 279 1701 testatis
293 1645 323 1701 in
336 1644 406 1702 alios
420 1645 567 1711 exercitio,
582 1645 628 1704 cui
640 1662 726 1702 nemo
739 1663 770 1700 se
784 1643 918 1702 idoneum
927 1644 1054 1722 judicare
1068 1643 1152 1700 debet
1163 1639 1188 1700 :⁴
1207 1661 1265 1702 non

172 1751 322 1800 esttamen
334 1743 512 1818 pertinaciter
525 1741 707 1809 recusandus,
722 1743 747 1798 si
755 1744 885 1819 superior
898 1743 927 1800 id
940 1743 1066 1800 muneris
1080 1735 1236 1818 imponat.⁵

212 1845 261 1898 40.
284 1840 448 1898 Concilium
463 1840 688 1916 carthaginense
702 1841 741 1897 iv.
756 1842 862 1908 sanxit,
877 1848 896 1876 ‘⁴
908 1849 939 1898 ut
951 1841 1104 1914 episcopus
1115 1859 1168 1915 pro
1183 1841 1266 1896 rebus

175 1940 341 1996 transitoriis
355 1957 412 1996 non
425 1939 516 2015 litiget
528 1930 747 2015 provocams.''⁶
787 1939 919 1996 Attamen
939 1957 999 1995 suae
1019 1938 1149 1995 ecclesiae
1160 1938 1226 2013 jura
1238 1947 1266 1994 et

175 2039 372 2114 possessiones
386 2037 536 2095 defendere
544 2037 637 2104 debet,
650 2055 739 2108 quum
752 2055 811 2094 suae
821 2037 889 2095 fidei
910 2037 1076 2095 credantur:
1098 2035 1148 2094 sed
1163 2036 1228 2112 paci
1241 2045 1269 2092 et

178 2135 334 2195 concordia
345 2137 501 2213 prasertim
510 2135 691 2194 studendum.
735 2143 755 2170 “
766 2135 929 2196 Sacerdotis
939 2137 1039 2212 procul
1047 2134 1165 2204 dubio,”
1176 2133 1268 2206 inquit

176 2237 208 2293 S.
224 2235 382 2312 Gregorius
396 2237 441 2294 M.
458 2236 622 2294 “convenit
635 2234 774 2312 gravitati,
791 2243 823 2292 ut
835 2235 860 2291 si
874 2236 937 2308 quis
951 2236 1081 2293 ecclesiae
1094 2251 1153 2292 suae
1167 2251 1266 2290 causas

176 2335 311 2402 habuerit,
326 2344 373 2392 aut
385 2335 503 2412 pacifica
517 2353 565 2392 eas
580 2333 767 2402 ordinatione,
782 2333 808 2390 si
820 2333 882 2392 fieri
895 2343 998 2411 potest,
1013 2343 1060 2393 aut
1072 2343 1146 2392 certe
1155 2331 1267 2411 judicio

176 2435 387 2502 interveniente,
408 2436 470 2492 sine
491 2453 570 2491 mora
593 2431 719 2499 definiat,
742 2443 773 2490 ut
794 2433 901 2492 sublata
923 2453 939 2490 c
962 2434 1057 2492 medio
1078 2432 1267 2506 contentionis

176 2533 302 2599 materia,
317 2533 378 2590 sola
390 2533 432 2592 illi
445 2551 511 2590 cum
523 2531 589 2590 filiis
603 2533 663 2590 suis
677 2533 756 2608 pacis
770 2533 862 2607 possit
882 2532 1033 2590 concordia
1053 2522 1268 2607 permanere.”⁷

177 2631 211 2687 Si
224 2631 375 2702 aliquando
388 2633 416 2689 vi
438 2630 539 2689 cedere
561 2639 697 2704 oporteat,
720 2628 926 2705 providendum
947 2631 999 2687 erit
1019 2647 1056 2687 ne
1070 2629 1268 2705 praejudicium

177 2729 241 2786 aliis
256 2728 320 2786 iude
333 2738 478 2797 nascatur3
499 2729 648 2804 sicutipse
664 2729 821 2804 Gregorius
835 2746 887 2786 suo
902 2727 1038 2803 exemplo
1058 2745 1111 2784 nos
1126 2726 1219 2792 docet,
1234 2725 1269 2782 ad

178 2827 305 2885 Italicam
328 2827 478 2886 Patriciam
500 2828 648 2886 scribens:
681 2827 829 2885 “Scimus
847 2825 1050 2901 nosmetipsos,
1071 2825 1189 2902 juvante
1211 2824 1270 2880 Do·

178 2927 267 2995 mino,
282 2945 428 2985 causarum
440 2926 537 3004 litigiis
558 2927 750 2984 ecclesiastica
770 2925 961 2984 moderatione
975 2942 1171 3001 compescere,
1185 2933 1269 2994 atque

177 3024 333 3084 secundum
348 3025 533 3103 apostolicum
552 3025 632 3084 illum
653 3045 781 3092 sensum,
804 3025 932 3103 rapinam
945 3026 1087 3083 bonorum
1107 3031 1269 3097 nostrorum

179 3145 243 3184 cum
257 3125 360 3204 gaudio
374 3128 524 3184 sustinere.
567 3123 627 3182 Sed
639 3125 709 3183 illud
723 3127 794 3183 scire
817 3145 868 3183 vos
889 3123 1029 3192 volumus
1053 3123 1270 3180 taciturnitatem

163 3234 262 3297 ·atque
276 3226 439 3302 patientiam
452 3233 577 3283 nostram
596 3224 697 3281 suturis
711 3233 776 3298 post
789 3241 834 3280 me
854 3222 1036 3300 pontificibus
1058 3223 1088 3278 in
1101 3221 1186 3278 rebus
1201 3236 1268 3295 pau·

181 3342 279 3399 perum
293 3323 490 3402 prejudicium
503 3342 562 3381 nou
575 3313 760 3381 facturam.’'⁸

390 3576 487 3650 §vlt
508 3577 557 3636 Da
579 3594 780 3635 rnnocnonun
800 3589 1062 3632 ocarenmoureus.

221 3763 270 3819 41.
291 3761 414 3818 Parochi
428 3760 531 3819 debent
543 3762 573 3818 in
586 3761 708 3836 paroecia
718 3767 878 3817 constanter
891 3757 1025 3825 habitare,
1040 3764 1067 3813 et
1080 3771 1169 3831 prope
1184 3750 1274 3808 eccle·

182 3859 263 3926 siam,
278 3859 378 3916 sifieri
401 3861 502 3936 possit,
526 3869 556 3917 ut
576 3877 689 3935 semper
711 3859 799 3934 parati
820 3859 877 3917 sint
898 3859 959 3915 suis
982 3855 1062 3931 fungi
1085 3849 1270 3910 muneribus:

218 4045 260 4110 (l)
280 4044 330 4094 Tit.
344 4045 370 4094 ii.
382 4049 406 4094 7.
775 4045 817 4109 (2)
840 4046 851 4089 l
866 4041 932 4090 Tim.
943 4040 974 4089 iv.
989 4042 1019 4086 12

217 4128 256 4193 (3)
274 4129 298 4178 2.
309 4128 332 4177 2.
343 4145 384 4192 qu.
396 4129 502 4178 clxxxiv.
515 4136 557 4179 art.
569 4144 592 4178 v.
617 4128 691 4195 Reap.
773 4127 810 4191 (4)
829 4125 929 4183 Ibidem,
941 4139 981 4187 qu.
993 4123 1092 4172 clxxxv.
1103 4125 1147 4168 art.
1160 4117 1176 4166 i.

217 4210 260 4276 (5)
281 4210 380 4270 Ibidem,
392 4212 469 4261 crt.ii.
771 4211 813 4274 (6)
834 4209 897 4256 Gan.
910 4207 960 4256 xix.

217 4294 260 4358 (7)
282 4295 331 4358 Ep.
340 4295 398 4344 lviii.
410 4295 424 4344 l.
437 4294 486 4344 viii.
498 4296 529 4344 ad
539 4293 693 4344 Bonilaoium
705 4292 851 4354 Regiensem
869 4291 942 4355 episc.

218 4380 260 4444 (8)
281 4379 329 4446 Ep.
341 4378 400 4430 lviii.
412 4381 429 4430 1.
441 4381 466 4430 ii.
501 4381 587 4430 Indict.
599 4379 632 4429 xi.
