3046 5262
421 477 477 536 DE
499 475 709 537 PECOATIS
732 477 1021 538 OAPITALIBUS.
1210 485 1269 539 32³

171 642 266 712 inquit
279 642 311 698 S.
335 641 476 710 Thomas,
497 643 681 702 “seeundum
695 643 772 716 quod
795 653 839 702 est
851 653 1008 720 peccatum,
1023 645 1153 720 provenit
1165 664 1202 703 ex
1215 647 1270 704 hoc

173 741 250 812 quod
262 759 366 801 sensus
379 741 533 816 spiritualis
546 741 693 801 hebetatus
703 753 765 811 est:
789 752 888 801 utnon
907 745 945 800 sit
964 752 1045 818 aptus
1066 741 1100 800 ad
1113 745 1271 820 spiritualia

174 838 365 916 dijudicanda.
408 839 539 898 Maxime
553 849 647 898 autem
661 859 763 899 sensus
776 841 901 898 hominis
924 843 1103 918 immergitur
1115 843 1151 900 ad
1164 853 1273 901 terrena

176 939 394 1016 perluxuriam,
418 957 481 1011 quae
503 947 547 996 cst
565 939 640 998 circa
662 941 801 998 maximas
824 940 1034 1008 delectationes,
1055 942 1156 1014 quibus
1178 942 1272 1000 anima

176 1040 302 1098 maxime
313 1031 525 1096 absorbetur.”¹
546 1039 630 1116 Saepe
638 1039 728 1098 obstat
737 1057 773 1097 ne
783 1040 869 1097 fidem
885 1041 947 1112 quis
958 1040 1109 1115 suscipiat:
1122 1040 1273 1112 aliquando

177 1139 304 1196 animum
325 1137 453 1213 disponit
475 1136 511 1194 ad
531 1137 617 1196 fidem
640 1139 844 1196 deserendam:
867 1148 895 1196 et
915 1139 1072 1214 sepissime
1088 1138 1154 1197 facit
1166 1151 1197 1198 ut
1209 1141 1273 1212 quis

176 1238 346 1314 gravissima
356 1236 454 1294 salutis
465 1237 591 1313 pericula
604 1256 703 1314 parum
717 1238 881 1315 perpendat.
924 1238 1003 1295 llinc
1016 1240 1177 1316 precipites
1190 1247 1274 1296 ruunt

176 1337 207 1394 in
221 1337 329 1394 scelera
343 1335 499 1404 libidinosi,
514 1337 631 1394 honoris
646 1337 690 1394 sui
704 1347 733 1393 et
744 1337 894 1395 utilitatum
908 1337 1099 1395 immemores
1142 1337 1187 1395 De
1197 1338 1273 1414 judi·

180 1435 262 1500 cibus
276 1437 326 1508 qui
340 1436 502 1493 Susannam
515 1435 621 1494 violare
635 1437 848 1512 concupierunt,
869 1436 1016 1493 scribitur:
1039 1444 1058 1472 “
1068 1445 1235 1495 exarserunt
1245 1437 1275 1494 in

179 1535 440 1611 concupiscentiam
459 1537 533 1612 ejus,
548 1544 578 1592 et
599 1543 759 1594 everterunt
778 1553 893 1592 sensum
914 1553 1008 1603 suum,
1021 1544 1049 1592 et
1062 1533 1272 1592 declinaverunt

180 1635 278 1693 oculos
292 1653 370 1702 suos,
385 1645 487 1696 utnon
502 1635 633 1695 viderent
644 1635 758 1702 coelum,
773 1653 867 1707 neque
880 1634 1094 1692 recordarentur
1101 1632 1274 1711 judiciorum

176 1726 368 1813 justorum.’'2
407 1735 513 1793 Amore
524 1735 676 1810 voluptatis
687 1735 801 1810 penitus
815 1733 963 1801 ducuntur,
980 1733 1185 1808 “voluptatum
1200 1751 1275 1790 ama·

179 1845 257 1892 tores
271 1834 361 1910 magis
372 1851 458 1906 quam
472 1830 579 1892 Dei.”³
606 1833 685 1892 Hinc
699 1833 773 1914 fit'ut
786 1831 886 1890 taedeat
898 1851 948 1890 eos
959 1849 1106 1888 munemm
1116 1831 1274 1908 religionis,

180 1942 209 1990 et
222 1932 298 1990 vitiis
312 1933 458 2008 plerisque
478 1934 560 1992 facile
580 1933 695 1991 cedant:
719 1931 906 1997 “Luxuria'’
927 1930 1020 2002 inquit
1038 1930 1069 1987 S.
1091 1930 1272 1997 Ambrosius,

181 2041 200 2067 ‘⁴
212 2051 265 2088 nec
278 2031 363 2090 fidem
377 2032 469 2100 habet,
480 2051 533 2090 nec
546 2033 752 2090 observantiam
766 2030 939 2106 disciplinae:
961 2030 1073 2087 luxuria
1086 2031 1273 2088 seminarium

182 2140 212 2188 et
224 2130 304 2207 origo
317 2132 451 2190 vitiorum
465 2127 556 2206 est.”⁴

226 2233 292 2288 106.
315 2230 457 2292 Remedia
480 2232 601 2291 luxuriae
625 2233 706 2310 plura
730 2241 923 2290 recensentur.
964 2230 1109 2307 Imprimis
1136 2232 1276 2309 supplicia

184 2349 247 2403 quae
259 2349 325 2390 reos
339 2343 458 2391 manent
471 2334 577 2410 saepius
590 2323 730 2391 volvenda
743 2341 809 2388 sunt
822 2332 933 2389 animo:
956 2340 984 2388 et
997 2349 1082 2403 quarn
1103 2332 1159 2389 sint
1177 2334 1277 2390 inanes

184 2431 343 2507 voluptates
364 2431 548 2510 cogitandum
562 2440 614 2489 est.
657 2430 724 2489 Cibi
737 2441 879 2507 potusque
893 2449 1029 2489 excessus
1043 2431 1172 2489 vitandus
1187 2444 1239 2500 est,
1251 2443 1280 2490 et

184 2547 250 2587 caro
264 2531 328 2588 vitae
343 2533 505 2590 austeritate
519 2531 678 2589 domanda:
701 2539 720 2564 “
730 2531 809 2588 Ecce
829 2531 891 2587 haec
913 2530 966 2587 fuit
982 2531 1115 2601 iniquitas
1132 2531 1277 2598 Sodomae,

185 2631 292 2686 sororis
307 2639 372 2698 tuae,
387 2632 530 2708 superbia,
545 2631 673 2688 saturitas
696 2630 788 2704 panis,
802 2637 831 2684 ct
853 2626 1030 2694 abundantia,
1046 2637 1073 2684 et
1086 2629 1174 2687 otium
1189 2629 1279 2704 ipsius

185 2737 215 2785 et
231 2728 355 2784 filiarum
379 2725 491 2806 ejus.'’⁵
532 2727 716 2786 “Luxuriosa
740 2745 785 2784 res
809 2717 955 2784 vinum.”⁶
996 2725 1125 2782 “Nolite
1148 2724 1279 2784 inebriari

185 2828 267 2893 vino,
282 2827 312 2883 in
326 2845 383 2899 quo
396 2838 440 2886 est
451 2821 614 2888 luxuria.”⁷
655 2836 673 2863 ‘⁴
686 2825 772 2892 Quod
784 2827 810 2883 si
821 2826 886 2898 quis
905 2825 1059 2891 existimat,
1074 2833 1101 2880 et
1114 2824 1281 2882 abundantia

187 2926 317 2984 ciborum
333 2929 538 3002 potionumque
552 2945 584 2984 se
598 2926 714 3002 perimi,
729 2935 758 2983 et
775 2943 872 2982 vacare
887 2941 973 3001 posse
987 2923 1143 3000 sapientise,
1157 2923 1213 2982 hoc
1227 2934 1279 2992 est,

188 3033 216 3081 et
228 3027 337 3085 versari
361 3027 390 3083 in
410 3026 530 3094 deliciis,
552 3034 580 3082 et
600 3025 764 3083 deliciarum
784 3025 859 3082 vitiis
879 3043 937 3082 non
952 3025 1051 3090 teneri,
1065 3025 1192 3102 seipsum
1208 3023 1281 3082 deci·

188 3119 278 3200 pit.’‘⁸
318 3125 363 3182 Ita
378 3124 586 3201 Hieronymus.
614 3125 780 3201 Apostolus,
795 3125 961 3182 athletarum
975 3125 1122 3200 proposito
1137 3124 1281 3202 exemplo,

187 3223 235 3293 qui
258 3223 293 3279 ab
315 3226 449 3282 omnibus
473 3243 505 3282 se
519 3225 705 3289 abstinebant,
730 3231 760 3279 ut
782 3222 928 3280 certamini
950 3222 1044 3279 forent
1066 3223 1171 3289 idonei,
1193 3223 1279 3279 dicit:

190 3322 330 3397 “castigo
345 3341 448 3399 corpus
462 3342 569 3390 meum,
584 3323 653 3380 etin
668 3323 831 3392 servitutem
844 3319 960 3396 redigo:
981 3338 1017 3376 ue
1041 3320 1111 3378 forte
1133 3339 1197 3376 cum
1218 3321 1281 3378 aliis

188 3418 411 3496 praedicaverim,
426 3425 488 3498 ipse
501 3423 637 3497 reprobus
652 3410 806 3479 efficiar.’'⁹
847 3419 925 3477 Hinc
946 3418 1145 3494 Hieronymus
1165 3419 1278 3476 scribit:

190 3528 428 3596 “repugnantem
441 3539 566 3588 carnem,
580 3521 655 3579 etad
674 3520 820 3577 libidinem
841 3519 983 3576 incentiva
1001 3517 1168 3592 rapientem,
1190 3517 1283 3574 inedia

188 3619 382 3696 subjugamus.
425 3621 503 3678 Esus
529 3619 667 3688 carnium,
691 3628 719 3676 et
745 3627 828 3695 potus
855 3619 923 3684 vini,
950 3616 1112 3688 ventrisque
1139 3616 1281 3682 saturitas,

190 3717 375 3776 seminarium
395 3719 520 3777 libidinis
535 3727 587 3775 est.
628 3718 713 3776 Unde
734 3731 762 3775 et
784 3717 910 3775 comicus
934 3711 1022 3776 ‘Sine
1036 3713 1165 3785 Cerere,’
1179 3715 1282 3786 inquit,

188 3825 234 3873 ‘et
253 3815 359 3876 Libero
372 3818 455 3895 friget
467 3815 589 3875 Venus.⁹
598 3809 649 3844 ”¹⁰
689 3817 787 3876 Otium
801 3819 886 3876 etiam
901 3817 1068 3894 fugiendum
1082 3825 1135 3884 cst,
1149 3823 1177 3872 et
1195 3832 1282 3871 sacrae

780 4019 819 4086 (2)
839 4021 904 4070 Dan.
917 4019 967 4068 xiii.
980 4023 1002 4068 8.

783 4105 825 4170 (4)
845 4104 875 4153 L.
887 4105 916 4154 de
928 4104 985 4153 Ellis
996 4110 1020 4151 et
1028 4103 1124 4168 jejunio
1138 4119 1158 4152 c.
1170 4103 1222 4152 xix.

786 4189 814 4251 (6
817 4202 828 4252 )
848 4187 920 4236 Prov.
930 4203 972 4235 xx.
985 4186 1000 4235 i.

678 4269 681 4275 '
790 4271 832 4335 (8)
852 4269 881 4319 L.
893 4269 917 4319 ii.
929 4278 1012 4320 contra
1023 4268 1185 4318 lorinianam.

787 4358 846 4424 (to)
866 4356 895 4406 L.
908 4356 932 4408 ii.
944 4357 996 4406 adv.
1008 4355 1175 4406 Jovinianum.
1202 4409 1205 4415 ,
