3068 5256
236 481 290 536 154
530 474 586 534 nn
608 474 747 534 enirn
768 471 1043 534 ourrnrrnrn.
1146 432 1148 436 ’

567 672 636 746 §11.
659 671 706 730 Du
722 689 824 730 nnnuu
838 689 996 732 currumn.

268 822 282 846 “
291 815 317 864 N
319 831 351 865 on
363 816 521 879 concupisces
528 813 629 864 domum
638 813 755 878 (proximi
764 814 812 880 tui)
823 831 830 872 ;
847 829 899 864 non
907 828 1001 876 agrum,
1010 828 1061 862 non
1073 827 1179 872 serrum,
1188 827 1240 862 non
1251 813 1332 862 ancil·

232 903 288 959 lam,
300 915 351 950 non
361 901 456 958 bouem,
467 914 518 948 non
531 898 636 955 asinum,
647 905 671 948 et
684 899 796 948 universo
805 913 858 961 qus
870 895 1030 964 iuiuspuntf'
1065 895 1140 945 Deut.
1156 912 1182 944 v.
1193 898 1236 943 21.

273 1034 342 1088 204.
366 1028 432 1087 Hoc
446 1037 589 1105 proecepto
602 1036 709 1086 vetatur
722 1029 831 1099 nequis
845 1028 941 1102 cupiat
949 1027 1054 1103 injuste
1062 1026 1210 1101 possidere
1223 1030 1330 1094 aliena,

231 1131 315 1206 juxto
341 1127 411 1186 illud
436 1127 557 1186 Psaitis:
587 1127 742 1204 “Rapinas
768 1127 855 1185 nolite
882 1117 1136 1202 concupiscere.”¹
1186 1127 1331 1186 Voluntas

236 1227 418 1305 comparandi
444 1227 498 1284 sibi
517 1245 580 1298 quae
602 1226 716 1284 alterius
740 1234 806 1284 sunt
824 1225 1008 1301 prohibetur:
1030 1235 1059 1282 et
1076 1226 1142 1301 J'ure
1163 1227 1284 1301 optimo,
1300 1237 1334 1283 ut

236 1328 336 1400 liquet,
350 1345 413 1399 quae
427 1326 504 1384 eninr
525 1325 588 1397 quis
611 1327 711 1398 nequit
733 1327 787 1383 sibi
810 1343 924 1382 sumere
948 1325 1055 1395 absque
1077 1323 1191 1380 alterius
1212 1326 1332 1401 injuria,

237 1428 336 1498 nequit
348 1424 507 1482 desiderare
521 1423 628 1496 absque
649 1435 777 1500 peccato,
798 1433 945 1501 peccatum
966 1424 1043 1480 enim
1063 1431 1107 1478 est
1126 1422 1198 1479 velle
1218 1433 1331 1500 patrare

237 1525 414 1602 injustitiam.
458 1521 588 1580 Conatus
610 1524 696 1580 etiam
719 1541 819 1580 omnes
842 1521 927 1579 adid
947 1520 1047 1579 directi
1073 1522 1199 1597 pcccatis
1227 1521 1331 1580 meriti)

238 1629 433 1681 accensentur.
476 1621 559 1678 Licet
571 1620 688 1693 quidem
697 1619 768 1678 velle
782 1621 837 1680 sibi
851 1639 1016 1697 comparare
1031 1639 1094 1694 quae
1109 1619 1178 1677 alter
1191 1621 1332 1697 possidet,

237 1722 324 1779 salvis
338 1730 431 1777 tamen
440 1719 557 1796 justitiae
570 1719 691 1796 legibus,
706 1730 735 1777 et
747 1720 853 1794 absque
864 1720 978 1778 alterius
989 1719 1176 1777 detrimento:
1199 1723 1332 1792 quamvis

237 1821 298 1878 haeo
312 1821 376 1896 ipsa
389 1817 574 1878 coacervandi
587 1818 701 1877 divitias
715 1818 855 1895 cupiditas
869 1837 928 1876 non
948 1829 1040 1875 careat
1052 1818 1199 1895 periculo:
1221 1828 1240 1854 ‘⁶
1252 1820 1334 1877 Nam

238 1922 288 1992 qui
302 1918 400 1977 volunt
412 1919 515 1977 divites
525 1917 596 1984 fieri,
608 1919 738 1977 incidunt
746 1920 775 1976 in
785 1918 981 1984 tentationem,
992 1929 1022 1974 et
1030 1919 1060 1975 in
1069 1916 1204 1988 laqueum
1215 1917 1333 1986 diaboli,

238 2027 267 2075 et
279 2017 419 2076 desideria
432 2017 520 2075 multa
533 2017 643 2074 inutilia
655 2027 683 2073 ct
695 2019 806 2083 nociva,
821 2036 884 2090 quae
899 2027 1033 2091 mergunt
1044 2017 1177 2073 homiues
1191 2017 1222 2074 in
1236 2019 1334 2075 interi·

239 2125 300 2172 turn
320 2125 348 2170 ct
367 2105 606 2190 perditionem.”²
645 2113 691 2172 Dc
713 2115 807 2191 pravis
828 2115 976 2173 desideriis
999 2115 1090 2173 fusius
1110 2116 1141 2172 in
1164 2123 1280 2174 tractatu
1298 2117 1334 2173 de

237 2213 362 2290 pcccatis
377 2231 459 2290 agere
472 2212 669 2289 proponimus.

279 2313 325 2369 De
339 2311 485 2388 Decologo
495 2311 606 2386 egimus
621 2322 760 2385 quatenus
774 2313 931 2371 naturalem
939 2313 1032 2389 legem
1043 2313 1176 2381 inculcat,
1190 2323 1217 2370 et
1231 2312 1336 2371 Chris-

239 2410 359 2468 tifidclcs
374 2409 438 2467 ideo
451 2410 609 2484 obstringit.
653 2410 765 2468 Caetcra
786 2431 848 2484 quae
872 2412 969 2469 divina
987 2412 1066 2488 Lege
1087 2411 1269 2471 includuntur
1283 2432 1335 2470 ex-

239 2510 419 2586 plicabuntur
437 2516 606 2584 opportune,
628 2509 742 2582 quando
763 2508 798 2566 de
817 2510 874 2566 fide
894 2519 922 2567 ct
941 2509 976 2568 de
990 2512 1174 2568 sacramentis
1188 2512 1334 2588 agendum

238 2610 301 2667 erit.
344 2608 409 2667 Jem
429 2605 496 2665 verd
510 2605 637 2683 adleges
658 2628 721 2682 quae
742 2608 798 2666 Dei
812 2611 975 2667 auctoritate
995 2609 1122 2668 feruntur
1142 2611 1175 2668 ab
1190 2611 1334 2669 Ecclesiae

240 2708 410 2786 presulibus
424 2704 631 2784 progredimur.

441 2875 480 2937 (l)
501 2873 596 2922 Pslxi.
612 2874 649 2923 11.
898 2876 939 2940 (l)
963 2875 1135 2927 1Tim.vi.9.
