3146 5266
266 537 285 590 a
604 517 606 520 ’
684 528 941 590 anemurum.
1033 519 1036 526 ‘

267 695 336 753 ratio
351 693 467 750 inservit
479 701 510 750 ut
523 693 705 768 investigetur
718 695 830 761 veritas,
846 713 909 766 quae
925 703 1018 752 umen
1032 693 1080 752 vix
1100 693 1228 754 habenda
1242 696 1293 753 erit
1306 708 1356 752 cx-

267 795 383 870 plorata,
399 791 533 863 quamdiu
548 792 628 848 altius
650 794 818 850 auctoritatis
833 793 996 869 praesidium
1011 791 1138 852 defuerit.
1182 795 1261 854 Hinc
1274 794 1306 851 fit
1324 805 1356 851 ut
1421 843 1424 846 .

267 891 392 968 theologi
413 891 443 948 in
464 890 588 948 diversas
610 891 709 948 abeant
722 892 888 966 plemmque
912 892 1062 949 sententias
1084 892 1119 950 de
1141 894 1269 969 plurimis
1292 911 1354 964 quae

267 988 459 1049 ratiocinando
480 988 655 1046 deducuntur
678 1007 715 1046 ex
736 991 835 1065 primis
855 1009 967 1048 morum
989 990 1146 1067 principiis,
1168 993 1214 1050 vel
1236 1010 1298 1063 quae
1319 991 1354 1048 iis

267 1090 423 1148 vestiuntur
436 1087 583 1164 adjunctis,
596 1107 658 1159 quae
668 1087 859 1147 difficultatem
873 1108 1033 1162 novamque
1048 1108 1141 1147 rerum
1156 1092 1281 1166 speciem
1296 1089 1354 1146 effi·

267 1189 353 1246 ciunt.
397 1187 466 1244 Non
480 1186 564 1262 igitur
576 1205 611 1243 ea
624 1207 640 1242 a
653 1187 734 1243 nobis
749 1187 923 1262 expectanda
945 1199 987 1245 est
1007 1189 1036 1245 in
1056 1188 1110 1246 hac
1123 1189 1273 1264 disciplina
1286 1191 1354 1244 trac-

267 1286 350 1345 tanda
364 1286 563 1342 sententiarum
573 1284 718 1352 certitudo,
729 1305 792 1357 quae
807 1286 836 1342 in
846 1285 1022 1362 dogmatibus
1031 1286 1205 1344 vindicandis
1220 1287 1352 1354 habetur3

269 1385 319 1442 sed
333 1404 384 1460 pro
406 1403 500 1442 rerum
520 1383 614 1441 indole
634 1384 856 1442 verosimilitudo
877 1385 906 1442 in
926 1386 1054 1461 plurimis
1077 1395 1182 1444 tanurm
1204 1384 1355 1458 quaerenda

266 1479 342 1542 erit.¹

307 1589 336 1640 2.
359 1582 408 1639 Ex
422 1581 522 1639 iisdem
537 1582 638 1654 quibus
653 1581 784 1658 dogmata
795 1581 918 1639 fontibus
927 1601 1038 1640 morum
1052 1583 1191 1658 principia
1203 1593 1350 1640 emanant:

267 1700 334 1738 nam
348 1681 493 1756 Scriptura
505 1680 645 1756 imprimis
659 1681 844 1746 continentur,
855 1680 1055 1738 etTraditione
1070 1681 1256 1750 innotescunt,
1271 1682 1351 1758 cujus

267 1789 449 1838 monumenta
461 1780 595 1856 praeclara
607 1780 637 1836 in
650 1787 810 1836 sanctorum
824 1788 933 1853 patrum
948 1781 1058 1854 scriptis
1076 1779 1220 1838 habentur.
1263 1780 1353 1852 Equi·

267 1879 332 1936 dem
347 1888 473 1936 veterum
487 1879 591 1953 scripta
603 1897 660 1936 non
674 1877 809 1934 exhibent
822 1879 1060 1936 accuratissimam
1077 1878 1150 1934 hanc
1171 1888 1199 1934 et
1219 1878 1352 1937 fusiorem

267 1977 423 2053 disciplina*
437 1979 584 2042 rationem,
600 1995 655 2046 qua
668 1994 779 2031 morum
801 1976 940 2050 principia
959 1977 1130 2033 enucleatius
1154 1978 1283 2052 exposita
1297 1979 1352 2034 sin·

267 2076 341 2151 gulis
355 2075 404 2146 qui
418 2073 522 2131 indies
536 2081 685 2131 occurrunt
708 2090 789 2128 casus
814 2072 1078 2143 accommodanur13
1101 2094 1166 2133 nam
1187 2077 1352 2151 plerumque

267 2174 354 2230 sacris
378 2172 559 2229 concionibus
583 2172 697 2228 virtutes
721 2170 963 2239 commendabant,
989 2182 1016 2229 et
1042 2174 1162 2231 invitia
1185 2174 1352 2232 inveheban-

268 2281 320 2338 tur,
344 2280 371 2328 et
390 2271 519 2346 privatim
533 2271 619 2327 veluti
641 2289 692 2345 per
711 2289 811 2327 manus
830 2269 973 2327 tradebant
991 2273 1107 2348 regendi
1134 2274 1241 2329 animas
1256 2281 1351 2330 artem.

268 2372 400 2429 Attamen
426 2370 456 2426 in
483 2368 660 2437 Tertulliani,
686 2368 836 2444 Cypriani,
862 2367 1073 2446 Chrysostcmi,
1101 2371 1252 2446 Augustini
1285 2371 1352 2428 alio-

268 2488 387 2542 rumque
412 2469 523 2545 scriptis
547 2469 722 2543 reperiuntur
749 2467 863 2539 quidam
891 2487 973 2526 casus
1001 2471 1165 2546 singulares,
1198 2469 1227 2525 in
1251 2471 1353 2541 quibus

268 2568 335 2642 quid
361 2569 444 2626 liceat
469 2567 655 2643 disceptatur:
686 2577 714 2624 et
742 2585 853 2624 morum
874 2569 1012 2645 principia
1031 2569 1136 2643 optime
1163 2576 1351 2643 exponuntur,

268 2687 330 2742 quae
361 2685 412 2724 sua
437 2667 563 2724 fecerunt
596 2667 645 2738 qui
671 2667 805 2741 deinceps
835 2686 946 2725 mamm
978 2667 1153 2741 disciplinam
1184 2665 1352 2724 Scholarum

267 2765 399 2824 methodo
423 2775 580 2823 tractamnt.
634 2766 730 2824 Glaret
753 2785 810 2841 prae
834 2767 964 2824 omnibus
996 2766 1040 2822 sui
1064 2766 1117 2822 aevi
1140 2764 1246 2822 ethices
1265 2766 1378 2844 chris·¹

267 2867 347 2922 tianae
373 2867 523 2923 cultoribus
555 2866 586 2921 S.
612 2867 741 2922 Thomas
770 2866 907 2935 AquinaS,
941 2883 1026 2934 quem
1056 2883 1113 2921 non
1144 2862 1291 2930 imrneritd,
1317 2865 1353 2921 ob

268 2965 374 3039 ingenii
401 2964 562 3030 claritatem,
588 2964 755 3021 Scholarum
782 2962 924 3037 Angelum
960 2960 1091 3019 dixerunt
1117 2964 1238 3038 posteri:
1270 2963 1351 3039 cujus

267 3062 371 3138 scripta
384 3063 563 3138 purissimam
577 3063 840 3133 sanctissimamque
854 3058 1032 3136 disciplinam
1054 3072 1181 3119 accurate
1195 3071 1223 3118 et
1236 3061 1352 3119 feliciter

267 3160 424 3235 explicant:
456 3180 518 3233 quae
540 3161 645 3218 idcirco
667 3161 766 3217 diurna
785 3169 977 3231 noctumaque
1004 3162 1177 3218 versavimus
1204 3179 1299 3227 mauu,
1323 3167 1354 3215 ut

267 3267 343 3316 tanto
357 3259 480 3327 ductore,
495 3259 635 3317 inoffenso
649 3259 830 3317 decurramus
847 3258 919 3333 pede
933 3259 962 3315 iu
976 3260 1076 3316 semita
1095 3259 1148 3316 hac
1162 3260 1228 3315 satis
1243 3277 1351 3334 aspera.

267 3356 411 3429 Equidem
425 3378 462 3415 ex
476 3376 533 3431 quo
553 3359 678 3435 theologi
699 3368 852 3432 coeperunt
871 3356 1050 3431 disciplinam
1070 3375 1181 3414 morum
1202 3357 1271 3414 adeo
1292 3356 1353 3414 dili·

266 3466 363 3532 genter
376 3457 518 3532 persequi,
533 3458 659 3533 contigit,
682 3455 758 3529 quod
777 3456 933 3513 timendum
954 3464 1021 3523 erat,
1036 3455 1160 3512 humano
1182 3456 1297 3531 ingenio
1317 3473 1353 3511 ex

265 3556 348 3612 certis
375 3557 521 3632 principiis
543 3556 687 3613 ratiocinia
707 3554 807 3612 adres
827 3554 1029 3612 remotissimas
1044 3554 1121 3610 tenui
1133 3553 1280 3611 deducenti
1294 3554 1353 3620 filo,

265 3671 388 3709 errorem
403 3653 552 3723 aliquando
566 3673 618 3727 pro
632 3655 745 3710 veritate
759 3654 865 3708 haberi.
908 3653 954 3710 Ea
975 3663 1040 3709 tunc
1060 3662 1199 3710 rectorum
1213 3653 1351 3710 Ecclesiae

266 3749 424 3816 solicitudo,
444 3769 506 3821 quae
522 3750 551 3808 in
564 3749 631 3806 fidei
644 3750 799 3825 integritate
814 3749 916 3806 tuenda
937 3751 1015 3808 omni
1036 3752 1134 3808 claruit
1153 3771 1224 3820 aevo,
1240 3752 1354 3809 emicuit

297 3959 339 4023 (l)
360 3964 374 3988 “
383 3957 414 4008 ln
425 3958 502 4008 moral
514 3957 596 4018 things
607 3955 674 4005 there
685 3962 775 4004 cannot
786 3954 917 4021 ordinarily
930 3957 959 4004 be
976 3972 991 4006 a
1008 3957 1194 4008 demonstrative
1215 3972 1242 4006 or
1261 3957 1352 4006 mathe·

265 4044 363 4094 matical
374 4044 491 4107 certainty
502 4061 509 4103 ;
527 4042 574 4092 and
587 4043 613 4092 in
626 4041 737 4106 morality
750 4057 788 4090 we
799 4041 846 4091 cell
857 4042 910 4091 that
921 4042 1019 4102 semein,
1028 4042 1081 4092 that
1088 4043 1117 4101 is,
1128 4060 1144 4092 a
1155 4043 1225 4104 thing
1236 4050 1262 4092 to
1273 4044 1303 4091 be
1312 4042 1355 4090 lol-
1419 4099 1422 4106 y

268 4128 346 4178 lowed
359 4129 407 4178 and
418 4128 517 4186 choran,
535 4127 616 4176 which
639 4127 777 4176 ostentimes
793 4126 815 4175 is
832 4127 876 4176 but
892 4141 949 4190 very
970 4127 1057 4191 highly
1069 4128 1197 4192 probable;
1215 4127 1264 4176 and
1281 4142 1355 4189 many

265 4212 350 4275 things
360 4213 392 4262 do
403 4220 448 4264 not
458 4212 533 4262 attaiu
546 4212 599 4261 that
620 4211 719 4273 degree;
743 4212 799 4271 eud,
811 4211 937 4272 therefore,
949 4212 1051 4262 because
1071 4211 1091 4260 it
1109 4211 1131 4260 is
1151 4227 1209 4276 very
1221 4211 1289 4260 often
1308 4211 1353 4260 im·

262 4297 375 4363 possible,
393 4298 412 4347 it
432 4298 453 4347 is
473 4296 590 4360 certainly
602 4304 647 4344 not
666 4311 794 4360 necessary
806 4296 858 4346 that
869 4296 910 4347 tbe
922 4296 998 4345 direct
1004 4295 1136 4361 judgment
1147 4293 1235 4343 should
1256 4295 1286 4343 be
1297 4309 1353 4343 sure

263 4383 312 4434 and
324 4383 422 4432 evident
439 4381 465 4431 in
485 4381 516 4430 all
534 4378 624 4429 cases.”
660 4379 777 4430 Jeramiaa
794 4381 894 4446 Taylor,
905 4381 1044 4446 Episcopus
1063 4379 1224 4440 Anglicanus,
1235 4378 1262 4428 iu
1281 4393 1352 4442 opere

261 4468 349 4518 Murali
361 4467 424 4518 dicto
436 4466 530 4516 Ductor
542 4464 720 4523 Dubitantium,
733 4465 771 4514 ch.
780 4465 804 4514 it
815 4482 839 4530 p.
852 4468 892 4514 39.
927 4465 1040 4523 London,
1055 4463 1126 4512 1660.
