3068 5256
449 449 507 508 DE
530 449 694 516 QUINTO
715 447 968 512 PRAEGEPTO.
1201 460 1254 514 lar

167 621 339 697 privatorum
355 618 440 677 vitio:
463 613 541 688 quod
554 613 706 674 dicendum
720 613 887 672 omninode
901 615 1022 675 Henrici
1035 615 1090 674 111.
1099 627 1129 675 et
1139 617 1260 679 lienrici

167 719 222 777 IV.
237 717 311 796 apud
331 715 432 774 Gallos
452 713 657 775 intersectione.
699 714 748 772 Ex
770 715 872 772 animis
893 715 986 773 surore
1005 715 1126 775 fanatico
1139 719 1184 776 vel
1197 720 1261 778 inti·

168 818 278 876 delitate
300 815 435 882 efferatis,
451 813 558 872 Carolo
572 811 596 870 1.
616 813 775 890 Anglorum
796 823 825 870 et
842 812 991 874 Ludovico
1010 815 1093 874 xvl.
1111 817 1259 878 Gallorum

166 917 290 993 regibus,
304 933 382 976 more
403 913 521 990 condgit
539 912 662 972 infanda.
704 911 851 985 Equidem
877 933 936 972 non
961 914 1114 972 diffitemur
1135 917 1259 991 aliquem

167 1015 316 1074 tradidisse
323 1014 409 1074 licere
422 1014 584 1072 invasorem
596 1013 688 1088 regni,
703 1013 750 1070 cui
763 1012 841 1070 nulla
854 1012 1100 1092 suffragamrjuris
1109 1018 1230 1092 species,
1243 1037 1261 1078 e

168 1113 261 1174 medio
276 1113 373 1172 tollere
387 1123 419 1170 ut
431 1113 527 1190 patrie
549 1129 694 1188 oppressae
717 1112 923 1180 subveniretur,
945 1113 995 1187 qui
1015 1123 1109 1172 tarnen
1130 1115 1264 1178 dixerunt

141 1201 155 1226 ⁸
170 1213 391 1272 “necessarium
404 1229 479 1279 esso,
493 1220 524 1271 ut
537 1220 646 1269 constet
666 1211 747 1270 illum
769 1229 832 1269 esse
856 1212 994 1289 injustum
1016 1213 1186 1274 invasorem.
1228 1219 1262 1276 ei

168 1314 244 1376 enim
259 1311 375 1384 aliquod
387 1311 531 1387 probabile
540 1312 589 1387 jus
608 1311 702 1378 habet,
717 1331 775 1369 non
795 1319 926 1370 censetur
944 1321 1090 1388 tyrannus,
1107 1313 1183 1372 unde
1204 1335 1262 1375 uon

169 1413 235 1470 licet
247 1405 455 1470 interficere.”¹
496 1409 541 1468 De
556 1429 623 1486 rege
636 1411 776 1487 legitimo,
791 1412 872 1488 cujus
893 1419 1017 1486 potestas
1040 1413 1069 1470 in
1083 1413 1263 1489 tyrannidem

171 1510 285 1579 desinit,
299 1510 368 1568 alias
381 1509 473 1576 docet,
487 1509 542 1567 nisi
562 1511 591 1567 in
614 1509 747 1586 legitimis
768 1511 927 1586 reipublice
941 1509 1063 1568 comidis
1078 1512 1163 1570 fuerit
1174 1531 1264 1592 regno

172 1610 331 1686 depositus,
352 1619 380 1666 et
398 1608 487 1666 hostis
510 1609 605 1684 patriae
627 1608 793 1676 declaratus,
814 1612 863 1682 qui
882 1609 992 1668 scilicet
1010 1612 1104 1688 pergit
1116 1612 1170 1670 sibi
1183 1616 1264 1692 regni

167 1711 238 1788 jura
250 1726 396 1784 usurpare,
410 1717 438 1764 et
449 1708 615 1768 conculcare
635 1709 729 1766 cives:
752 1708 862 1768 “Adde
883 1709 908 1766 si
930 1718 1036 1768 tannim
1051 1723 1200 1770 excrescat
1221 1722 1264 1789 ty·

172 1807 303 1876 tannis,'’
317 1807 411 1880 inquit
429 1806 559 1876 licerius,
581 1816 719 1866 “utnon
738 1808 865 1866 videatur
883 1809 1005 1882 amplius
1028 1809 1191 1878 tolerabilia,
1211 1829 1264 1869 nec

172 1909 263 1968 ullum
286 1906 361 1966 aliud
382 1905 540 1964 remedium
563 1909 695 1983 supersit,
717 1909 842 1982 primum
865 1927 881 1964 a
902 1901 1056 1983 republica,
1079 1909 1124 1966 vel
1143 1910 1265 1967 comitiis

173 2009 264 2084 regni,
278 2006 323 2064 vel
336 2007 390 2064 alio
404 2006 527 2064 habente
541 2008 742 2076 auctoritatem,
757 2025 821 2064 esse
840 2005 1039 2084 deponendum
1053 2017 1082 2065 et
1094 2008 1205 2066 hostem
1219 2007 1267 2066 de·

174 2105 346 2173 clarandum,
360 2115 391 2162 ut
404 2106 434 2162 in
447 2106 539 2182 ipsius
553 2125 704 2182 personam
720 2106 802 2164 liceat
821 2105 975 2180 quidquam
995 2117 1137 2167 attentare.
1180 2108 1265 2166 Tunc

174 2207 250 2264 enirn
263 2205 368 2264 desinit
381 2223 446 2262 esse
459 2198 644 2282 princeps.”²
684 2205 757 2264 Haec
770 2216 865 2264 tamen
886 2207 989 2283 placita
1006 2217 1103 2266 nostra
1115 2227 1174 2266 non
1195 2207 1262 2265 iaci·

173 2325 245 2364 mus.

545 2522 643 2599 §VIL
677 2521 725 2580 Du
746 2520 883 2581 Duanuo.

220 2693 287 2748 136.
309 2686 454 2746 Dnellum
467 2688 567 2748 dicitur
580 2689 701 2748 duorum
713 2690 829 2756 bellum,
849 2709 899 2746 seu
919 2699 1060 2748 certarnen
1081 2709 1119 2746 ex
1137 2689 1268 2748 condicto

176 2789 292 2848 sactum.
336 2787 444 2846 Mediis
470 2790 579 2848 saeoulis
605 2789 769 2847 innocentia
790 2789 834 2845 vel
864 2789 957 2846 scelus
980 2789 1100 2865 alicujus
1120 2806 1156 2846 ex
1182 2787 1269 2848 duelli

175 2899 277 2946 eventu
292 2887 506 2965 dijudicabatur,
521 2889 665 2965 plerisque
679 2907 758 2946 vanae
772 2887 926 2948 credulitati
940 2887 1161 2965 indulgentibus,
1173 2887 1267 2948 Deum

177 2989 322 3048 innocenti
342 2989 479 3064 pugnanti
498 2988 669 3056 adfuturum,
684 3007 719 3046 ne
741 2989 952 3048 interdiceretur.
995 2989 1201 3066 Superstitione
1216 2988 1269 3047 hac

173 3088 231 3162 jam
245 3106 378 3154 excussa,
394 3087 510 3144 honoris
524 3088 656 3163 specioso
669 3089 785 3146 nornine
798 3089 927 3164 plerique
937 3091 1099 3148 certaminis
1113 3090 1167 3150 hoc
1178 3108 1269 3167 genus

177 3185 371 3245 detestandum
385 3196 531 3244 excusant.
574 3185 696 3246 dictum
707 3187 840 3246 duellum
851 3189 980 3246 nonnulli
995 3190 1221 3265 putabantlicere
1235 3188 1268 3244 a‘¹

179 3286 318 3345 vitandam
332 3286 500 3346 infamiam:
517 3305 616 3344 eorum
630 3296 723 3346 tamen
738 3289 905 3346 sententiam
915 3289 1013 3364 rejecit
1023 3287 1162 3346 Clemens
1171 3281 1271 3346 v111.³

175 3387 296 3444 vetando
316 3385 411 3444 duella
433 3388 519 3444 etiarn
541 3405 599 3444 non
622 3387 724 3446 fatalia.
767 3387 807 3445 Et
825 3407 855 3444 re
878 3387 993 3459 quidem
1008 3406 1074 3444 vera
1087 3386 1225 3462 fingentes
1240 3405 1271 3442 se

177 3485 312 3562 singulari
327 3486 483 3544 certamine
497 3505 625 3562 pugnare
639 3487 701 3544 aliia
715 3496 782 3561 sunt
794 3485 937 3552 scandalo,
948 3485 1015 3540 dum
1024 3502 1139 3565 pravam
1153 3501 1273 3542 consue·

177 3583 307 3642 tudinem
321 3603 373 3642 suo
385 3586 520 3661 exemplo
531 3585 654 3642 firmant.

221 3687 287 3742 137.
310 3684 417 3742 Verum
437 3685 564 3742 duellum
577 3683 730 3758 aliquando
748 3685 833 3742 licere
854 3703 890 3742 ex
913 3682 1025 3760 publica
1045 3684 1216 3752 auctoritate,
1236 3685 1273 3742 ob

179 3802 292 3842 causant
307 3785 463 3861 publicam,
479 3785 515 3842 ad
529 3785 634 3842 bellum
649 3787 769 3842 duorum
783 3785 945 3842 discrimine
959 3783 1162 3852 definiendum,
1177 3783 1274 3840 existi·

177 3895 254 3940 mant
267 3883 411 3952 nonnulli,
427 3884 547 3942 Davidis
571 3885 710 3962 singulari
732 3885 885 3944 certamine
906 3903 971 3942 cum
992 3882 1106 3940 Goliath
1128 3880 1273 3957 congressi

182 3984 315 4059 exemplo
329 3983 415 4042 moti:
436 3983 622 4062 licetquippe
636 3985 778 4044 sormnarn
791 3983 858 4042 belli
881 3981 946 4040 inde
970 3981 1105 4056 experiri,
1125 3999 1213 4054 quurn
1231 3981 1273 4038 sie

346 4211 358 4274 (
365 4211 389 4275 l)
405 4207 512 4271 Lessius,
525 4210 555 4260 de
564 4209 661 4276 justitia
672 4209 766 4274 etjam,
780 4210 793 4266 ᾖ
807 4205 831 4256 ii.
843 4221 864 4255 c.
876 4205 909 4254 ir.
921 4204 977 4254 dub,
989 4204 1021 4254 iv.
1033 4221 1051 4254 n
1065 4207 1088 4252 9.

351 4297 392 4362 (2)
407 4297 508 4356 Ibidem,
520 4313 544 4346 n.
559 4300 596 4344 12.

348 4383 390 4446 (3)
404 4381 433 4430 In
446 4381 531 4432 Const.
543 4380 617 4433 Illius
629 4380 700 4430 eirea

264 4485 349 4546 Von.
370 4486 479 4549 1-12
