3146 5266
289 508 327 560 24
661 499 717 558 DE
740 498 1017 558 IGNORANTIA.

291 659 482 732 advenat‚1in
495 681 609 738 poenam
623 663 731 720 scilicet
742 665 845 739 prioris
859 662 954 721 delicti
975 665 1007 720 fit
1028 674 1059 722 ut
1079 683 1138 722 non
1151 665 1274 722 advertat
1288 677 1380 725 actum

290 783 352 823 esse
366 763 556 821 inhonestum.
600 761 650 818 Sic
663 762 788 820 haeretici
801 763 923 839 plurima
935 763 1041 820 iaciunt
1051 763 1225 835 quibusfidei
1235 766 1379 823 catholicae

290 864 403 920 obviam
416 869 490 929 eant,
505 861 546 919 nil
559 860 716 919 dubitantes
728 880 758 917 se
772 862 836 919 Deo
847 863 1015 934 obsequium
1028 871 1179 938 praestare:
1202 883 1273 936 quos
1288 874 1380 922 tamen

290 962 422 1036 superbia
436 969 463 1016 et
475 960 624 1018 utilitatum
638 978 750 1017 suarum
774 959 867 1018 studio
886 962 1016 1036 abreptos
1040 971 1158 1036 arguunt
1178 961 1303 1044 tlreqlogi
1316 981 1380 1038 pec·

291 1062 354 1128 cati,
370 1070 428 1118 tum
442 1060 470 1116 in
486 1077 581 1126 causa,
597 1066 655 1114 tum
675 1059 705 1116 in
728 1061 810 1122 rebus
833 1058 953 1134 singulis
977 1078 1046 1131 quas
1069 1068 1166 1116 contra
1187 1061 1332 1118 veritatem
1355 1073 1381 1116 et

290 1161 423 1235 pietatem
437 1176 473 1214 ex
487 1156 651 1234 praejudicio
664 1156 779 1215 faciunt.
824 1159 873 1214 Sic
887 1169 914 1214 et
927 1167 1088 1233 peccatores
1102 1158 1150 1215 alii
1160 1160 1209 1231 qui
1222 1158 1379 1235 cupiditati·

290 1259 342 1314 bus
356 1256 404 1314 diu
418 1255 604 1323 indulserunt,
619 1255 665 1312 vel
678 1257 726 1326 qui
741 1258 790 1314 toti
804 1257 915 1314 inhiant
925 1256 1040 1324 divitiis,
1050 1257 1172 1332 plurima
1181 1267 1268 1334 agunt
1278 1258 1379 1324 divinae

289 1355 346 1430 legi
370 1354 496 1422 adversa,
520 1355 562 1412 nil
584 1355 761 1429 suspicantes
783 1356 937 1413 inhonesti.
981 1354 1125 1428 Equidem
1148 1355 1248 1415 durum
1272 1357 1380 1415 videtur

290 1472 414 1509 asserere
428 1471 570 1526 quemque
594 1471 721 1528 peccare,
736 1453 803 1511 dum
826 1454 996 1511 deliberante
1018 1455 1126 1512 ratione
1148 1455 1254 1514 nullam
1278 1455 1381 1530 detegit

290 1553 397 1626 peccati
412 1553 538 1626 speciem
551 1550 715 1622 nullumque
730 1552 897 1627 perieulum,
922 1562 949 1608 et
962 1554 1096 1627 probante
1116 1555 1291 1612 conscientia
1303 1555 1379 1628 agit:

290 1650 340 1705 sed
353 1649 501 1708 indubium
516 1659 559 1707 cst
580 1649 784 1723 negligentiam
808 1650 973 1708 addiscendi
996 1661 1024 1707 et
1047 1652 1233 1727 cupiditatum
1253 1652 1379 1709 studium

290 1766 353 1804 esse
367 1759 494 1824 peccata,
510 1759 538 1805 et
550 1747 673 1824 plurima
686 1766 785 1806 secum
811 1749 930 1816 trahere,
946 1768 1008 1821 quae
1032 1751 1061 1808 in
1075 1769 1160 1808 cansa
1172 1751 1272 1808 saltem
1287 1753 1379 1826 impu·

290 1855 390 1904 tantur.
434 1848 493 1913 Qui
515 1849 614 1906 munia
636 1845 783 1922 religionis
807 1850 905 1906 omisit
927 1847 1036 1906 discere
1046 1852 1173 1926 juvenis,
1189 1852 1295 1926 saepius
1309 1869 1379 1926 prae·

289 1957 371 2023 cepta
384 1947 526 2006 Ecclesia
540 1947 668 2024 negligit,
684 1947 729 2004 vel
743 1948 839 2015 violat,
855 1948 895 2006 nil
919 1948 973 2004 sibi
996 1951 1141 2016 conscius,
1157 1951 1207 2022 qui
1222 1949 1330 2008 idcirco
1343 1948 1378 2004 ad

289 2047 392 2104 bonam
406 2046 518 2121 srngem
531 2046 662 2102 redactus
676 2043 759 2102 debet
772 2045 807 2102 de
821 2048 996 2122 negligentia
1013 2047 1180 2106 addiscendi
1194 2043 1301 2116 dolere,
1318 2066 1378 2121 qua

288 2153 329 2200 tot
342 2161 431 2201 annos
445 2145 475 2202 in
489 2162 574 2201 causa
586 2143 640 2200 fuit
652 2161 703 2200 cur
716 2147 940 2220 praetermitteret
952 2145 1075 2221 plurima
1087 2147 1181 2205 officia
1194 2151 1318 2224 pietatis,
1331 2145 1380 2202 sed

287 2251 471 2302 rrcnconstat
492 2261 560 2300 eum
583 2243 673 2300 teneri
687 2243 721 2300 ad
744 2245 872 2320 singulos
897 2256 974 2303 actus
998 2245 1188 2305 recensendos
1212 2249 1261 2318 qui
1285 2266 1322 2304 ex
1345 2263 1380 2300 eo

289 2344 381 2417 capite
396 2341 604 2419 profluxerunt.
646 2342 693 2400 Ad
714 2341 802 2400 fidem
824 2363 980 2402 conversus
994 2363 1051 2402 non
1065 2354 1108 2400 est
1130 2345 1276 2421 cogendus
1299 2344 1335 2401 ad
1348 2363 1381 2400 ea

288 2441 402 2516 singula
414 2440 563 2499 reserenda
575 2460 639 2513 quae
653 2442 751 2499 omisit
764 2443 810 2499 vel
823 2443 899 2510 fecit,
914 2444 1042 2510 bona‚'ut
1056 2444 1143 2510 aiunt,
1158 2443 1224 2509 fide,
1246 2445 1380 2518 quamvis

288 2559 325 2597 ex
339 2541 501 2616 ignorantia
514 2540 609 2598 forsan
623 2559 686 2614 quae
700 2543 778 2600 vinci
797 2543 937 2618 potuerit:
961 2559 1018 2598 non
1032 2543 1108 2598 enim
1130 2540 1218 2612 liquet
1232 2558 1266 2597 ea
1286 2541 1378 2597 luisse

288 2647 415 2716 peccata,
429 2638 497 2698 licet
510 2657 547 2697 ex
560 2640 720 2716 ignorantia
733 2640 874 2718 culpanda
895 2652 963 2697 orta.
1006 2640 1253 2711 Quotiescumque
1268 2641 1336 2711 quis
1350 2642 1379 2696 in

289 2758 375 2798 causa
397 2739 516 2798 advertit
537 2738 672 2798 effectum
696 2750 868 2806 secuturum,
892 2739 927 2798 ad
949 2759 1014 2797 eum
1038 2738 1237 2798 declarandum
1258 2749 1379 2804 tenetur,

288 2859 354 2898 nam
370 2858 437 2897 cum
451 2841 594 2898 voluntate
609 2861 661 2898 sua
675 2840 825 2915 amplexus
849 2850 907 2896 est:
930 2842 972 2897 sic
996 2841 1019 2897 si
1044 2839 1193 2898 adverterit
1205 2840 1301 2914 reipsa
1314 2857 1380 2913 pec·

289 2936 373 2994 candi
387 2935 557 3011 periculum,
571 2936 618 2992 vel
632 2937 782 3007 aliqualem
796 2935 925 2992 habuerit
937 2937 998 3011 ejus
1019 2939 1148 2996 notitiam
1161 2936 1207 2994 vel
1221 2939 1380 3012 suspicion-

288 3053 345 3100 em,
361 3033 472 3109 peccati
486 3032 646 3108 arguendus
660 3044 712 3099 est,
727 3050 781 3089 nec
795 3033 872 3088 enim
886 3042 997 3108 oportet
1007 3043 1038 3090 ut
1047 3036 1133 3112 plena
1141 3045 1171 3094 et
1180 3046 1257 3093 certa
1265 3036 1379 3094 malitiae

289 3133 387 3191 notitia
401 3133 437 3188 sit
449 3131 485 3188 ad
498 3140 645 3208 peccatum
659 3129 861 3190 inducendum.

391 3296 432 3363 (3)
452 3297 516 3347 Vide
527 3297 608 3361 Bailly
620 3297 702 3348 Traot.
715 3297 745 3347 dc
758 3298 850 3348 cotibus
861 3297 985 3358 humanis,
997 3316 1017 3349 c.
1030 3301 1061 3348 iv.
1073 3316 1140 3365 prop.
1152 3300 1183 3349 iv.
1193 3317 1233 3364 qu.
1246 3302 1262 3348 i.
