3068 5256
485 470 541 528 DE
563 467 735 534 QUARTO
757 469 1009 530 PRAEGEPTO.
1172 471 1184 496 ⁶
1257 483 1295 541 99

200 639 275 696 euim
288 643 419 713 parentes
432 635 521 692 nostri
534 653 586 690 nos
600 645 755 709 provocent
768 635 803 694 ad
822 636 1008 711 peccandum,
1028 645 1057 694 et
1068 639 1229 698 abstrahant
1241 662 1293 701 nos

200 725 216 792 'a
228 737 302 793 cultu
316 735 424 800 divina,
439 733 585 800 debemus,
600 743 735 805 quantum
748 734 861 801 adhoc,
876 753 926 792 eos
945 735 1072 793 deserere
1086 745 1114 794 et
1126 733 1253 796 odire.”¹

237 840 285 892 90.
309 833 507 892 Obediendum
520 850 584 887 esse
598 834 758 908 parentibus
771 852 808 890 ex
822 831 978 892 honorandi
991 853 1040 892 eos
1054 847 1195 911 praecepto
1208 839 1292 915 plane

198 935 334 1006 sequitur,
349 940 520 1006 quapropter
530 931 748 988 Ecclesiasticus
762 931 847 988 dicit:
871 933 960 998 “Qui
974 934 1053 990 timet
1065 934 1161 992 Deum
1171 935 1292 995 honorat

198 1043 317 1107 patrem,
332 1041 360 1087 et
372 1031 453 1101 quasi
465 1031 588 1087 dominis
602 1032 689 1087 servit
708 1031 752 1086 his
773 1031 823 1102 qui
841 1049 871 1089 se
892 1025 1096 1107 genuemnt.”²
1136 1033 1292 1110 Apostolus

198 1133 282 1188 etiam
296 1130 352 1186 ait:
376 1137 395 1163 “
407 1129 485 1196 Filii,
498 1128 608 1186 obedite
622 1131 784 1206 parentibus
798 1131 897 1186 vestris
911 1132 942 1188 in
955 1131 1091 1188 Domino.
1134 1130 1200 1190 Hoc
1214 1135 1291 1192 enim

195 1232 303 1306 justum
317 1221 416 1284 est:''³
436 1227 514 1299 quod
526 1229 640 1285 recitato
660 1238 801 1304 praecepto
822 1231 928 1304 probat.
971 1230 1051 1286 alias
1071 1230 1158 1288 dicit:
1180 1217 1200 1267 *ἶ
1211 1233 1289 1303 Filii,

199 1328 309 1386 obedite
323 1328 485 1401 parentibus
500 1345 550 1402 per
564 1328 677 1384 omnia:
699 1327 754 1383 hoc
774 1329 850 1383 enim
870 1327 1005 1402 placitum
1018 1330 1103 1386 estin
1116 1327 1292 1390 Domino.’'⁴

199 1428 232 1484 In
246 1426 378 1484 omnibus
393 1444 455 1497 quae
468 1427 610 1500 pertinent
622 1425 657 1481 ad
670 1425 854 1482 domesticam
868 1424 1058 1502 disciplinam,
1072 1435 1100 1482 et
1112 1439 1218 1486 rectam
1231 1447 1290 1486 mo·

198 1545 260 1582 rum
273 1524 477 1580 institutionem
493 1525 576 1600 juxta
588 1523 713 1580 divinam
725 1524 818 1598 legem
838 1525 889 1581 filii
903 1525 1016 1582 obedire
1030 1525 1150 1583 debent:
1172 1546 1230 1585 non
1244 1547 1291 1584 au-

201 1633 259 1678 tem
273 1621 383 1692 quoties
402 1621 507 1692 aliquid
521 1630 618 1679 contra
637 1622 694 1679 Dei
716 1623 809 1697 legem
829 1625 999 1700 praecipitur,
1021 1625 1128 1700 quippe
1149 1625 1293 1685 “obedire

202 1729 313 1796 oportet
326 1719 389 1776 Deo
402 1721 491 1795 magis
506 1740 591 1792 quam
607 1721 770 1778 hominibus
783 1713 830 1777 :”⁵
851 1730 869 1756 ‘⁴
882 1731 991 1779 tenetur
1003 1723 1234 1782 obedire-filius
1248 1745 1295 1800 pa·

201 1819 235 1877 tri
249 1820 278 1876 in
292 1821 337 1876 his
352 1837 415 1890 quae
428 1821 571 1894 pertinent
584 1820 619 1876 ad
639 1820 819 1894 disciplinam
832 1820 895 1876 vitae
909 1831 937 1876 et
953 1839 1049 1877 curam
1063 1817 1296 1880 domesticam.'’⁶

201 1927 220 1954 “
233 1917 304 1976 Non
316 1919 536 1976 tenentur—filii
546 1921 708 1994 parentibus
722 1917 846 1983 obedire,
858 1917 893 1974 de
903 1919 1083 1977 matrimonio
1094 1919 1294 1988 contrahendo,

201 2016 247 2074 vel
260 2018 418 2092 virginitate
432 2017 579 2086 servanda,
594 2028 641 2074 aut
654 2019 749 2089 aliquo
763 2018 817 2073 alio
830 2011 1046 2094 hujusmodi.”⁷

240 2120 288 2174 91.
311 2117 377 2174 Filii
391 2119 476 2192 igitur
489 2135 546 2173 non
560 2126 678 2192 peccant
697 2125 844 2191 parentum
864 2117 1035 2174 voluntatem
1049 2118 1095 2175 vel
1108 2127 1248 2193 praecepta
1261 2117 1296 2174 de

199 2224 285 2274 status
301 2217 364 2274 vitae
375 2216 512 2273 electione
526 2215 706 2292 negligendo,
721 2217 832 2287 quoties
845 2233 875 2270 re
889 2235 984 2272 coram
997 2217 1062 2273 Deo
1073 2235 1222 2292 perpensa,
1234 2233 1297 2272 earn

200 2317 263 2372 vitae
276 2317 416 2373 rationem
429 2315 538 2390 eligunt
557 2333 643 2386 quarn
663 2314 716 2370 sibi
736 2315 899 2371 existimant
917 2314 953 2370 ad
972 2315 1089 2372 salutem
1110 2315 1295 2391 profuturam.

201 2415 231 2470 N
234 2433 271 2472 on
284 2423 404 2490 peccant
416 2415 514 2471 munia
532 2414 691 2470 necessaria
711 2414 855 2489 religionis
875 2414 1018 2490 explendo
1038 2423 1133 2471 eontra
1147 2424 1296 2491 parentum

200 2515 337 2570 vetitum:
359 2532 425 2569 narn
446 2513 539 2584 quoad
559 2531 592 2568 ea
612 2514 707 2569 omnia
720 2531 783 2584 quae
804 2511 839 2568 ad
859 2513 977 2570 salutem
994 2515 1144 2588 pertinent,
1167 2522 1186 2548 ‘⁶
1198 2514 1298 2570 imme·

202 2611 276 2668 diate
300 2611 455 2668 subduntur
476 2611 551 2679 Deo,
576 2631 593 2666 a
615 2630 672 2683 quo
695 2613 869 2668 instruuntur
887 2631 938 2686 per
957 2612 1051 2688 legem
1074 2612 1238 2675 naturalem,
1253 2610 1299 2666 vel

204 2704 388 2784 scriptam.”⁸
429 2707 505 2765 Hine
517 2719 637 2785 possunt
655 2719 683 2764 et
702 2709 805 2766 debent
816 2709 991 2783 baptismum
1005 2718 1110 2784 petere,
1131 2717 1160 2763 et
1173 2707 1227 2761 alia
1240 2726 1299 2764 sac·

204 2816 341 2874 ramenta,
356 2815 384 2862 et
396 2805 479 2864 fidem
492 2810 625 2883 profiteri,
639 2808 707 2864 lieet
719 2807 843 2863 districte
858 2805 886 2864 id
900 2806 1069 2882 prohibeant
1091 2813 1232 2880 parentes.
1264 2805 1298 2862 ln

202 2907 286 2962 rebus
301 2915 395 2962 autem
409 2924 470 2976 quae
490 2907 731 2983 dispensationem
752 2905 910 2972 admittunt,
933 2915 1045 2981 praestat
1064 2903 1216 2977 aliquando
1238 2923 1301 2962 eam

205 3005 360 3080 elegitimo
375 3007 520 3080 superiore
533 3015 639 3081 petere,
654 3006 810 3081 praesertim
822 3006 849 3061 si
869 3005 962 3076 aliqua
981 3007 1051 3064 ratio
1065 3005 1192 3093 videatur
1205 3003 1300 3062 favere

205 3105 369 3178 parentibus
389 3104 572 3180 jubentibus:
594 3126 621 3161 v.
637 3124 673 3179 g:
696 3104 826 3161 valetudo
849 3105 970 3162 tiliarum
989 3105 1065 3162 haud
1084 3105 1175 3171 firma,
1197 3104 1299 3177 quibus

204 3221 239 3260 ne
253 3223 268 3258 a
281 3204 411 3259 carnibus
425 3220 457 3258 se
471 3204 629 3260 abstineant
641 3203 791 3277 prohibent
803 3212 943 3277 parentes.

244 3305 293 3358 92.
316 3300 423 3357 Contra
444 3302 642 3360 reverentiam
663 3310 762 3377 peccat
775 3303 895 3377 graviter
917 3301 992 3357 filius
1013 3302 1038 3357 si
1058 3301 1195 3376 percutiat
1213 3299 1298 3356 etiam

205 3399 303 3456 leviter
316 3409 457 3476 parentes,
472 3399 520 3458 vel
533 3420 660 3469 manum,
675 3401 844 3465 deliberante
859 3400 964 3465 animo,
979 3399 1015 3454 ad
1033 3397 1246 3474 percutiendum
1261 3405 1299 3452 at·

208 3498 303 3554 tollat:
325 3519 380 3570 qua
391 3518 421 3556 re
436 3500 569 3574 pietatem
590 3519 656 3576 erga
669 3507 800 3575 parentes
814 3497 910 3562 violat,
926 3504 1027 3569 praeter
1036 3494 1184 3570 justitiam.
1228 3493 1300 3549 Gra·

208 3595 279 3651 viter
291 3598 451 3654 contristare
474 3608 604 3674 parentes
625 3599 678 3654 atsi
698 3616 750 3673 per
768 3595 853 3653 verba
872 3593 973 3650 leviter
986 3590 1200 3659 contumeliosa,
1215 3609 1299 3668 grave

187 3717 188 3720 ¹
209 3693 325 3752 habetur
337 3705 499 3772 peccatum3
520 3706 595 3756 vetat
606 3698 684 3755 enim
699 3714 825 3754 amorne
845 3693 896 3751 tilii
910 3713 943 3750 ea
956 3693 1068 3762 faciant,
1083 3692 1128 3748 vel
1142 3690 1246 3759 dicant,
1265 3711 1302 3748 ex

209 3793 309 3864 quibus
323 3813 437 3871 gravem
452 3797 592 3854 tristitiam
605 3797 765 3873 parentibus
780 3796 913 3854 orituram
927 3793 1109 3870 praevideant.
1144 3791 1202 3856 Qui
1218 3789 1294 3847 male

244 4012 284 4074 (l)
304 4011 330 4059 S.
343 4011 454 4062 Thomas
463 4017 487 4061 2.
499 4017 545 4062 2sa.
557 4029 598 4076 qu.
612 4013 641 4061 ci.
655 4021 698 4062 art.
710 4012 740 4060 iv.
753 4011 789 4061 od
796 4011 924 4076 primum,
941 4008 1019 4057 citans
1032 4005 1180 4068 Gregorium
1191 4005 1227 4056 M.
1239 4005 1298 4054 hom

212 4095 305 4144 xxxvii.
317 4096 343 4145 in
354 4097 449 4160 Evang.

245 4181 287 4245 (2)
307 4182 375 4231 Eccl.
385 4182 419 4230 iii.
432 4183 455 4232 8.
624 4184 666 4248 (3)
680 4181 746 4244 Eph.
758 4180 790 4228 vi.
803 4182 823 4227 l.
992 4178 1035 4243 (4)
1054 4177 1106 4226 Col.
1118 4176 1151 4225 iii.
1163 4175 1204 4224 20.
1291 4193 1301 4235 r

244 4266 288 4330 (5)
302 4266 359 4316 Aet.
368 4283 391 4315 v.
404 4271 446 4319 29.
615 4270 658 4332 (6)
673 4269 698 4316 S.
710 4265 802 4315 Thom.
812 4262 868 4312 22.
880 4279 922 4326 qu.
933 4263 979 4312 civ.
992 4269 1036 4313 art.
1047 4279 1070 4310 v.
1083 4263 1160 4328 Resp.

246 4351 289 4416 (7)
309 4351 410 4402 Ibidem.
614 4353 657 4418 (8)
670 4351 770 4410 ibidem,
784 4348 819 4399 od
828 4346 972 4398 secundum.
