3046 5262
279 493 338 550 300
523 485 580 544 DE
603 475 811 544 PuccsTis
832 483 1120 549 OAPITALIBUS.

279 653 367 712 tentio
379 660 423 708 est
435 647 592 710 laudabilis.
635 648 669 706 si
681 655 775 706 autem
789 649 943 726 accipiatur
961 652 1105 711 contentio
1118 654 1277 714 secuudum
1291 655 1363 732 quod

278 753 411 827 importat
429 748 674 825 impugnationem
688 745 815 805 salsitatis
828 767 893 806 cum
911 749 1073 809 inordinato
1092 750 1198 810 modo:
1219 755 1262 810 sic
1275 763 1364 829 potest

277 867 341 908 esse
354 857 503 924 peccatum
513 845 634 912 veniale,
643 843 779 933 nisilsorte
792 854 868 904 tanta
880 848 1051 908 inordinatio
1061 847 1111 908 fiat
1119 851 1149 907 in
1159 850 1361 918 contendendo,

278 946 356 1022 qaod
368 963 406 1004 ex
421 947 477 1006 hoc
490 953 640 1022 generent
652 941 816 1002 scandalum
836 940 1003 1006 alicmm.”¹
1044 946 1196 1007 Discordia
1207 959 1249 1008 est
1259 949 1363 1008 inordi-

279 1055 344 1104 nata
355 1045 530 1104 voluntatum
543 1043 688 1120 oppositio
701 1043 776 1100 circa
783 1043 902 1102 bonum.
944 1045 1074 1118 Utraque
1084 1065 1122 1104 ex
1135 1048 1265 1123 superbia
1275 1048 1364 1107 nasci·

280 1155 333 1210 tur,
348 1153 377 1201 et
389 1143 484 1219 gravia
503 1140 673 1215 quandoque
694 1140 768 1216 parit
786 1141 871 1212 mala,
892 1159 958 1200 cum
978 1144 1121 1201 charitatis
1138 1146 1258 1221 jactura.
1297 1145 1364 1204 ldeo

280 1241 436 1318 Apostolus
457 1237 705 1300 “contentiones”
726 1246 756 1294 et
776 1247 795 1274 ‘⁴
807 1237 1023 1300 dissensiones”
1044 1243 1118 1300 inter
1135 1243 1256 1302 crimina
1273 1263 1365 1302 recen·

279 1350 331 1408 set,
347 1339 382 1398 de
396 1340 500 1412 quibus
513 1337 595 1396 dicit:
618 1337 700 1410 “qui
720 1335 786 1394 talia
805 1348 891 1414 agunt
906 1356 1025 1416 mgnum
1040 1339 1097 1398 Dei
1116 1358 1174 1400 non
1193 1361 1364 1415 consequen·

281 1435 375 1498 tur.”²
401 1447 420 1474 ‘⁶
432 1438 490 1496 Per
502 1425 564 1504 se,’'
581 1436 673 1508 inquit
685 1434 719 1491 S.
734 1435 875 1503 Thomas,
896 1445 916 1473 “
927 1436 1070 1496 discordat
1081 1439 1184 1512 diquis
1198 1461 1214 1497 a
1226 1443 1364 1516 proximo,
1449 1487 1452 1494 .

282 1536 396 1612 quando
409 1537 529 1594 scienter
542 1543 570 1592 et
584 1553 621 1592 ex
634 1533 788 1592 intentione
801 1533 931 1593 dissentit
943 1555 961 1592 a
969 1536 1044 1594 bono
1056 1535 1163 1606 divino,
1178 1547 1206 1595 et
1217 1557 1234 1595 a
1245 1541 1366 1615 proximi

281 1639 367 1700 bono,
381 1637 410 1692 in
424 1653 481 1707 quc
493 1633 577 1691 debet
589 1631 757 1690 consentire.
798 1632 904 1692 Ethoc
917 1644 962 1691 est
976 1644 1122 1710 peccatum
1137 1638 1254 1696 mortale
1267 1657 1306 1696 ex
1318 1657 1366 1696 ιιιο

280 1751 394 1812 genere,
415 1743 530 1810 propter
542 1731 767 1788 contrarietatem
780 1728 816 1787 ad
829 1730 1014 1792 charitatem:
1035 1732 1103 1791 licet
1115 1736 1199 1810 primi
1213 1747 1307 1794 motus
1320 1737 1367 1794 hu·

277 1835 327 1912 jus
340 1830 499 1899 discordiae,
513 1839 629 1906 propter
641 1828 884 1904 imperfectionem
898 1841 985 1899 actus,
1000 1832 1058 1890 sint
1075 1843 1192 1910 peccata
1203 1830 1367 1892 venialia.'’³

282 1931 479 1990 Consiliorum
503 1927 663 1995 diversitas,
689 1937 718 1984 et
738 1925 892 1997 dissensio,
915 1947 1133 2002 nonnumquam
1159 1933 1266 2005 absque
1289 1934 1368 2010 culpa

283 2025 449 2106 contingit⁴

320 2132 370 2185 44.
393 2127 553 2186 Pertinacia
565 2136 610 2184 est
622 2128 832 2202 perseverantia
851 2128 881 2187 in
900 2129 1016 2205 propria
1035 2132 1175 2189 sententia
1192 2141 1292 2190 contra
1303 2133 1368 2191 veri·

282 2237 366 2286 tatem
387 2227 540 2303 cognitam,
554 2226 600 2283 vel
619 2224 792 2283 sufficienter
812 2229 997 2302 propositam.
1038 2227 1094 2285 Est
1112 2229 1185 2287 levis
1205 2231 1367 2306 plerumque

283 2325 376 2400 culpa,
390 2323 442 2381 sed
454 2324 487 2380 fit
499 2324 602 2399 gravis,
620 2324 646 2380 ri
658 2322 724 2381 inde
737 2324 834 2399 gravia
852 2335 1008 2398 sequantur
1019 2325 1104 2394 mala,
1118 2329 1164 2386 vel
1177 2347 1244 2386 cum
1256 2331 1369 2388 auctori·

281 2424 344 2479 tatis
358 2421 558 2478 ecclesiasticae
572 2419 724 2497 dispendio
739 2423 776 2478 sit
793 2425 956 2499 conjuncta.
999 2424 1077 2482 Hinc
1096 2425 1182 2484 docet
1201 2429 1313 2486 Natalis
1325 2429 1369 2486 Al·

282 2519 419 2587 exander,
433 2535 499 2576 eum
513 2519 563 2590 qui
577 2517 700 2590 aliquam
719 2521 945 2595 propositionem
965 2541 983 2580 a
1002 2523 1142 2582 Pontifice
1156 2525 1316 2584 damnatam
1328 2527 1370 2586 de·

284 2620 413 2680 tenderet
425 2617 538 2676 lethalis
552 2617 661 2692 peccati
673 2636 754 2676 reum
768 2614 855 2676 lore.6

323 2725 374 2778 45.
395 2717 529 2778 Iuventio
542 2718 698 2775 novitatum
712 2735 750 2774 ex
762 2718 897 2794 superbia
909 2719 1061 2792 aliquando
1074 2723 1209 2791 nascitur,
1229 2723 1298 2782 dnm
1311 2725 1369 2798 quis

288 2818 503 2878 admirationem
516 2815 561 2874 sni
580 2817 703 2874 excitare
724 2817 826 2875 studet.
869 2815 1013 2878 Octerum
1033 2820 1058 2877 si
1078 2821 1118 2878 nil
1140 2821 1371 2898 proseraturridei

285 2917 329 2974 vel
344 2915 470 2974 moribus
485 2913 647 2981 adversum,
662 2915 780 2972 venialis
793 2924 925 2974 censetur
937 2918 1030 2994 culpa.
1327 2997 1329 3001 Ι

322 3016 373 3069 46.
395 3010 543 3084 Superbiae
556 3011 683 3068 remedia
695 3023 771 3080 sunt,
792 3013 839 3071 sni
858 3015 1051 3090 cognoscendi
1070 3017 1206 3089 studium,
1227 3019 1295 3078 dnm
1313 3022 1371 3095 quis

283 3127 369 3180 quam
390 3107 455 3166 vilis
478 3107 515 3164 sit
537 3124 633 3166 coram
660 3107 734 3178 Deo,
759 3120 789 3168 et
811 3129 896 3182 quam
920 3115 1061 3183 infirmus,
1085 3115 1186 3175 sedulo
1207 3119 1370 3185 meditatim

284 3206 395 3267 Christi
409 3206 529 3264 Domini
542 3206 708 3282 exemplum
722 3227 798 3287 saepe
813 3228 871 3286 prae
885 3213 976 3272 oculis
989 3217 1166 3292 propositum
1178 3236 1186 3285 ;
1201 3227 1230 3274 et
1242 3218 1370 3292 frequens

284 3308 417 3384 cogitatio
431 3324 517 3380 quam
531 3305 618 3364 fluxa
632 3307 690 3365 sint
702 3317 730 3364 et
742 3309 839 3368 inanes
853 3329 899 3368 res
913 3329 1015 3370 omnes
1027 3313 1167 3372 hnmanae.
1210 3317 1283 3383 Quae
1296 3317 1371 3376 Deus

283 3408 406 3466 minatur
428 3405 557 3481 superbis
578 3406 729 3483 supplicia,
754 3426 877 3480 quaeque
898 3411 1047 3486 pollicetur
1066 3413 1222 3474 humilibus
1249 3419 1368 3492 pramis,

284 3507 373 3565 menti
387 3507 471 3564 etiam
491 3505 632 3563 obversari
652 3523 728 3580 saepe
742 3516 869 3582 oportet:
892 3510 1013 3581 “quise
1033 3511 1197 3571 exaltaverit
1216 3515 1371 3575 humiliabi·

285 3616 340 3672 tur,
355 3604 444 3676 etqui
458 3621 490 3662 se
505 3601 707 3670 humiliaverit,
722 3600 937 3664 exaltabitur.”⁶
977 3609 1081 3666 Mortis
1095 3609 1219 3684 denique
1232 3614 1372 3673 meditatio

284 3701 448 3780 superbiam
462 3698 622 3758 edomabit:
644 3712 816 3778 quapropter
836 3723 890 3764 nos
909 3717 1008 3765 monet
1027 3707 1178 3768 Ecclesia:
1202 3719 1221 3748 “
1234 3692 1371 3771 mem’ento

285 3804 384 3868 homo,
398 3801 467 3872 qnia
479 3797 574 3873 pulvis
587 3815 629 3866 es,
644 3809 673 3856 et
685 3801 716 3858 iu
729 3801 878 3876 pulverem
891 3805 1073 3864 reverteris.”

326 3905 375 3962 47.
397 3897 513 3976 Optime
527 3897 560 3956 S.
575 3896 704 3956 Thomas
724 3899 939 3962 animadvertit:
962 3905 1094 3965 “Motus
1113 3909 1252 3984 superbia
1265 3911 1370 3969 occulte

384 4119 426 4184 (1)
444 4119 468 4168 2.
477 4117 500 4165 2.
511 4133 551 4181 qu.
563 4119 654 4168 xxxvii.
669 4125 713 4169 art
725 4119 750 4170 ii.
763 4117 837 4189 Resp.
1052 4124 1091 4192 (2)
1111 4127 1166 4178 Gal.
1178 4146 1200 4179 v.
1212 4132 1252 4180 20.

383 4201 426 4264 (³)
445 4203 469 4248 2.
480 4203 504 4248 2.
515 4216 555 4266 qu.
569 4203 660 4252 xxxvii.
672 4211 715 4253 art.
724 4203 741 4254 i.
752 4203 827 4272 Rerp.
1050 4211 1092 4276 (4)
1112 4216 1167 4260 Act.
1180 4228 1219 4261 xv.
1232 4217 1270 4263 ³9.

383 4285 423 4347 (5)
442 4281 524 4332 'Praet
536 4283 565 4331 de
577 4301 641 4348 pecc.
653 4303 674 4336 c.
686 4288 717 4335 ir.
729 4297 772 4339 art
784 4289 836 4339 xix·
847 4291 906 4353 Reg.
919 4291 950 4342 it·
1054 4296 1096 4362 (6)
1116 4295 1177 4348 Mat.
1188 4299 1255 4349 xxiii.
1266 4300 1303 4346 1²·
