3146 5266
426 496 483 556 DE
506 495 692 558 HUMANA
713 498 878 558 AGENDI
898 497 1100 560 RATIONE.
1299 510 1318 564 7

231 683 296 741 erga
307 659 408 732 filios,1
422 661 498 721 haud
511 663 635 739 cogitant
648 671 784 736 qnantum
806 663 871 721 inde
892 662 997 723 doloris
1017 673 1155 732 naacamr,
1169 663 1238 724 dum
1250 665 1319 726 alter

230 765 265 822 de
278 765 391 822 alterius
405 764 507 821 affectu
521 761 637 831 dubitat,
648 763 694 820 vel
707 765 770 841 ejus
784 762 860 820 dolet
868 763 1031 822 infortunio.
1073 763 1220 822 Falluntur
1233 765 1318 827 etiam

230 864 329 936 quiin
350 863 512 922 facultatum
533 863 637 920 ruentis
657 862 702 919 vel
727 863 829 922 virium
850 864 976 940 corporis
997 863 1131 922 exercitio
1146 865 1319 926 constimunt

229 962 390 1020 felicitatem
402 955 427 1030 ;²
446 961 576 1035 quamvis
590 961 668 1018 enim
681 961 747 1019 inde
756 961 896 1020 derivetur
906 961 1042 1020 nonnulla
1049 961 1187 1038 voluptas,
1197 961 1320 1038 plerum·

230 1080 286 1134 que
300 1081 389 1138 parva
403 1071 488 1120 estet
507 1060 683 1118 admiscetur
704 1060 891 1119 solicitudini.
934 1061 1116 1138 Occupatum
1137 1061 1203 1134 quis
1224 1073 1320 1140 potest

230 1171 326 1220 tenere
341 1163 479 1230 animum,
495 1161 565 1232 quin
580 1161 619 1218 sit
638 1161 750 1230 beatus,
765 1161 807 1218 uti
830 1159 999 1232 quotidiano
1019 1179 1116 1219 rerum
1138 1180 1194 1220 usu
1217 1162 1318 1234 liquet.

230 1261 277 1319 Ad
290 1261 418 1320 altiorem
429 1260 614 1318 beatitudinis
628 1260 738 1318 sontem
749 1258 953 1318 recurrendum
964 1270 1028 1328 est3
1049 1271 1079 1318 et
1092 1260 1318 1338 agnoscendum,

230 1361 358 1419 animum
373 1370 502 1420 nostrum
515 1359 634 1418 nonnisi
655 1360 686 1418 in
706 1359 772 1418 Deo
794 1377 907 1416 summe
930 1361 1047 1418 beatum
1068 1377 1133 1418 ease
1155 1379 1254 1438 posse,
1270 1365 1320 1436 qni

230 1461 310 1520 solus
330 1461 430 1518 omnia
449 1469 546 1519 nostra
566 1459 711 1516 desideria
731 1459 806 1516 valet
829 1459 957 1535 explere,
972 1460 1081 1535 quique
1103 1460 1233 1521 animum
1253 1461 1323 1524 facit

231 1561 417 1633 tranquillum
431 1569 460 1618 et
471 1562 597 1627 beatum,
613 1560 701 1617 etiam
723 1559 753 1616 in
774 1558 827 1616 hac
841 1559 910 1628 vita,
925 1558 1130 1635 componendo
1144 1569 1173 1618 et
1192 1560 1321 1638 regendo

233 1668 340 1726 motus,
355 1668 385 1716 et
396 1659 569 1717 voluntatem
584 1659 742 1716 humanam
753 1657 857 1716 divinae
872 1658 902 1717 in
917 1659 1003 1717 variis
1017 1677 1112 1718 rerum
1128 1660 1240 1719 vicibus
1254 1663 1321 1722 sub·

229 1759 339 1834 jectam
354 1757 488 1826 tenendo,
503 1758 625 1829 ideoque
638 1758 743 1816 laetam.
786 1756 892 1816 Meritd
907 1758 1090 1834 Augustinus
1104 1760 1161 1818 ait:
1186 1767 1206 1794 “
1217 1771 1251 1820 ut
1263 1763 1322 1820 vita

233 1859 329 1916 carnis
344 1859 442 1915 anima
455 1866 508 1925 est,
524 1858 563 1914 ita
575 1857 657 1915 beata
671 1858 727 1914 vita
740 1857 868 1919 hominis
882 1857 964 1914 Deus
979 1852 1073 1916 est.”³
1115 1857 1255 1920 “Fecisti
1269 1879 1322 1920 nos

233 1957 270 2015 ad
285 1967 322 2025 te,
338 1967 367 2014 et
380 1959 539 2030 inquietum
554 1965 599 2013 est
612 1974 662 2014 cor
674 1965 814 2026 nostrum,
830 1956 923 2014 donec
938 1957 1100 2030 requiescat
1113 1958 1143 2016 in
1158 1951 1237 2016 te.'’⁴

273 2061 301 2114 5.
324 2057 462 2124 Quamvis
477 2065 570 2114 autem
584 2056 614 2113 in
628 2055 693 2114 Deo
707 2054 859 2126 beatitudo,
874 2075 960 2128 quam
974 2057 1135 2115 necessario
1148 2059 1321 2134 expetimus,

231 2157 394 2232 reperiatur,
410 2155 487 2226 nulla
501 2167 596 2214 tamen
610 2164 715 2212 naturae
732 2155 899 2213 necessitate
922 2156 952 2213 in
972 2174 1039 2214 cum
1053 2155 1188 2224 ierimurt
1210 2156 1261 2216 sed
1275 2176 1322 2218 vo·

231 2255 344 2314 luntatis
355 2255 494 2313 electione
504 2255 581 2312 varia
591 2256 789 2332 amplectimur
799 2254 924 2312 subsidia
934 2255 1036 2328 quibus
1050 2254 1148 2314 felices
1158 2255 1322 2316 eradamus.

233 2355 376 2428 Equidem
390 2357 415 2412 si
429 2355 509 2412 Deus
523 2355 597 2411 clare
611 2354 761 2423 videretur,
772 2354 814 2412 uti
827 2355 932 2412 sanctis
946 2355 976 2412 in
990 2355 1063 2413 coelo
1077 2373 1108 2412 se
1122 2353 1169 2413 dat
1182 2355 1247 2426 frui,
1261 2356 1323 2416 fieri

233 2473 290 2512 non
303 2465 401 2530 posset
414 2465 445 2512 ut
458 2473 524 2512 eum
540 2463 598 2512 toto
612 2453 763 2512 voluntatis
785 2454 887 2512 affeetu
908 2452 983 2511 haud
997 2454 1248 2530 amplecteremur;
1272 2454 1323 2514 sed

235 2552 393 2611 “videmus
407 2573 482 2612 nunc
496 2571 548 2630 per
568 2553 727 2630 speculum,
742 2555 773 2612 in
793 2547 1000 2632 anigmate;”⁵
1019 2552 1141 2625 ideoque
1159 2573 1211 2632 pro
1224 2556 1323 2614 volun·

235 2653 300 2716 tetis
312 2653 433 2720 arbitrio,
448 2672 510 2725 quae
526 2654 655 2711 sensibus
669 2655 772 2711 nostris
787 2654 934 2730 subjacent
945 2653 1029 2721 bona,
1041 2671 1092 2710 seu
1106 2671 1182 2722 vera,
1194 2673 1245 2712 seu
1259 2671 1323 2730 spe·

235 2751 310 2808 ciem
324 2753 542 2827 praeseferentia,
556 2753 764 2828 persequimur.

276 2855 303 2908 6.
326 2849 485 2920 Beatinido,
501 2870 563 2924 quae
583 2851 670 2929 justis
692 2869 801 2910 merces
823 2858 932 2908 servata
952 2858 1005 2917 est,
1021 2849 1050 2906 in
1064 2847 1121 2908 Dei
1142 2849 1253 2910 visione
1267 2869 1323 2926 qua

234 2951 369 3018 fruentur,
394 2951 486 3026 posita
510 2961 564 3019 est,
579 2969 641 3023 quae
669 2969 719 3009 eos
747 2951 803 3028 ipsi
829 2950 937 3008 similes
961 2947 1173 3021 quodammodo
1196 2951 1319 3010 efficiet:

235 3050 381 3107 “Scimus
396 3051 530 3122 quoniam
544 3069 610 3107 eum
625 3051 794 3126 apparuerit,
806 3049 914 3108 similes
929 3050 955 3106 ei
969 3050 1085 3118 erimus,
1098 3051 1232 3122 quoniam
1246 3050 1322 3112 vide·

233 3151 327 3207 bimus
341 3168 408 3206 eum
423 3149 506 3206 sicuti
519 3139 613 3206 est.'’⁶

273 3255 302 3308 7.
325 3249 433 3306 Praeter
453 3249 542 3306 finem
562 3248 694 3306 ultimum
708 3267 794 3322 quern
815 3249 904 3308 homo
925 3245 1035 3326 agendo
1055 3248 1166 3320 quaerit,
1180 3249 1252 3307 fines
1274 3247 1321 3308 alii

233 3358 299 3406 sunt
319 3349 369 3419 qui
388 3348 576 3424 propinquius
597 3349 779 3426 attinguntur,
799 3347 850 3406 sed
869 3347 970 3406 ultimo
993 3346 1044 3404 fini
1057 3347 1231 3430 inserviunt.
1274 3349 1323 3406 Sic

234 3447 409 3505 conservatio
424 3448 549 3506 sanitatis
563 3448 628 3505 finis
643 3457 686 3504 est
700 3449 735 3504 ob
750 3467 837 3521 quem
858 3449 921 3521 quis
943 3447 1070 3504 animum
1090 3465 1107 3502 a
1127 3447 1217 3502 nimio
1231 3446 1324 3504 studio

236 3545 439 3617 aliquantulum
462 3549 577 3605 relaxat.
621 3547 681 3602 Sed
701 3545 737 3602 ad
750 3547 869 3622 gloriam
888 3545 946 3600 Dei
969 3551 1064 3618 potest
1085 3541 1192 3611 referri,
1215 3543 1324 3616 siquis

237 3643 347 3702 scilicet
360 3645 452 3721 cupiat
464 3647 623 3704 valetudine
638 3645 693 3703 frui
706 3646 829 3713 robusta,
844 3653 876 3702 nt
889 3643 954 3700 Deo
969 3633 1146 3700 famuletur.⁷

272 3834 314 3900 (l)
334 3833 418 3900 raray,
430 3835 509 3885 Moral
520 3831 682 3900 Philosophy,
693 3836 702 3884 l
721 3835 737 3884 i.
748 3850 768 3884 c.
781 3833 813 3882 vi.
996 3829 1038 3894 (2)
1059 3829 1159 3878 Ibidem.

271 3917 313 3984 (3)
333 3917 363 3967 L.
374 3919 426 3970 xix.
438 3918 469 3967 de
480 3918 526 3966 civ.
538 3915 587 3966 Dei
598 3931 617 3966 c.
629 3915 695 3968 xxvi.
998 3905 1040 3970 (4)
1060 3905 1089 3959 1..
1101 3908 1117 3958 i·
1130 3908 1242 3960 consess·
1254 3926 1275 3960 c·
1287 3911 1303 3960 i·

272 4003 311 4068 (5)
326 4006 337 4050 l
352 4001 411 4052 Cor.
421 4003 474 4053 xiii.
490 4006 527 4051 ta.
986 3992 1043 4056 ’(6)
1056 3991 1128 4042 doun·
1139 3993 1175 4046 iii.
1185 3999 1209 4046 t.

271 4088 313 4154 (7)
327 4089 420 4139 “Even
438 4088 471 4137 he
487 4095 555 4138 must
571 4086 633 4136 have
649 4101 725 4149 many
742 4083 810 4145 ends,
827 4081 921 4133 besides
938 4077 980 4129 the
985 4074 1035 4144 far
1045 4076 1111 4128 end.-
1130 4081 1173 4130 but
1191 4079 1250 4130 than
1267 4079 1326 4145 they

235 4174 284 4224 will
294 4176 400 4225 conduct
412 4181 437 4223 to
449 4174 509 4232 that,
521 4174 551 4221 be
562 4171 724 4228 subordinate,
733 4168 781 4219 and
794 4170 820 4218 in
832 4183 899 4218 some
911 4183 965 4232 way
977 4183 1004 4217 or
1016 4167 1084 4218 other
1095 4167 1193 4232 capable
1212 4165 1240 4216 ot*
1252 4167 1326 4228 being

238 4259 337 4310 referred
350 4268 374 4310 to
387 4257 464 4309 that.”
500 4256 598 4322 Paley's
609 4257 689 4308 Moral
701 4254 860 4320 Philosophy,
870 4254 886 4304 l.
901 4258 921 4304 l.
932 4255 971 4306 cb·
980 4255 1013 4304 vi.
