<?xml version="1.0" encoding="UTF-8"?>
<!DOCTYPE html PUBLIC "-//W3C//DTD XHTML 1.0 Transitional//EN"
    "http://www.w3.org/TR/xhtml1/DTD/xhtml1-transitional.dtd">
<html xmlns="http://www.w3.org/1999/xhtml" xml:lang="en" lang="en">
 <head>
  <title>
</title>
<meta http-equiv="Content-Type" content="text/html;charset=utf-8" />
  <meta name='ocr-system' content='tesseract 3.04.00' />
  <meta name='ocr-capabilities' content='ocr_page ocr_carea ocr_par ocr_line ocrx_word'/>
</head>
<body>
  <div class='ocr_page' id='page_1' title='image "./theologiaemoral03kenrgoog_0386.png"; bbox 0 0 3076 5260; ppageno 0'>
   <div class='ocr_carea' id='block_1_1' title="bbox 365 495 1271 558">
    <p class='ocr_par' dir='ltr' id='par_1_1' title="bbox 365 495 1271 558">
     <span class='ocr_line' id='line_1_1' title="bbox 365 495 1271 558; baseline 0.003 -3"><span class='ocrx_word' id='word_1_1' title='bbox 365 496 423 557; x_wconf 87' lang='lat' dir='ltr'><strong>DE</strong></span> <span class='ocrx_word' id='word_1_2' title='bbox 444 495 684 556; x_wconf 84' lang='lat' dir='ltr'><strong>PARENTUM</strong></span> <span class='ocrx_word' id='word_1_3' title='bbox 705 495 1076 556; x_wconf 80' lang='lat' dir='ltr'><strong>OBLIGATIONIBUS.</strong></span> <span class='ocrx_word' id='word_1_4' title='bbox 1212 501 1271 558; x_wconf 69' lang='grc'><strong>867</strong></span> 
     </span>
    </p>
   </div>
   <div class='ocr_carea' id='block_1_2' title="bbox 178 659 1369 4482">
    <p class='ocr_par' dir='ltr' id='par_1_2' title="bbox 178 659 1369 1722">
     <span class='ocr_line' id='line_1_2' title="bbox 178 659 1267 738; baseline -0.004 -16"><span class='ocrx_word' id='word_1_5' title='bbox 178 661 356 722; x_wconf 80' lang='lat' dir='ltr'>liberioribus</span> <span class='ocrx_word' id='word_1_6' title='bbox 369 660 415 728; x_wconf 89' lang='lat' dir='ltr'><strong>sit,</strong></span> <span class='ocrx_word' id='word_1_7' title='bbox 429 668 474 717; x_wconf 87' lang='lat' dir='ltr'><strong>est</strong></span> <span class='ocrx_word' id='word_1_8' title='bbox 481 660 560 736; x_wconf 90' lang='lat' dir='ltr'><strong>justa</strong></span> <span class='ocrx_word' id='word_1_9' title='bbox 572 677 659 720; x_wconf 86' lang='lat' dir='ltr'><strong>causa</strong></span> <span class='ocrx_word' id='word_1_10' title='bbox 671 678 721 718; x_wconf 89' lang='lat' dir='ltr'><strong>cur</strong></span> <span class='ocrx_word' id='word_1_11' title='bbox 730 678 795 720; x_wconf 86' lang='lat' dir='ltr'><strong>eum</strong></span> <span class='ocrx_word' id='word_1_12' title='bbox 809 669 888 737; x_wconf 89' lang='lat' dir='ltr'><strong>pater</strong></span> <span class='ocrx_word' id='word_1_13' title='bbox 900 678 958 720; x_wconf 86' lang='lat' dir='ltr'><strong>non</strong></span> <span class='ocrx_word' id='word_1_14' title='bbox 977 659 1066 719; x_wconf 90' lang='lat' dir='ltr'><strong>donet</strong></span> <span class='ocrx_word' id='word_1_15' title='bbox 1077 661 1138 738; x_wconf 88' lang='lat' dir='ltr'><strong>pari</strong></span> <span class='ocrx_word' id='word_1_16' title='bbox 1150 659 1267 722; x_wconf 69' lang='lat' dir='ltr'><strong>heredi-</strong></span> 
     </span>
     <span class='ocr_line' id='line_1_3' title="bbox 179 755 1275 836; baseline -0.001 -17"><span class='ocrx_word' id='word_1_17' title='bbox 179 755 242 820; x_wconf 85' lang='lat' dir='ltr'><strong>tatis</strong></span> <span class='ocrx_word' id='word_1_18' title='bbox 256 759 404 836; x_wconf 81' lang='lat' dir='ltr'>portione:</span> <span class='ocrx_word' id='word_1_19' title='bbox 429 759 470 816; x_wconf 90' lang='lat' dir='ltr'><strong>sie</strong></span> <span class='ocrx_word' id='word_1_20' title='bbox 492 757 578 818; x_wconf 89' lang='lat' dir='ltr'><strong>etiam</strong></span> <span class='ocrx_word' id='word_1_21' title='bbox 601 758 753 818; x_wconf 92' lang='lat' dir='ltr'><strong>dicendum</strong></span> <span class='ocrx_word' id='word_1_22' title='bbox 767 759 802 818; x_wconf 92' lang='lat' dir='ltr'><strong>de</strong></span> <span class='ocrx_word' id='word_1_23' title='bbox 820 759 956 831; x_wconf 72' lang='lat' dir='ltr'><strong>liliaque</strong></span> <span class='ocrx_word' id='word_1_24' title='bbox 978 758 1122 836; x_wconf 86' lang='lat' dir='ltr'><strong>impudica</strong></span> <span class='ocrx_word' id='word_1_25' title='bbox 1142 759 1204 826; x_wconf 83' lang='lat' dir='ltr'><strong>fuit,</strong></span> <span class='ocrx_word' id='word_1_26' title='bbox 1227 760 1275 818; x_wconf 87' lang='lat' dir='ltr'><strong>vel</strong></span> 
     </span>
     <span class='ocr_line' id='line_1_4' title="bbox 179 855 1275 937; baseline -0.003 -19"><span class='ocrx_word' id='word_1_27' title='bbox 179 859 278 934; x_wconf 83' lang='lat' dir='ltr'>nupsit</span> <span class='ocrx_word' id='word_1_28' title='bbox 290 856 429 934; x_wconf 89' lang='lat' dir='ltr'><strong>prodigo:</strong></span> <span class='ocrx_word' id='word_1_29' title='bbox 451 856 502 917; x_wconf 88' lang='lat' dir='ltr'><strong>sed</strong></span> <span class='ocrx_word' id='word_1_30' title='bbox 515 858 608 932; x_wconf 83' lang='lat' dir='ltr'><strong>gravis</strong></span> <span class='ocrx_word' id='word_1_31' title='bbox 622 857 790 933; x_wconf 90' lang='lat' dir='ltr'><strong>plerumque</strong></span> <span class='ocrx_word' id='word_1_32' title='bbox 804 858 953 931; x_wconf 77' lang='lat' dir='ltr'><strong>requiritur</strong></span> <span class='ocrx_word' id='word_1_33' title='bbox 959 857 1204 937; x_wconf 79' lang='lat' dir='ltr'><strong>causainaequalis</strong></span> <span class='ocrx_word' id='word_1_34' title='bbox 1218 855 1275 915; x_wconf 83' lang='lat' dir='ltr'><strong>dis-</strong></span> 
     </span>
     <span class='ocr_line' id='line_1_5' title="bbox 180 955 1276 1033; baseline -0.001 -19"><span class='ocrx_word' id='word_1_35' title='bbox 180 957 358 1016; x_wconf 80' lang='lat' dir='ltr'><strong>tributionis:</strong></span> <span class='ocrx_word' id='word_1_36' title='bbox 380 973 434 1014; x_wconf 89' lang='lat' dir='ltr'><strong>nee</strong></span> <span class='ocrx_word' id='word_1_37' title='bbox 448 965 542 1014; x_wconf 86' lang='lat' dir='ltr'><strong>tamen</strong></span> <span class='ocrx_word' id='word_1_38' title='bbox 551 957 663 1032; x_wconf 89' lang='lat' dir='ltr'><strong>cogitur</strong></span> <span class='ocrx_word' id='word_1_39' title='bbox 676 966 756 1033; x_wconf 90' lang='lat' dir='ltr'><strong>pater</strong></span> <span class='ocrx_word' id='word_1_40' title='bbox 768 957 863 1014; x_wconf 88' lang='lat' dir='ltr'><strong>omnia</strong></span> <span class='ocrx_word' id='word_1_41' title='bbox 872 975 923 1014; x_wconf 89' lang='lat' dir='ltr'><strong>sua</strong></span> <span class='ocrx_word' id='word_1_42' title='bbox 935 956 1009 1017; x_wconf 87' lang='lat' dir='ltr'><strong>bona</strong></span> <span class='ocrx_word' id='word_1_43' title='bbox 1018 955 1085 1016; x_wconf 87' lang='lat' dir='ltr'><strong>dare</strong></span> <span class='ocrx_word' id='word_1_44' title='bbox 1094 957 1172 1023; x_wconf 88' lang='lat' dir='ltr'><strong>filiis,</strong></span> <span class='ocrx_word' id='word_1_45' title='bbox 1187 973 1276 1028; x_wconf 90' lang='lat' dir='ltr'><strong>quum</strong></span> 
     </span>
     <span class='ocr_line' id='line_1_6' title="bbox 179 1054 1274 1131; baseline 0 -17"><span class='ocrx_word' id='word_1_46' title='bbox 179 1065 208 1114; x_wconf 91' lang='lat' dir='ltr'><strong>et</strong></span> <span class='ocrx_word' id='word_1_47' title='bbox 220 1056 320 1114; x_wconf 89' lang='lat' dir='ltr'><strong>amicis</strong></span> <span class='ocrx_word' id='word_1_48' title='bbox 333 1055 426 1130; x_wconf 88' lang='lat' dir='ltr'><strong>legata</strong></span> <span class='ocrx_word' id='word_1_49' title='bbox 438 1055 531 1130; x_wconf 88' lang='lat' dir='ltr'><strong>possit</strong></span> <span class='ocrx_word' id='word_1_50' title='bbox 543 1054 714 1128; x_wconf 89' lang='lat' dir='ltr'><strong>relinquere,</strong></span> <span class='ocrx_word' id='word_1_51' title='bbox 729 1063 757 1112; x_wconf 88' lang='lat' dir='ltr'><strong>et</strong></span> <span class='ocrx_word' id='word_1_52' title='bbox 775 1055 888 1131; x_wconf 88' lang='lat' dir='ltr'><strong>pietatis</strong></span> <span class='ocrx_word' id='word_1_53' title='bbox 907 1073 993 1115; x_wconf 86' lang='lat' dir='ltr'><strong>causa</strong></span> <span class='ocrx_word' id='word_1_54' title='bbox 1012 1073 1075 1126; x_wconf 76' lang='lat' dir='ltr'><strong>que</strong></span> <span class='ocrx_word' id='word_1_55' title='bbox 1088 1054 1211 1113; x_wconf 84' lang='lat' dir='ltr'><strong>voluerit</strong></span> <span class='ocrx_word' id='word_1_56' title='bbox 1223 1054 1274 1114; x_wconf 91' lang='lat' dir='ltr'><strong>do·</strong></span> 
     </span>
     <span class='ocr_line' id='line_1_7' title="bbox 180 1152 1277 1229; baseline 0 -17"><span class='ocrx_word' id='word_1_57' title='bbox 180 1173 258 1214; x_wconf 89' lang='lat' dir='ltr'><strong>nare.</strong></span> <span class='ocrx_word' id='word_1_58' title='bbox 300 1152 445 1225; x_wconf 88' lang='lat' dir='ltr'><strong>Equidem</strong></span> <span class='ocrx_word' id='word_1_59' title='bbox 460 1153 541 1229; x_wconf 90' lang='lat' dir='ltr'><strong>leges</strong></span> <span class='ocrx_word' id='word_1_60' title='bbox 555 1153 652 1212; x_wconf 86' lang='lat' dir='ltr'><strong>Status</strong></span> <span class='ocrx_word' id='word_1_61' title='bbox 672 1153 1006 1220; x_wconf 85' lang='lat' dir='ltr'><strong>Delavariensiscavent,</strong></span> <span class='ocrx_word' id='word_1_62' title='bbox 1020 1171 1057 1213; x_wconf 90' lang='lat' dir='ltr'><strong>ne</strong></span> <span class='ocrx_word' id='word_1_63' title='bbox 1076 1153 1132 1212; x_wconf 89' lang='lat' dir='ltr'><strong>hoc</strong></span> <span class='ocrx_word' id='word_1_64' title='bbox 1145 1153 1205 1220; x_wconf 80' lang='lat' dir='ltr'><strong>fiat,</strong></span> <span class='ocrx_word' id='word_1_65' title='bbox 1217 1154 1277 1212; x_wconf 91' lang='lat' dir='ltr'><strong>nisi</strong></span> 
     </span>
     <span class='ocr_line' id='line_1_8' title="bbox 180 1250 1276 1328; baseline -0.001 -16"><span class='ocrx_word' id='word_1_66' title='bbox 180 1254 368 1312; x_wconf 88' lang='lat' dir='ltr'><strong>instrumento</strong></span> <span class='ocrx_word' id='word_1_67' title='bbox 382 1250 585 1327; x_wconf 85' lang='lat' dir='ltr'><strong>adsignationis</strong></span> <span class='ocrx_word' id='word_1_68' title='bbox 599 1251 678 1310; x_wconf 79' lang='lat' dir='ltr'><strong>facte</strong></span> <span class='ocrx_word' id='word_1_69' title='bbox 692 1271 798 1310; x_wconf 91' lang='lat' dir='ltr'><strong>annum</strong></span> <span class='ocrx_word' id='word_1_70' title='bbox 818 1254 960 1328; x_wconf 86' lang='lat' dir='ltr'><strong>integrum</strong></span> <span class='ocrx_word' id='word_1_71' title='bbox 981 1261 1045 1312; x_wconf 83' lang='lat' dir='ltr'><strong>ante</strong></span> <span class='ocrx_word' id='word_1_72' title='bbox 1059 1261 1196 1311; x_wconf 89' lang='lat' dir='ltr'><strong>mortem:</strong></span> <span class='ocrx_word' id='word_1_73' title='bbox 1219 1271 1276 1324; x_wconf 90' lang='lat' dir='ltr'><strong>qua</strong></span> 
     </span>
     <span class='ocr_line' id='line_1_9' title="bbox 181 1349 1276 1426; baseline 0 -16"><span class='ocrx_word' id='word_1_74' title='bbox 181 1354 213 1411; x_wconf 92' lang='lat' dir='ltr'><strong>in</strong></span> <span class='ocrx_word' id='word_1_75' title='bbox 222 1352 339 1426; x_wconf 88' lang='lat' dir='ltr'><strong>releges</strong></span> <span class='ocrx_word' id='word_1_76' title='bbox 347 1350 459 1425; x_wconf 84' lang='lat' dir='ltr'><strong>Angliae</strong></span> <span class='ocrx_word' id='word_1_77' title='bbox 469 1349 623 1408; x_wconf 79' lang='lat' dir='ltr'><strong>imitantur.</strong></span> <span class='ocrx_word' id='word_1_78' title='bbox 657 1350 817 1410; x_wconf 86' lang='lat' dir='ltr'><strong>Deficiente</strong></span> <span class='ocrx_word' id='word_1_79' title='bbox 830 1358 998 1410; x_wconf 87' lang='lat' dir='ltr'><strong>testamento</strong></span> <span class='ocrx_word' id='word_1_80' title='bbox 1008 1350 1156 1410; x_wconf 75' lang='lat' dir='ltr'><strong>haereditas</strong></span> <span class='ocrx_word' id='word_1_81' title='bbox 1170 1350 1276 1422; x_wconf 85' lang='lat' dir='ltr'><strong>aequal·</strong></span> 
     </span>
     <span class='ocr_line' id='line_1_10' title="bbox 184 1447 1276 1532; baseline 0 -23"><span class='ocrx_word' id='word_1_82' title='bbox 184 1453 237 1510; x_wconf 90' lang='lat' dir='ltr'><strong>iter</strong></span> <span class='ocrx_word' id='word_1_83' title='bbox 263 1449 439 1508; x_wconf 86' lang='lat' dir='ltr'><strong>distribuitur</strong></span> <span class='ocrx_word' id='word_1_84' title='bbox 465 1448 575 1524; x_wconf 88' lang='lat' dir='ltr'><strong>legibus</strong></span> <span class='ocrx_word' id='word_1_85' title='bbox 598 1450 701 1507; x_wconf 85' lang='lat' dir='ltr'><strong>nostris</strong></span> <span class='ocrx_word' id='word_1_86' title='bbox 731 1449 804 1508; x_wconf 89' lang='lat' dir='ltr'><strong>inter</strong></span> <span class='ocrx_word' id='word_1_87' title='bbox 834 1448 909 1506; x_wconf 88' lang='lat' dir='ltr'><strong>filios</strong></span> <span class='ocrx_word' id='word_1_88' title='bbox 935 1461 963 1506; x_wconf 85' lang='lat' dir='ltr'><strong>et</strong></span> <span class='ocrx_word' id='word_1_89' title='bbox 987 1447 1071 1515; x_wconf 85' lang='lat' dir='ltr'><strong>filias,</strong></span> <span class='ocrx_word' id='word_1_90' title='bbox 1090 1449 1178 1532; x_wconf 19' lang='lat' dir='ltr'><strong>&#39;terim</strong></span> <span class='ocrx_word' id='word_1_91' title='bbox 1196 1459 1276 1524; x_wconf 84' lang='lat' dir='ltr'><strong>perte</strong></span> 
     </span>
     <span class='ocr_line' id='line_1_11' title="bbox 184 1546 1369 1622; baseline 0 -14"><span class='ocrx_word' id='word_1_92' title='bbox 184 1551 323 1608; x_wconf 90' lang='lat' dir='ltr'><strong>bonorum</strong></span> <span class='ocrx_word' id='word_1_93' title='bbox 336 1547 487 1606; x_wconf 90' lang='lat' dir='ltr'><strong>mobilium</strong></span> <span class='ocrx_word' id='word_1_94' title='bbox 498 1548 601 1606; x_wconf 86' lang='lat' dir='ltr'><strong>tributa</strong></span> <span class='ocrx_word' id='word_1_95' title='bbox 610 1546 714 1616; x_wconf 85' lang='lat' dir='ltr'><strong>viduae,</strong></span> <span class='ocrx_word' id='word_1_96' title='bbox 728 1565 790 1620; x_wconf 86' lang='lat' dir='ltr'><strong>quae</strong></span> <span class='ocrx_word' id='word_1_97' title='bbox 804 1555 833 1604; x_wconf 85' lang='lat' dir='ltr'><strong>et</strong></span> <span class='ocrx_word' id='word_1_98' title='bbox 839 1546 939 1606; x_wconf 81' lang='lat' dir='ltr'><strong>fruitur</strong></span> <span class='ocrx_word' id='word_1_99' title='bbox 952 1546 1035 1604; x_wconf 88' lang='lat' dir='ltr'><strong>tertia</strong></span> <span class='ocrx_word' id='word_1_100' title='bbox 1044 1555 1122 1622; x_wconf 88' lang='lat' dir='ltr'><strong>parte</strong></span> <span class='ocrx_word' id='word_1_101' title='bbox 1135 1547 1277 1608; x_wconf 82' lang='lat' dir='ltr'><strong>benonim</strong></span> <span class='ocrx_word' id='word_1_102' title='bbox 1364 1613 1369 1617; x_wconf 68' lang='grc'><em>,</em></span> 
     </span>
     <span class='ocr_line' id='line_1_12' title="bbox 185 1646 1159 1722; baseline -0.007 -14"><span class='ocrx_word' id='word_1_103' title='bbox 185 1646 375 1708; x_wconf 85' lang='lat' dir='ltr'><strong>immobilium</strong></span> <span class='ocrx_word' id='word_1_104' title='bbox 388 1647 645 1722; x_wconf 79' lang='lat' dir='ltr'><strong>pervitamsuam.</strong></span> <span class='ocrx_word' id='word_1_105' title='bbox 1157 1651 1159 1656; x_wconf 83' lang='grc'>’</span> 
     </span>
    </p>

    <p class='ocr_par' dir='ltr' id='par_1_3' title="bbox 185 1737 1315 3496">
     <span class='ocr_line' id='line_1_13' title="bbox 223 1737 1277 1822; baseline -0.004 -16"><span class='ocrx_word' id='word_1_106' title='bbox 223 1750 274 1806; x_wconf 82' lang='grc'><strong>91.</strong></span> <span class='ocrx_word' id='word_1_107' title='bbox 296 1745 397 1812; x_wconf 86' lang='lat' dir='ltr'><strong>Tutor,</strong></span> <span class='ocrx_word' id='word_1_108' title='bbox 412 1744 457 1801; x_wconf 88' lang='lat' dir='ltr'><strong>vel</strong></span> <span class='ocrx_word' id='word_1_109' title='bbox 470 1753 593 1812; x_wconf 88' lang='lat' dir='ltr'><strong>curator,</strong></span> <span class='ocrx_word' id='word_1_110' title='bbox 608 1763 697 1817; x_wconf 88' lang='lat' dir='ltr'><strong>quum</strong></span> <span class='ocrx_word' id='word_1_111' title='bbox 717 1737 754 1802; x_wconf 88' lang='lat' dir='ltr'><strong>sit</strong></span> <span class='ocrx_word' id='word_1_112' title='bbox 766 1744 854 1820; x_wconf 87' lang='lat' dir='ltr'><strong>patris</strong></span> <span class='ocrx_word' id='word_1_113' title='bbox 872 1744 947 1811; x_wconf 85' lang='lat' dir='ltr'><strong>loco,</strong></span> <span class='ocrx_word' id='word_1_114' title='bbox 962 1742 1060 1802; x_wconf 87' lang='lat' dir='ltr'><strong>eadem</strong></span> <span class='ocrx_word' id='word_1_115' title='bbox 1074 1761 1141 1821; x_wconf 84' lang='lat' dir='ltr'><strong>erga</strong></span> <span class='ocrx_word' id='word_1_116' title='bbox 1154 1743 1277 1822; x_wconf 89' lang='lat' dir='ltr'><strong>pupillos</strong></span> 
     </span>
     <span class='ocr_line' id='line_1_14' title="bbox 185 1841 1279 1920; baseline -0.003 -18"><span class='ocrx_word' id='word_1_117' title='bbox 185 1845 263 1902; x_wconf 86' lang='lat' dir='ltr'><strong>obire</strong></span> <span class='ocrx_word' id='word_1_118' title='bbox 277 1842 359 1901; x_wconf 92' lang='lat' dir='ltr'><strong>debet</strong></span> <span class='ocrx_word' id='word_1_119' title='bbox 372 1845 492 1900; x_wconf 88' lang='lat' dir='ltr'><strong>munia:</strong></span> <span class='ocrx_word' id='word_1_120' title='bbox 514 1843 634 1914; x_wconf 90' lang='lat' dir='ltr'><strong>ideoque</strong></span> <span class='ocrx_word' id='word_1_121' title='bbox 656 1852 764 1902; x_wconf 82' lang='lat' dir='ltr'><strong>tenebit</strong></span> <span class='ocrx_word' id='word_1_122' title='bbox 784 1842 820 1900; x_wconf 88' lang='lat' dir='ltr'><strong>ad</strong></span> <span class='ocrx_word' id='word_1_123' title='bbox 840 1860 935 1900; x_wconf 88' lang='lat' dir='ltr'><strong>curam</strong></span> <span class='ocrx_word' id='word_1_124' title='bbox 955 1859 1054 1900; x_wconf 87' lang='lat' dir='ltr'><strong>eorum</strong></span> <span class='ocrx_word' id='word_1_125' title='bbox 1068 1841 1219 1919; x_wconf 82' lang='lat' dir='ltr'><strong>diligenter</strong></span> <span class='ocrx_word' id='word_1_126' title='bbox 1230 1861 1279 1920; x_wconf 89' lang='lat' dir='ltr'><strong>ge·</strong></span> 
     </span>
     <span class='ocr_line' id='line_1_15' title="bbox 185 1939 1278 2016; baseline -0.002 -16"><span class='ocrx_word' id='word_1_127' title='bbox 185 1943 325 2009; x_wconf 61' lang='lat' dir='ltr'><strong>rendam„</strong></span> <span class='ocrx_word' id='word_1_128' title='bbox 354 1941 449 2000; x_wconf 81' lang='lat' dir='ltr'><strong>Debet</strong></span> <span class='ocrx_word' id='word_1_129' title='bbox 469 1960 520 1999; x_wconf 90' lang='lat' dir='ltr'><strong>eos</strong></span> <span class='ocrx_word' id='word_1_130' title='bbox 542 1951 618 1998; x_wconf 88' lang='lat' dir='ltr'><strong>recte</strong></span> <span class='ocrx_word' id='word_1_131' title='bbox 639 1943 806 2008; x_wconf 79' lang='lat' dir='ltr'><strong>institutore,</strong></span> <span class='ocrx_word' id='word_1_132' title='bbox 821 1950 849 2000; x_wconf 89' lang='lat' dir='ltr'><strong>et</strong></span> <span class='ocrx_word' id='word_1_133' title='bbox 868 1941 1019 2016; x_wconf 88' lang='lat' dir='ltr'><strong>magistros</strong></span> <span class='ocrx_word' id='word_1_134' title='bbox 1033 1942 1159 2016; x_wconf 90' lang='lat' dir='ltr'><strong>optimos</strong></span> <span class='ocrx_word' id='word_1_135' title='bbox 1171 1939 1278 1998; x_wconf 89' lang='lat' dir='ltr'><strong>idcireo</strong></span> 
     </span>
     <span class='ocr_line' id='line_1_16' title="bbox 186 2038 1276 2118; baseline -0.001 -21"><span class='ocrx_word' id='word_1_136' title='bbox 186 2042 316 2118; x_wconf 84' lang='lat' dir='ltr'><strong>seligere,</strong></span> <span class='ocrx_word' id='word_1_137' title='bbox 340 2041 390 2113; x_wconf 91' lang='lat' dir='ltr'><strong>qui</strong></span> <span class='ocrx_word' id='word_1_138' title='bbox 415 2058 465 2097; x_wconf 89' lang='lat' dir='ltr'><strong>ecs</strong></span> <span class='ocrx_word' id='word_1_139' title='bbox 488 2039 667 2099; x_wconf 86' lang='lat' dir='ltr'><strong>documentis</strong></span> <span class='ocrx_word' id='word_1_140' title='bbox 690 2041 851 2100; x_wconf 88' lang='lat' dir='ltr'><strong>christianis</strong></span> <span class='ocrx_word' id='word_1_141' title='bbox 865 2049 894 2098; x_wconf 89' lang='lat' dir='ltr'><strong>et</strong></span> <span class='ocrx_word' id='word_1_142' title='bbox 906 2039 988 2096; x_wconf 91' lang='lat' dir='ltr'><strong>bonis</strong></span> <span class='ocrx_word' id='word_1_143' title='bbox 1003 2038 1107 2097; x_wconf 89' lang='lat' dir='ltr'><strong>artibus</strong></span> <span class='ocrx_word' id='word_1_144' title='bbox 1120 2040 1276 2097; x_wconf 89' lang='lat' dir='ltr'><strong>instituant.</strong></span> 
     </span>
     <span class='ocr_line' id='line_1_17' title="bbox 186 2137 1281 2216; baseline -0.004 -18"><span class='ocrx_word' id='word_1_145' title='bbox 186 2140 218 2198; x_wconf 88' lang='lat' dir='ltr'><strong>Si</strong></span> <span class='ocrx_word' id='word_1_146' title='bbox 235 2148 365 2216; x_wconf 89' lang='lat' dir='ltr'><strong>parentes</strong></span> <span class='ocrx_word' id='word_1_147' title='bbox 375 2139 481 2197; x_wconf 88' lang='lat' dir='ltr'><strong>fuerint</strong></span> <span class='ocrx_word' id='word_1_148' title='bbox 492 2137 648 2207; x_wconf 79' lang='lat' dir='ltr'><strong>Catholici,</strong></span> <span class='ocrx_word' id='word_1_149' title='bbox 663 2139 746 2196; x_wconf 87' lang='lat' dir='ltr'><strong>debet</strong></span> <span class='ocrx_word' id='word_1_150' title='bbox 758 2139 875 2196; x_wconf 87' lang='lat' dir='ltr'><strong>omnino</strong></span> <span class='ocrx_word' id='word_1_151' title='bbox 889 2155 986 2196; x_wconf 86' lang='lat' dir='ltr'><strong>curare</strong></span> <span class='ocrx_word' id='word_1_152' title='bbox 999 2145 1031 2194; x_wconf 91' lang='lat' dir='ltr'><strong>ut</strong></span> <span class='ocrx_word' id='word_1_153' title='bbox 1039 2138 1142 2214; x_wconf 89' lang='lat' dir='ltr'><strong>pupilli</strong></span> <span class='ocrx_word' id='word_1_154' title='bbox 1154 2156 1199 2194; x_wconf 89' lang='lat' dir='ltr'><strong>res</strong></span> <span class='ocrx_word' id='word_1_155' title='bbox 1213 2137 1281 2196; x_wconf 89' lang='lat' dir='ltr'><strong>fidei</strong></span> 
     </span>
     <span class='ocr_line' id='line_1_18' title="bbox 185 2236 1279 2315; baseline -0.001 -19"><span class='ocrx_word' id='word_1_156' title='bbox 185 2238 367 2306; x_wconf 86' lang='lat' dir='ltr'><strong>edoceantur,</strong></span> <span class='ocrx_word' id='word_1_157' title='bbox 387 2246 416 2294; x_wconf 92' lang='lat' dir='ltr'><strong>et</strong></span> <span class='ocrx_word' id='word_1_158' title='bbox 435 2238 533 2295; x_wconf 88' lang='lat' dir='ltr'><strong>munia</strong></span> <span class='ocrx_word' id='word_1_159' title='bbox 551 2256 631 2294; x_wconf 87' lang='lat' dir='ltr'><strong>saera</strong></span> <span class='ocrx_word' id='word_1_160' title='bbox 650 2237 803 2315; x_wconf 88' lang='lat' dir='ltr'><strong>impleant:</strong></span> <span class='ocrx_word' id='word_1_161' title='bbox 826 2236 1046 2294; x_wconf 81' lang='lat' dir='ltr'><strong>acatholicorum</strong></span> <span class='ocrx_word' id='word_1_162' title='bbox 1067 2246 1161 2295; x_wconf 89' lang='lat' dir='ltr'><strong>autem</strong></span> <span class='ocrx_word' id='word_1_163' title='bbox 1181 2251 1279 2295; x_wconf 87' lang='lat' dir='ltr'><strong>curam</strong></span> 
     </span>
     <span class='ocr_line' id='line_1_19' title="bbox 186 2333 1280 2411; baseline -0.003 -16"><span class='ocrx_word' id='word_1_164' title='bbox 186 2356 243 2396; x_wconf 92' lang='lat' dir='ltr'><strong>non</strong></span> <span class='ocrx_word' id='word_1_165' title='bbox 256 2336 340 2394; x_wconf 90' lang='lat' dir='ltr'><strong>debet</strong></span> <span class='ocrx_word' id='word_1_166' title='bbox 348 2355 503 2402; x_wconf 89' lang='lat' dir='ltr'><strong>assumere,</strong></span> <span class='ocrx_word' id='word_1_167' title='bbox 519 2353 608 2408; x_wconf 90' lang='lat' dir='ltr'><strong>quum</strong></span> <span class='ocrx_word' id='word_1_168' title='bbox 631 2355 689 2394; x_wconf 90' lang='lat' dir='ltr'><strong>non</strong></span> <span class='ocrx_word' id='word_1_169' title='bbox 718 2337 809 2411; x_wconf 88' lang='lat' dir='ltr'><strong>possit</strong></span> <span class='ocrx_word' id='word_1_170' title='bbox 828 2335 930 2392; x_wconf 75' lang='lat' dir='ltr'><strong>haeresi</strong></span> <span class='ocrx_word' id='word_1_171' title='bbox 944 2334 1038 2391; x_wconf 87' lang='lat' dir='ltr'><strong>favere</strong></span> <span class='ocrx_word' id='word_1_172' title='bbox 1052 2353 1102 2392; x_wconf 88' lang='lat' dir='ltr'><strong>ecs</strong></span> <span class='ocrx_word' id='word_1_173' title='bbox 1123 2337 1153 2393; x_wconf 91' lang='lat' dir='ltr'><strong>in</strong></span> <span class='ocrx_word' id='word_1_174' title='bbox 1166 2353 1200 2392; x_wconf 90' lang='lat' dir='ltr'><strong>ea</strong></span> <span class='ocrx_word' id='word_1_175' title='bbox 1213 2333 1280 2392; x_wconf 89' lang='lat' dir='ltr'><strong>edu·</strong></span> 
     </span>
     <span class='ocr_line' id='line_1_20' title="bbox 188 2417 1281 2511; baseline -0.004 -18"><span class='ocrx_word' id='word_1_176' title='bbox 188 2435 288 2503; x_wconf 90' lang='lat' dir='ltr'><strong>cando,</strong></span> <span class='ocrx_word' id='word_1_177' title='bbox 303 2445 330 2492; x_wconf 89' lang='lat' dir='ltr'><strong>et</strong></span> <span class='ocrx_word' id='word_1_178' title='bbox 343 2435 469 2507; x_wconf 85' lang='lat' dir='ltr'><strong>alioquin</strong></span> <span class='ocrx_word' id='word_1_179' title='bbox 483 2433 625 2492; x_wconf 88' lang='lat' dir='ltr'><strong>videretur</strong></span> <span class='ocrx_word' id='word_1_180' title='bbox 638 2435 744 2493; x_wconf 90' lang='lat' dir='ltr'><strong>violare</strong></span> <span class='ocrx_word' id='word_1_181' title='bbox 758 2434 844 2491; x_wconf 89' lang='lat' dir='ltr'><strong>fidem</strong></span> <span class='ocrx_word' id='word_1_182' title='bbox 865 2433 990 2491; x_wconf 86' lang='lat' dir='ltr'><strong>testatori</strong></span> <span class='ocrx_word' id='word_1_183' title='bbox 1001 2433 1047 2490; x_wconf 91' lang='lat' dir='ltr'><strong>vel</strong></span> <span class='ocrx_word' id='word_1_184' title='bbox 1061 2433 1158 2492; x_wconf 78' lang='lat' dir='ltr'><strong>Ouriae</strong></span> <span class='ocrx_word' id='word_1_185' title='bbox 1172 2417 1281 2511; x_wconf 78' lang='lat' dir='ltr'><strong>presti-</strong></span> 
     </span>
     <span class='ocr_line' id='line_1_21' title="bbox 189 2532 1281 2609; baseline -0.001 -19"><span class='ocrx_word' id='word_1_186' title='bbox 189 2542 256 2602; x_wconf 89' lang='lat' dir='ltr'><strong>tam,</strong></span> <span class='ocrx_word' id='word_1_187' title='bbox 270 2534 327 2590; x_wconf 88' lang='lat' dir='ltr'><strong>nisi</strong></span> <span class='ocrx_word' id='word_1_188' title='bbox 340 2535 401 2609; x_wconf 88' lang='lat' dir='ltr'><strong>ejus</strong></span> <span class='ocrx_word' id='word_1_189' title='bbox 416 2534 529 2590; x_wconf 90' lang='lat' dir='ltr'><strong>arbitrio</strong></span> <span class='ocrx_word' id='word_1_190' title='bbox 543 2533 714 2608; x_wconf 88' lang='lat' dir='ltr'><strong>permissum</strong></span> <span class='ocrx_word' id='word_1_191' title='bbox 728 2533 765 2589; x_wconf 89' lang='lat' dir='ltr'><strong>sit</strong></span> <span class='ocrx_word' id='word_1_192' title='bbox 784 2551 834 2589; x_wconf 89' lang='lat' dir='ltr'><strong>ecs</strong></span> <span class='ocrx_word' id='word_1_193' title='bbox 848 2551 899 2608; x_wconf 90' lang='lat' dir='ltr'><strong>pro</strong></span> <span class='ocrx_word' id='word_1_194' title='bbox 913 2532 1089 2590; x_wconf 91' lang='lat' dir='ltr'><strong>conscientia</strong></span> <span class='ocrx_word' id='word_1_195' title='bbox 1108 2552 1159 2590; x_wconf 89' lang='lat' dir='ltr'><strong>sua</strong></span> <span class='ocrx_word' id='word_1_196' title='bbox 1178 2534 1281 2590; x_wconf 83' lang='lat' dir='ltr'><strong>instru-</strong></span> 
     </span>
     <span class='ocr_line' id='line_1_22' title="bbox 187 2629 1281 2697; baseline -0.004 -8"><span class='ocrx_word' id='word_1_197' title='bbox 187 2651 245 2690; x_wconf 89' lang='lat' dir='ltr'><strong>ere.</strong></span> <span class='ocrx_word' id='word_1_198' title='bbox 288 2631 347 2688; x_wconf 87' lang='lat' dir='ltr'><strong>Res</strong></span> <span class='ocrx_word' id='word_1_199' title='bbox 370 2650 468 2689; x_wconf 88' lang='lat' dir='ltr'><strong>eorum</strong></span> <span class='ocrx_word' id='word_1_200' title='bbox 488 2630 609 2688; x_wconf 88' lang='lat' dir='ltr'><strong>fideliter</strong></span> <span class='ocrx_word' id='word_1_201' title='bbox 629 2629 822 2688; x_wconf 88' lang='lat' dir='ltr'><strong>administrare</strong></span> <span class='ocrx_word' id='word_1_202' title='bbox 843 2630 935 2697; x_wconf 90' lang='lat' dir='ltr'><strong>debet,</strong></span> <span class='ocrx_word' id='word_1_203' title='bbox 951 2639 980 2686; x_wconf 91' lang='lat' dir='ltr'><strong>et</strong></span> <span class='ocrx_word' id='word_1_204' title='bbox 1003 2647 1102 2687; x_wconf 90' lang='lat' dir='ltr'><strong>eorum</strong></span> <span class='ocrx_word' id='word_1_205' title='bbox 1115 2631 1281 2688; x_wconf 86' lang='lat' dir='ltr'><strong>utilitatibus</strong></span> 
     </span>
     <span class='ocr_line' id='line_1_23' title="bbox 190 2727 1281 2806; baseline -0.002 -20"><span class='ocrx_word' id='word_1_206' title='bbox 190 2729 357 2786; x_wconf 89' lang='lat' dir='ltr'><strong>consulere:</strong></span> <span class='ocrx_word' id='word_1_207' title='bbox 380 2748 436 2801; x_wconf 91' lang='lat' dir='ltr'><strong>qua</strong></span> <span class='ocrx_word' id='word_1_208' title='bbox 457 2728 493 2786; x_wconf 92' lang='lat' dir='ltr'><strong>de</strong></span> <span class='ocrx_word' id='word_1_209' title='bbox 513 2748 599 2786; x_wconf 89' lang='lat' dir='ltr'><strong>causa</strong></span> <span class='ocrx_word' id='word_1_210' title='bbox 619 2727 697 2805; x_wconf 89' lang='lat' dir='ltr'><strong>leges</strong></span> <span class='ocrx_word' id='word_1_211' title='bbox 720 2728 890 2806; x_wconf 91' lang='lat' dir='ltr'><strong>plerumque</strong></span> <span class='ocrx_word' id='word_1_212' title='bbox 899 2729 1002 2805; x_wconf 87' lang='lat' dir='ltr'><strong>jubent</strong></span> <span class='ocrx_word' id='word_1_213' title='bbox 1014 2736 1045 2784; x_wconf 93' lang='lat' dir='ltr'><strong>ut</strong></span> <span class='ocrx_word' id='word_1_214' title='bbox 1064 2727 1187 2803; x_wconf 87' lang='lat' dir='ltr'><strong>pecunia</strong></span> <span class='ocrx_word' id='word_1_215' title='bbox 1200 2728 1281 2787; x_wconf 90' lang='lat' dir='ltr'><strong>detur</strong></span> 
     </span>
     <span class='ocr_line' id='line_1_24' title="bbox 188 2826 1282 2903; baseline -0.004 -17"><span class='ocrx_word' id='word_1_216' title='bbox 188 2836 296 2894; x_wconf 90' lang='lat' dir='ltr'><strong>mutua,</strong></span> <span class='ocrx_word' id='word_1_217' title='bbox 310 2826 355 2884; x_wconf 88' lang='lat' dir='ltr'><strong>vel</strong></span> <span class='ocrx_word' id='word_1_218' title='bbox 374 2827 507 2885; x_wconf 81' lang='lat' dir='ltr'><strong>actiones</strong></span> <span class='ocrx_word' id='word_1_219' title='bbox 525 2837 724 2903; x_wconf 86' lang='lat' dir='ltr'><strong>comparentur</strong></span> <span class='ocrx_word' id='word_1_220' title='bbox 736 2829 766 2886; x_wconf 89' lang='lat' dir='ltr'><strong>in</strong></span> <span class='ocrx_word' id='word_1_221' title='bbox 789 2827 969 2884; x_wconf 86' lang='lat' dir='ltr'><strong>societatibus</strong></span> <span class='ocrx_word' id='word_1_222' title='bbox 991 2826 1125 2901; x_wconf 89' lang='lat' dir='ltr'><strong>publicis,</strong></span> <span class='ocrx_word' id='word_1_223' title='bbox 1146 2827 1192 2884; x_wconf 89' lang='lat' dir='ltr'><strong>vel</strong></span> <span class='ocrx_word' id='word_1_224' title='bbox 1213 2827 1282 2886; x_wconf 86' lang='lat' dir='ltr'><strong>alias</strong></span> 
     </span>
     <span class='ocr_line' id='line_1_25' title="bbox 187 2925 1283 3001; baseline -0.003 -16"><span class='ocrx_word' id='word_1_225' title='bbox 187 2945 253 2985; x_wconf 91' lang='lat' dir='ltr'><strong>cum</strong></span> <span class='ocrx_word' id='word_1_226' title='bbox 267 2925 345 2983; x_wconf 91' lang='lat' dir='ltr'><strong>luero</strong></span> <span class='ocrx_word' id='word_1_227' title='bbox 360 2926 556 3001; x_wconf 86' lang='lat' dir='ltr'><strong>impendatur:</strong></span> <span class='ocrx_word' id='word_1_228' title='bbox 578 2925 613 2984; x_wconf 90' lang='lat' dir='ltr'><strong>de</strong></span> <span class='ocrx_word' id='word_1_229' title='bbox 628 2927 729 2998; x_wconf 88' lang='lat' dir='ltr'><strong>quibus</strong></span> <span class='ocrx_word' id='word_1_230' title='bbox 749 2925 904 2984; x_wconf 89' lang='lat' dir='ltr'><strong>rationibus</strong></span> <span class='ocrx_word' id='word_1_231' title='bbox 924 2925 998 2983; x_wconf 90' lang='lat' dir='ltr'><strong>lueri</strong></span> <span class='ocrx_word' id='word_1_232' title='bbox 1017 2943 1054 2982; x_wconf 86' lang='lat' dir='ltr'><strong>ex</strong></span> <span class='ocrx_word' id='word_1_233' title='bbox 1067 2925 1189 3000; x_wconf 87' lang='lat' dir='ltr'><strong>pecunia</strong></span> <span class='ocrx_word' id='word_1_234' title='bbox 1214 2926 1283 2984; x_wconf 88' lang='lat' dir='ltr'><strong>alias</strong></span> 
     </span>
     <span class='ocr_line' id='line_1_26' title="bbox 189 3023 1282 3099; baseline 0 -17"><span class='ocrx_word' id='word_1_235' title='bbox 189 3025 382 3082; x_wconf 88' lang='lat' dir='ltr'><strong>disseremus:</strong></span> <span class='ocrx_word' id='word_1_236' title='bbox 404 3025 517 3082; x_wconf 89' lang='lat' dir='ltr'><strong>interim</strong></span> <span class='ocrx_word' id='word_1_237' title='bbox 530 3023 559 3082; x_wconf 94' lang='lat' dir='ltr'><strong>id</strong></span> <span class='ocrx_word' id='word_1_238' title='bbox 573 3024 838 3092; x_wconf 86' lang='lat' dir='ltr'><strong>animadvertentes,</strong></span> <span class='ocrx_word' id='word_1_239' title='bbox 853 3042 940 3096; x_wconf 88' lang='lat' dir='ltr'><strong>quum</strong></span> <span class='ocrx_word' id='word_1_240' title='bbox 964 3024 1026 3099; x_wconf 89' lang='lat' dir='ltr'><strong>ipse</strong></span> <span class='ocrx_word' id='word_1_241' title='bbox 1049 3023 1149 3082; x_wconf 88' lang='lat' dir='ltr'><strong>debeat</strong></span> <span class='ocrx_word' id='word_1_242' title='bbox 1172 3025 1282 3083; x_wconf 87' lang='lat' dir='ltr'><strong>solvere</strong></span> 
     </span>
     <span class='ocr_line' id='line_1_27' title="bbox 189 3121 1283 3202; baseline 0 -20"><span class='ocrx_word' id='word_1_243' title='bbox 189 3143 302 3183; x_wconf 89' lang='lat' dir='ltr'><strong>usuram</strong></span> <span class='ocrx_word' id='word_1_244' title='bbox 317 3121 445 3202; x_wconf 84' lang='lat' dir='ltr'><strong>legalem</strong></span> <span class='ocrx_word' id='word_1_245' title='bbox 459 3125 490 3180; x_wconf 76' lang='lat' dir='ltr'><strong>si&#39;</strong></span> <span class='ocrx_word' id='word_1_246' title='bbox 497 3125 648 3199; x_wconf 88' lang='lat' dir='ltr'><strong>pecuniam</strong></span> <span class='ocrx_word' id='word_1_247' title='bbox 662 3123 820 3200; x_wconf 87' lang='lat' dir='ltr'><strong>neglexerit</strong></span> <span class='ocrx_word' id='word_1_248' title='bbox 831 3123 869 3179; x_wconf 90' lang='lat' dir='ltr'><strong>ita</strong></span> <span class='ocrx_word' id='word_1_249' title='bbox 882 3123 1058 3198; x_wconf 85' lang='lat' dir='ltr'><strong>impendere,</strong></span> <span class='ocrx_word' id='word_1_250' title='bbox 1070 3133 1098 3180; x_wconf 91' lang='lat' dir='ltr'><strong>et</strong></span> <span class='ocrx_word' id='word_1_251' title='bbox 1111 3123 1143 3180; x_wconf 86' lang='lat' dir='ltr'><strong>S.</strong></span> <span class='ocrx_word' id='word_1_252' title='bbox 1154 3121 1283 3200; x_wconf 83' lang='lat' dir='ltr'><strong>Congre-</strong></span> 
     </span>
     <span class='ocr_line' id='line_1_28' title="bbox 190 3221 1315 3298; baseline 0.005 -20"><span class='ocrx_word' id='word_1_253' title='bbox 190 3223 264 3298; x_wconf 90' lang='lat' dir='ltr'><strong>gatio</strong></span> <span class='ocrx_word' id='word_1_254' title='bbox 275 3223 378 3298; x_wconf 91' lang='lat' dir='ltr'><strong>saepius</strong></span> <span class='ocrx_word' id='word_1_255' title='bbox 389 3221 569 3298; x_wconf 88' lang='lat' dir='ltr'><strong>responderit</strong></span> <span class='ocrx_word' id='word_1_256' title='bbox 577 3241 635 3280; x_wconf 89' lang='lat' dir='ltr'><strong>non</strong></span> <span class='ocrx_word' id='word_1_257' title='bbox 645 3240 708 3280; x_wconf 88' lang='lat' dir='ltr'><strong>esse</strong></span> <span class='ocrx_word' id='word_1_258' title='bbox 717 3221 916 3294; x_wconf 86' lang='lat' dir='ltr'><strong>inquietandos</strong></span> <span class='ocrx_word' id='word_1_259' title='bbox 925 3221 974 3292; x_wconf 87' lang='lat' dir='ltr'><strong>qui</strong></span> <span class='ocrx_word' id='word_1_260' title='bbox 984 3239 1046 3280; x_wconf 90' lang='lat' dir='ltr'><strong>eam</strong></span> <span class='ocrx_word' id='word_1_261' title='bbox 1053 3222 1207 3296; x_wconf 91' lang='lat' dir='ltr'><strong>recipiunt,</strong></span> <span class='ocrx_word' id='word_1_262' title='bbox 1217 3242 1283 3280; x_wconf 88' lang='lat' dir='ltr'><strong>eum</strong></span> <span class='ocrx_word' id='word_1_263' title='bbox 1311 3277 1315 3284; x_wconf 92' lang='lat'><em>.</em></span> 
     </span>
     <span class='ocr_line' id='line_1_29' title="bbox 189 3318 1283 3397; baseline -0.001 -19"><span class='ocrx_word' id='word_1_264' title='bbox 189 3339 276 3397; x_wconf 88' lang='lat' dir='ltr'><strong>posse</strong></span> <span class='ocrx_word' id='word_1_265' title='bbox 290 3330 348 3378; x_wconf 91' lang='lat' dir='ltr'><strong>tuta</strong></span> <span class='ocrx_word' id='word_1_266' title='bbox 367 3320 543 3379; x_wconf 87' lang='lat' dir='ltr'><strong>conscientia</strong></span> <span class='ocrx_word' id='word_1_267' title='bbox 561 3338 598 3376; x_wconf 85' lang='lat' dir='ltr'><strong>ex</strong></span> <span class='ocrx_word' id='word_1_268' title='bbox 619 3320 692 3396; x_wconf 89' lang='lat' dir='ltr'><strong>legis</strong></span> <span class='ocrx_word' id='word_1_269' title='bbox 715 3321 877 3378; x_wconf 87' lang='lat' dir='ltr'><strong>anctoritate</strong></span> <span class='ocrx_word' id='word_1_270' title='bbox 904 3336 986 3394; x_wconf 89' lang='lat' dir='ltr'><strong>agere</strong></span> <span class='ocrx_word' id='word_1_271' title='bbox 1009 3318 1045 3376; x_wconf 90' lang='lat' dir='ltr'><strong>ad</strong></span> <span class='ocrx_word' id='word_1_272' title='bbox 1066 3338 1096 3376; x_wconf 87' lang='lat' dir='ltr'><strong>se</strong></span> <span class='ocrx_word' id='word_1_273' title='bbox 1119 3318 1283 3378; x_wconf 87' lang='lat' dir='ltr'><strong>indemnem</strong></span> 
     </span>
     <span class='ocr_line' id='line_1_30' title="bbox 192 3418 806 3496; baseline -0.002 -21"><span class='ocrx_word' id='word_1_274' title='bbox 192 3418 371 3487; x_wconf 84' lang='lat' dir='ltr'><strong>servandum,</strong></span> <span class='ocrx_word' id='word_1_275' title='bbox 386 3420 470 3477; x_wconf 89' lang='lat' dir='ltr'><strong>rebus</strong></span> <span class='ocrx_word' id='word_1_276' title='bbox 480 3418 583 3494; x_wconf 90' lang='lat' dir='ltr'><strong>pupilli</strong></span> <span class='ocrx_word' id='word_1_277' title='bbox 595 3418 700 3477; x_wconf 85' lang='lat' dir='ltr'><strong>utiliter</strong></span> <span class='ocrx_word' id='word_1_278' title='bbox 709 3420 806 3496; x_wconf 89' lang='lat' dir='ltr'><strong>gestis.</strong></span> 
     </span>
    </p>

    <p class='ocr_par' dir='ltr' id='par_1_4' title="bbox 188 3515 1288 4482">
     <span class='ocr_line' id='line_1_31' title="bbox 232 3515 1284 3594; baseline -0.001 -19"><span class='ocrx_word' id='word_1_279' title='bbox 232 3522 281 3575; x_wconf 81' lang='lat'><strong>92.</strong></span> <span class='ocrx_word' id='word_1_280' title='bbox 304 3518 436 3594; x_wconf 89' lang='lat' dir='ltr'><strong>Magistri</strong></span> <span class='ocrx_word' id='word_1_281' title='bbox 450 3518 555 3575; x_wconf 89' lang='lat' dir='ltr'><strong>debent</strong></span> <span class='ocrx_word' id='word_1_282' title='bbox 568 3516 725 3592; x_wconf 87' lang='lat' dir='ltr'><strong>discipulos</strong></span> <span class='ocrx_word' id='word_1_283' title='bbox 734 3518 833 3575; x_wconf 89' lang='lat' dir='ltr'><strong>litteris</strong></span> <span class='ocrx_word' id='word_1_284' title='bbox 844 3525 872 3572; x_wconf 90' lang='lat' dir='ltr'><strong>et</strong></span> <span class='ocrx_word' id='word_1_285' title='bbox 886 3515 1011 3572; x_wconf 89' lang='lat' dir='ltr'><strong>scientiis</strong></span> <span class='ocrx_word' id='word_1_286' title='bbox 1025 3515 1151 3572; x_wconf 88' lang='lat' dir='ltr'><strong>imbuere</strong></span> <span class='ocrx_word' id='word_1_287' title='bbox 1165 3515 1284 3590; x_wconf 88' lang='lat' dir='ltr'><strong>diligen-</strong></span> 
     </span>
     <span class='ocr_line' id='line_1_32' title="bbox 192 3612 1282 3692; baseline -0.003 -18"><span class='ocrx_word' id='word_1_288' title='bbox 192 3626 242 3684; x_wconf 90' lang='lat' dir='ltr'><strong>ter,</strong></span> <span class='ocrx_word' id='word_1_289' title='bbox 255 3625 285 3674; x_wconf 91' lang='lat' dir='ltr'><strong>et</strong></span> <span class='ocrx_word' id='word_1_290' title='bbox 298 3634 413 3674; x_wconf 79' lang='lat' dir='ltr'><strong>omnent</strong></span> <span class='ocrx_word' id='word_1_291' title='bbox 429 3616 561 3673; x_wconf 87' lang='lat' dir='ltr'><strong>adhibere</strong></span> <span class='ocrx_word' id='word_1_292' title='bbox 576 3634 690 3692; x_wconf 89' lang='lat' dir='ltr'><strong>operam</strong></span> <span class='ocrx_word' id='word_1_293' title='bbox 708 3625 738 3673; x_wconf 92' lang='lat' dir='ltr'><strong>nt</strong></span> <span class='ocrx_word' id='word_1_294' title='bbox 751 3615 909 3692; x_wconf 87' lang='lat' dir='ltr'><strong>proficiant.</strong></span> <span class='ocrx_word' id='word_1_295' title='bbox 944 3612 1069 3670; x_wconf 91' lang='lat' dir='ltr'><strong>Peccant</strong></span> <span class='ocrx_word' id='word_1_296' title='bbox 1082 3613 1166 3690; x_wconf 90' lang='lat' dir='ltr'><strong>igitur</strong></span> <span class='ocrx_word' id='word_1_297' title='bbox 1178 3632 1282 3672; x_wconf 89' lang='lat' dir='ltr'><strong>munus</strong></span> 
     </span>
     <span class='ocr_line' id='line_1_33' title="bbox 192 3711 1286 3790; baseline -0.001 -18"><span class='ocrx_word' id='word_1_298' title='bbox 192 3714 314 3773; x_wconf 90' lang='lat' dir='ltr'><strong>docendi</strong></span> <span class='ocrx_word' id='word_1_299' title='bbox 324 3714 497 3790; x_wconf 87' lang='lat' dir='ltr'><strong>usurpando,</strong></span> <span class='ocrx_word' id='word_1_300' title='bbox 508 3715 533 3771; x_wconf 90' lang='lat' dir='ltr'><strong>si</strong></span> <span class='ocrx_word' id='word_1_301' title='bbox 543 3733 602 3772; x_wconf 92' lang='lat' dir='ltr'><strong>non</strong></span> <span class='ocrx_word' id='word_1_302' title='bbox 613 3715 671 3772; x_wconf 91' lang='lat' dir='ltr'><strong>sint</strong></span> <span class='ocrx_word' id='word_1_303' title='bbox 683 3714 788 3772; x_wconf 88' lang='lat' dir='ltr'><strong>idonei.</strong></span> <span class='ocrx_word' id='word_1_304' title='bbox 810 3711 954 3786; x_wconf 89' lang='lat' dir='ltr'><strong>Equidem</strong></span> <span class='ocrx_word' id='word_1_305' title='bbox 964 3731 1023 3769; x_wconf 91' lang='lat' dir='ltr'><strong>non</strong></span> <span class='ocrx_word' id='word_1_306' title='bbox 1031 3712 1130 3769; x_wconf 90' lang='lat' dir='ltr'><strong>eadem</strong></span> <span class='ocrx_word' id='word_1_307' title='bbox 1139 3713 1244 3784; x_wconf 89' lang='lat' dir='ltr'><strong>ubique</strong></span> <span class='ocrx_word' id='word_1_308' title='bbox 1255 3715 1286 3771; x_wconf 92' lang='lat' dir='ltr'><strong>in</strong></span> 
     </span>
     <span class='ocr_line' id='line_1_34' title="bbox 191 3809 1285 3889; baseline -0.002 -18"><span class='ocrx_word' id='word_1_309' title='bbox 191 3813 387 3888; x_wconf 88' lang='lat' dir='ltr'><strong>ludimagistro</strong></span> <span class='ocrx_word' id='word_1_310' title='bbox 401 3814 524 3889; x_wconf 84' lang='lat' dir='ltr'><strong>exigitur</strong></span> <span class='ocrx_word' id='word_1_311' title='bbox 537 3814 656 3888; x_wconf 88' lang='lat' dir='ltr'><strong>peritia;</strong></span> <span class='ocrx_word' id='word_1_312' title='bbox 678 3812 729 3870; x_wconf 92' lang='lat' dir='ltr'><strong>sed</strong></span> <span class='ocrx_word' id='word_1_313' title='bbox 751 3832 803 3888; x_wconf 89' lang='lat' dir='ltr'><strong>pro</strong></span> <span class='ocrx_word' id='word_1_314' title='bbox 824 3813 880 3870; x_wconf 93' lang='lat' dir='ltr'><strong>loci</strong></span> <span class='ocrx_word' id='word_1_315' title='bbox 901 3820 930 3867; x_wconf 89' lang='lat' dir='ltr'><strong>et</strong></span> <span class='ocrx_word' id='word_1_316' title='bbox 948 3809 1144 3886; x_wconf 85' lang='lat' dir='ltr'><strong>adjunctorum</strong></span> <span class='ocrx_word' id='word_1_317' title='bbox 1165 3813 1285 3878; x_wconf 88' lang='lat' dir='ltr'><strong>ratione,</strong></span> 
     </span>
     <span class='ocr_line' id='line_1_35' title="bbox 191 3909 1286 3986; baseline -0.001 -17"><span class='ocrx_word' id='word_1_318' title='bbox 191 3911 274 3970; x_wconf 89' lang='lat' dir='ltr'><strong>debet</strong></span> <span class='ocrx_word' id='word_1_319' title='bbox 287 3911 355 3968; x_wconf 90' lang='lat' dir='ltr'><strong>satis</strong></span> <span class='ocrx_word' id='word_1_320' title='bbox 369 3912 469 3968; x_wconf 89' lang='lat' dir='ltr'><strong>instrui</strong></span> <span class='ocrx_word' id='word_1_321' title='bbox 482 3911 582 3968; x_wconf 88' lang='lat' dir='ltr'><strong>litteris</strong></span> <span class='ocrx_word' id='word_1_322' title='bbox 595 3919 626 3969; x_wconf 91' lang='lat' dir='ltr'><strong>ut</strong></span> <span class='ocrx_word' id='word_1_323' title='bbox 646 3929 751 3968; x_wconf 90' lang='lat' dir='ltr'><strong>munus</strong></span> <span class='ocrx_word' id='word_1_324' title='bbox 764 3910 841 3984; x_wconf 91' lang='lat' dir='ltr'><strong>quod</strong></span> <span class='ocrx_word' id='word_1_325' title='bbox 862 3909 1009 3986; x_wconf 88' lang='lat' dir='ltr'><strong>profitetur</strong></span> <span class='ocrx_word' id='word_1_326' title='bbox 1021 3917 1197 3981; x_wconf 86' lang='lat' dir='ltr'><strong>exequatur:</strong></span> <span class='ocrx_word' id='word_1_327' title='bbox 1219 3929 1286 3986; x_wconf 90' lang='lat' dir='ltr'><strong>pec·</strong></span> 
     </span>
     <span class='ocr_line' id='line_1_36' title="bbox 192 4007 1286 4086; baseline 0.002 -19"><span class='ocrx_word' id='word_1_328' title='bbox 192 4020 236 4068; x_wconf 88' lang='lat' dir='ltr'><strong>cat</strong></span> <span class='ocrx_word' id='word_1_329' title='bbox 249 4010 357 4085; x_wconf 89' lang='lat' dir='ltr'><strong>quippe</strong></span> <span class='ocrx_word' id='word_1_330' title='bbox 371 4019 468 4067; x_wconf 91' lang='lat' dir='ltr'><strong>contra</strong></span> <span class='ocrx_word' id='word_1_331' title='bbox 476 4010 628 4086; x_wconf 86' lang='lat' dir='ltr'><strong>justitiam,</strong></span> <span class='ocrx_word' id='word_1_332' title='bbox 649 4018 677 4065; x_wconf 88' lang='lat' dir='ltr'><strong>et</strong></span> <span class='ocrx_word' id='word_1_333' title='bbox 690 4008 724 4066; x_wconf 87' lang='lat' dir='ltr'><strong>ad</strong></span> <span class='ocrx_word' id='word_1_334' title='bbox 737 4007 941 4067; x_wconf 89' lang='lat' dir='ltr'><strong>restituendum</strong></span> <span class='ocrx_word' id='word_1_335' title='bbox 962 4015 1081 4074; x_wconf 89' lang='lat' dir='ltr'><strong>tenetur,</strong></span> <span class='ocrx_word' id='word_1_336' title='bbox 1096 4007 1121 4062; x_wconf 89' lang='lat' dir='ltr'><strong>si</strong></span> <span class='ocrx_word' id='word_1_337' title='bbox 1135 4008 1286 4068; x_wconf 84' lang='lat' dir='ltr'><strong>scientiam</strong></span> 
     </span>
     <span class='ocr_line' id='line_1_37' title="bbox 188 4103 1287 4186; baseline 0 -20"><span class='ocrx_word' id='word_1_338' title='bbox 188 4106 323 4186; x_wconf 87' lang='lat' dir='ltr'><strong>jactando</strong></span> <span class='ocrx_word' id='word_1_339' title='bbox 336 4109 487 4184; x_wconf 89' lang='lat' dir='ltr'><strong>pecuniam</strong></span> <span class='ocrx_word' id='word_1_340' title='bbox 502 4109 633 4185; x_wconf 88' lang='lat' dir='ltr'><strong>accipiat,</strong></span> <span class='ocrx_word' id='word_1_341' title='bbox 654 4106 846 4165; x_wconf 88' lang='lat' dir='ltr'><strong>conditionem</strong></span> <span class='ocrx_word' id='word_1_342' title='bbox 867 4106 903 4164; x_wconf 95' lang='lat' dir='ltr'><strong>ob</strong></span> <span class='ocrx_word' id='word_1_343' title='bbox 924 4123 1008 4176; x_wconf 88' lang='lat' dir='ltr'><strong>quam</strong></span> <span class='ocrx_word' id='word_1_344' title='bbox 1023 4103 1105 4162; x_wconf 91' lang='lat' dir='ltr'><strong>datur</strong></span> <span class='ocrx_word' id='word_1_345' title='bbox 1117 4124 1176 4164; x_wconf 92' lang='lat' dir='ltr'><strong>non</strong></span> <span class='ocrx_word' id='word_1_346' title='bbox 1189 4109 1287 4168; x_wconf 89' lang='lat' dir='ltr'><strong>valens</strong></span> 
     </span>
     <span class='ocr_line' id='line_1_38' title="bbox 192 4193 1288 4282; baseline 0.003 -18"><span class='ocrx_word' id='word_1_347' title='bbox 192 4207 321 4282; x_wconf 89' lang='lat' dir='ltr'><strong>implere.</strong></span> <span class='ocrx_word' id='word_1_348' title='bbox 363 4207 421 4264; x_wconf 83' lang='lat' dir='ltr'><strong>Sed</strong></span> <span class='ocrx_word' id='word_1_349' title='bbox 435 4215 464 4264; x_wconf 92' lang='lat' dir='ltr'><strong>et</strong></span> <span class='ocrx_word' id='word_1_350' title='bbox 476 4225 594 4282; x_wconf 88' lang='lat' dir='ltr'><strong>peecare</strong></span> <span class='ocrx_word' id='word_1_351' title='bbox 608 4205 766 4263; x_wconf 89' lang='lat' dir='ltr'><strong>censendus</strong></span> <span class='ocrx_word' id='word_1_352' title='bbox 785 4215 829 4262; x_wconf 89' lang='lat' dir='ltr'><strong>est</strong></span> <span class='ocrx_word' id='word_1_353' title='bbox 850 4203 972 4281; x_wconf 87' lang='lat' dir='ltr'><strong>graviter</strong></span> <span class='ocrx_word' id='word_1_354' title='bbox 992 4193 1244 4276; x_wconf 56' lang='lat' dir='ltr'><strong>qui&#39;necessariam</strong></span> <span class='ocrx_word' id='word_1_355' title='bbox 1258 4211 1288 4266; x_wconf 92' lang='lat' dir='ltr'><strong>in</strong></span> 
     </span>
     <span class='ocr_line' id='line_1_39' title="bbox 193 4303 1286 4382; baseline 0.003 -20"><span class='ocrx_word' id='word_1_356' title='bbox 193 4304 322 4363; x_wconf 89' lang='lat' dir='ltr'><strong>docendo</strong></span> <span class='ocrx_word' id='word_1_357' title='bbox 345 4305 519 4382; x_wconf 86' lang='lat' dir='ltr'><strong>diligentiam</strong></span> <span class='ocrx_word' id='word_1_358' title='bbox 543 4304 654 4370; x_wconf 89' lang='lat' dir='ltr'><strong>omittit,</strong></span> <span class='ocrx_word' id='word_1_359' title='bbox 676 4321 838 4380; x_wconf 88' lang='lat' dir='ltr'><strong>puerosque</strong></span> <span class='ocrx_word' id='word_1_360' title='bbox 859 4303 916 4360; x_wconf 90' lang='lat' dir='ltr'><strong>otio</strong></span> <span class='ocrx_word' id='word_1_361' title='bbox 938 4310 1100 4378; x_wconf 87' lang='lat' dir='ltr'><strong>torpescere</strong></span> <span class='ocrx_word' id='word_1_362' title='bbox 1123 4304 1200 4374; x_wconf 88' lang='lat' dir='ltr'><strong>sinit,</strong></span> <span class='ocrx_word' id='word_1_363' title='bbox 1221 4326 1286 4364; x_wconf 90' lang='lat' dir='ltr'><strong>curn</strong></span> 
     </span>
     <span class='ocr_line' id='line_1_40' title="bbox 193 4400 1288 4482; baseline 0 -21"><span class='ocrx_word' id='word_1_364' title='bbox 193 4405 330 4481; x_wconf 88' lang='lat' dir='ltr'><strong>temporis</strong></span> <span class='ocrx_word' id='word_1_365' title='bbox 353 4404 539 4482; x_wconf 83' lang='lat' dir='ltr'><strong>pecuniaeque</strong></span> <span class='ocrx_word' id='word_1_366' title='bbox 558 4403 679 4479; x_wconf 87' lang='lat' dir='ltr'><strong>jactura.</strong></span> <span class='ocrx_word' id='word_1_367' title='bbox 721 4401 854 4460; x_wconf 80' lang='lat' dir='ltr'><strong>Moribus</strong></span> <span class='ocrx_word' id='word_1_368' title='bbox 878 4400 1083 4480; x_wconf 88' lang='lat' dir='ltr'><strong>discipulorum</strong></span> <span class='ocrx_word' id='word_1_369' title='bbox 1105 4402 1188 4460; x_wconf 88' lang='lat' dir='ltr'><strong>debet</strong></span> <span class='ocrx_word' id='word_1_370' title='bbox 1209 4423 1288 4481; x_wconf 90' lang='lat' dir='ltr'><strong>pros·</strong></span> 
     </span>
    </p>
   </div>
   <div class='ocr_carea' id='block_1_3' title="bbox 0 0 1556 5260">
    <p class='ocr_par' dir='ltr' id='par_1_5' title="bbox 0 0 1556 5260">
     <span class='ocr_line' id='line_1_41' title="bbox 0 0 1556 5260; baseline 0 0"><span class='ocrx_word' id='word_1_371' title='bbox 0 0 1556 5260; x_wconf 95' lang='lat' dir='ltr'><strong> </strong></span> 
     </span>
    </p>
   </div>
  </div>
 </body>
</html>
