3076 5260
295 519 354 574 384
474 511 530 571 DE
552 511 790 572 PARENTUM
812 509 1185 572 OBLIGATIONIBUS.

293 677 416 738 dedecus
430 675 592 754 tegendum.
634 675 720 744 Quod
739 676 764 734 si
781 675 899 736 iufamia
918 673 983 733 inde
1003 665 1150 734 immineat
1170 684 1300 752 “potest
1320 684 1385 733 tunc

294 795 327 836 ea
339 775 374 834 de
388 795 473 834 causa
485 794 552 834 eum
564 776 697 852 hospitali
710 793 854 852 exponere
867 775 921 834 hac
935 772 1095 834 conditione
1109 785 1139 832 ut
1152 775 1292 850 expensis
1307 774 1384 832 satis·

294 875 386 942 saciat,
401 875 425 932 si
438 883 542 952 potest,
555 883 717 948 rectamque
731 874 806 934 illius
820 873 1023 932 institutionem
1036 872 1135 932 curet”
1148 865 1170 940 ;1
1191 871 1245 930 sed
1255 872 1311 931 hoc
1324 891 1386 948 per-

297 972 412 1033 difficile
426 985 479 1032 est.

334 1075 383 1130 84.
406 1073 500 1132 Mater
512 1081 630 1140 tenetur,
645 1073 698 1130 sub
710 1071 814 1130 veniali
834 1070 932 1128 saltem
953 1069 1045 1146 culpa,
1059 1069 1170 1146 prolem
1184 1069 1304 1144 proprio
1315 1068 1386 1126 lactc

297 1171 413 1240 nutrire,
437 1173 479 1230 sic
502 1171 578 1228 enim
600 1172 655 1229 sert
676 1171 738 1246 ipsa
759 1176 873 1228 natura:
905 1177 1055 1226 excusatur
1078 1177 1173 1226 tamen
1193 1185 1259 1239 quae
1279 1165 1387 1224 afflicta

294 1286 383 1342 quum
403 1270 440 1327 sit
458 1267 625 1327 valetudinis
646 1268 745 1341 nequit
766 1285 869 1324 munus
893 1266 963 1324 illud
983 1267 1039 1324 uisi
1060 1285 1126 1325 cnm
1139 1266 1204 1323 vita
1224 1263 1388 1322 discrimine

294 1363 391 1425 obire:
413 1367 464 1426 sed
476 1367 614 1426 nutricem
627 1368 731 1425 bonam
744 1365 830 1424 debet
842 1366 1010 1438 exquirere:
1032 1367 1082 1423 vix
1102 1374 1196 1422 autem
1210 1363 1387 1421 excusationi

297 1465 425 1524 habenda
438 1475 482 1524 est
493 1463 669 1524 consuetudo
682 1464 757 1540 apud
770 1463 902 1522 mulieres
922 1462 1023 1521 divites
1044 1472 1072 1521 et
1091 1463 1196 1521 altioris
1211 1460 1382 1520 conditionis

295 1561 416 1622 inducta.
457 1564 476 1621 J
478 1582 511 1621 us
525 1564 607 1620 civile
621 1563 703 1620 matri
722 1563 857 1633 relinquit
876 1579 948 1618 onus
968 1561 1077 1636 prolem
1091 1559 1236 1618 nutriendi
1250 1560 1289 1617 ad
1303 1561 1384 1616 trien·

298 1662 378 1718 nium
408 1659 596 1717 “remedium
622 1659 820 1717 alimentorum
846 1659 948 1735 majori
973 1658 1078 1717 trimo’'
1106 1655 1298 1716 concedens.2
1337 1657 1389 1715 Jus

296 1763 447 1806 commune
461 1756 548 1826 patris
561 1755 761 1828 obligationem
775 1756 884 1830 prolem
897 1757 1072 1813 sustentandi
1093 1757 1242 1830 agnoscit;
1265 1755 1320 1811 sed
1334 1774 1390 1825 qua

298 1845 406 1902 ratione
430 1846 573 1922 implenda
594 1849 632 1905 sit
653 1868 690 1906 ex
711 1851 821 1925 legibus
835 1850 1005 1924 specialibus
1027 1845 1164 1924 pendetz³
1183 1850 1267 1904 facile
1290 1858 1390 1906 tamen

297 1951 374 2016 pater
386 1953 517 1997 censetur
529 1961 593 1996 sese
607 1955 749 1996 contractu
763 1947 903 2014 obligasse
917 1943 952 1995 ad
964 1944 1133 2000 solvendum
1147 1961 1211 2011 quaa
1225 1943 1389 1998 necessaria

300 2031 393 2096 suut.⁴

338 2139 387 2192 85.
409 2134 488 2192 Proli
500 2133 577 2193 haud
595 2135 729 2211 legitimae
750 2133 908 2192 necessaria
930 2151 947 2190 a
968 2142 1047 2209 patre
1070 2131 1282 2209 suppeditanda
1303 2128 1389 2192 sunt⁵

298 2233 391 2312 Leges
406 2234 535 2291 Seruum
548 2232 745 2292 foederatorum
759 2233 980 2308 magistratuum,
991 2232 1036 2288 vel
1046 2231 1185 2307 judicum,
1202 2232 1320 2290 arbitrio
1334 2232 1390 2307 ple·

297 2350 416 2404 rumque
430 2332 595 2406 permittunt
604 2330 720 2388 definire
734 2329 802 2402 quid
815 2329 852 2385 sit
864 2327 1042 2397 solvendum;
1054 2337 1240 2402 compatrem
1254 2329 1389 2386 habentes

298 2446 384 2500 quern
404 2437 493 2484 mater
509 2429 603 2502 Jurata
616 2426 736 2483 affirmat
748 2426 858 2500 prolem
872 2418 1034 2501 genuisse.⁶

335 2528 385 2583 86.
406 2525 543 2582 Parentes
557 2523 659 2580 debent
671 2523 746 2580 filios
759 2522 841 2579 bouis
861 2522 987 2580 imbuere
1008 2524 1113 2604 artibus
1134 2541 1186 2597 pro
1207 2531 1282 2580 statu
1297 2541 1350 2581 suo
1363 2534 1388 2580 et

297 2625 360 2683 vitae
374 2621 546 2690 conditione,
560 2621 631 2679 adeo
644 2628 676 2678 ut
694 2620 815 2698 graviter
835 2630 954 2695 peccent
975 2620 1068 2693 quiid
1089 2621 1207 2678 omnino
1229 2621 1386 2698 negligunt,

298 2722 343 2779 vel
363 2721 411 2795 qui
424 2721 583 2797 sumptibus
596 2721 738 2787 inanibus,
753 2717 798 2775 vel
811 2718 1028 2793 intemperantia
1048 2737 1080 2776 se
1094 2719 1219 2795 impares
1239 2719 1351 2778 faciunt
1362 2718 1387 2774 ei

298 2816 466 2895 praestando.
509 2818 621 2875 Debent
634 2819 717 2875 etiam
730 2834 779 2873 eos
793 2814 968 2872 documentis
987 2815 1159 2874 Christianis
1174 2817 1316 2886 imbuere,
1330 2833 1387 2874 eos·

298 2932 353 2989 que
376 2913 411 2970 ad
431 2915 563 2972 virtutum
585 2915 752 2971 exercitium
775 2914 930 2980 instituere,
954 2915 1179 2990 mansuetudinis
1203 2916 1340 2992 exemplo
1361 2922 1388 2970 et

296 3011 375 3067 omni
388 3012 499 3084 pietatis
509 3011 620 3068 officio:
652 3011 714 3068 “Et
726 3029 776 3068 vos
790 3017 883 3085 patres
897 3011 984 3069 nolite
998 3011 1033 3070 ad
1045 3012 1218 3071 iracundiam
1233 3029 1387 3090 provocare

300 3105 373 3166 filios
386 3115 493 3165 vestros
505 3126 513 3175 3
528 3106 578 3164 sed
588 3105 704 3165 educate
714 3107 777 3166 illos
788 3105 978 3184 indisciplina
991 3121 1019 3169 et
1032 3113 1210 3189 correptione
1221 3105 1388 3171 Domini.'’⁷

335 3345 376 3408 (l)
391 3343 475 3408 Mayol
487 3345 582 3410 Expos.
595 3345 626 3394 iv.
638 3361 708 3410 praec.
720 3353 762 3396 art.
778 3348 799 3394 l.

334 3427 376 3493 (2)
390 3427 452 3478 cod.
464 3429 499 3479 tit.
512 3430 576 3481 xlvii.
587 3446 611 3479 n.
624 3431 646 3478 9.
659 3429 697 3478 De
709 3429 785 3493 patria
797 3437 924 3494 potestate.

336 3513 378 3578 (3)
393 3512 456 3562 Vide
467 3513 498 3561 43
512 3514 573 3564 eriz.
582 3531 603 3564 c.
615 3515 638 3562 2.
649 3515 676 3564 in
685 3514 880 3564 adnotationibus
892 3514 979 3565 cnitni
991 3515 1021 3563 ad
1034 3513 1186 3564 Blaclrstouii
1199 3513 1300 3568 Comm.
1313 3515 1328 3565 l.
1340 3515 1355 3563 i.
1366 3531 1388 3563 u.

298 3594 355 3645 448.
389 3597 435 3643 “A
448 3606 533 3660 parent
544 3613 608 3662 may,
620 3598 697 3647 under
709 3598 903 3656 circumstances,
913 3599 943 3646 be
954 3597 1061 3648 indicted
1076 3606 1101 3648 at
1111 3599 1230 3648 'common
1242 3600 1291 3648 law
1302 3599 1338 3648 scr
1349 3605 1390 3647 not

299 3679 433 3744 supplying
444 3695 476 3729 un
486 3680 565 3730 infant
576 3681 642 3731 child
655 3681 714 3730 with
726 3680 895 3732 necessarias.”

335 3763 376 3829 (4)
397 3762 516 3826 “During
528 3764 569 3813 the
587 3764 700 3828 minority
713 3765 741 3814 of
754 3782 769 3814 a
781 3765 846 3838 child
858 3800 864 3816 .
877 3799 902 3815 ..
920 3765 961 3814 the
977 3772 1064 3829 parent
1081 3765 1102 3814 is
1118 3766 1256 3828 absolutely
1268 3763 1352 3814 bound
1366 3770 1390 3812 to

300 3849 397 3912 provide
409 3851 550 3913 reasonably
562 3849 598 3899 for
609 3849 647 3898 his
658 3851 828 3902 mainteuance
843 3853 891 3902 and
909 3852 1046 3912 education‚
1061 3853 1110 3902 and
1121 3854 1154 3902 he
1166 3869 1223 3916 may
1233 3855 1264 3902 be
1281 3853 1341 3901 sned
1355 3851 1391 3899 lor

300 3935 448 3986 necessarias
459 3935 591 3996 sumished
604 3936 652 3985 and
666 3936 793 3998 schooling
805 3937 877 3998 given
895 3944 920 3987 to
940 3954 954 3986 a
965 3937 1030 3987 child
1042 3938 1118 3988 under
1127 3941 1179 4004 just
1191 3938 1241 3987 and
1253 3936 1390 3987 reasonable

296 4019 508 4070 circumstances.'’
532 4019 620 4070 Kent's
632 4019 729 4070 Oomm.
742 4023 789 4071 vol.
800 4021 823 4072 ii.
835 4038 859 4086 p.
872 4021 904 4071 iv.
916 4021 973 4072 Leo.
985 4022 1054 4073 xxix.

335 4103 378 4168 (5)
398 4105 462 4168 Gap.
473 4121 496 4154 v.
507 4105 537 4155 de
548 4121 578 4155 eo
589 4104 632 4168 qni
646 4106 726 4156 duxit.

334 4186 376 4250 (6)
396 4187 460 4236 Vide
477 4187 563 4250 Digsst
580 4191 608 4239 ol
621 4189 695 4240 Laws
712 4190 741 4241 ol
753 4189 943 4254 Peuusylvauia,
960 4197 1004 4240 art
1017 4187 1179 4240 Fornicattbn
1191 4186 1245 4238 and
1256 4185 1389 4252 Bnctordy.

299 4274 322 4317 st
336 4268 475 4329 Elackston,
488 4272 530 4320 l.i.
546 4288 571 4322 n.
581 4274 641 4322 458.

335 4352 377 4417 (7)
392 4351 458 4416 pr.
470 4353 502 4402 vi.
514 4357 538 4402 4.
