3068 5256
265 455 303 510 82
533 449 590 508 DE
611 448 813 508 SECUNDO
834 445 1086 506 PRAEOEPTO.

267 614 366 673 ‘Deus
373 613 517 670 testabitur
529 631 583 671 suo
596 613 743 689 tempore,’
760 621 870 670 ‘coram
879 611 943 668 Deo
956 608 1078 682 loquor,’
1095 607 1191 666 ‘Deus
1207 611 1288 668 novit
1300 628 1360 668 onr-

265 712 333 780 1ιί13
346 722 354 748 ‘
364 711 444 770 Deus
452 711 529 768 videt
536 729 630 770 meam
638 709 862 777 conscientiam‚’
874 717 1024 766 censentur
1031 716 1139 764 tannim
1146 709 1288 766 narrative
1296 727 1359 784 pro-

266 812 344 879 ferri,
355 830 413 870 non
425 810 581 868 invocativa
597 809 693 890 (atque
707 808 777 868 adeo
791 827 849 866 non
862 818 927 865 sunt
935 801 1120 884 juramenta),
1134 806 1191 863 nisi
1205 805 1281 863 aliud
1294 825 1358 864 con.

266 918 330 976 stet,
341 919 388 968 aut
394 909 611 967 circumstantiis
620 908 785 984 probetur‚”
797 907 890 978 inquit
898 906 1091 963 Busembaum
1100 903 1177 978 apud
1185 904 1217 960 S.
1229 905 1359 980 Alphon-

268 1001 358 1065 sum.¹
398 1005 479 1065 Idem
492 1005 644 1066 dicendum
657 1007 692 1064 de
706 1007 827 1064 formula
840 1005 887 1063 illa
907 1023 969 1076 quae
984 1003 1173 1061 communiter
1186 1011 1357 1079 usurpatur:

268 1113 288 1140 ‘¹
298 1104 363 1162 Deo
373 1103 517 1162 declaro.'’
553 1114 572 1140 “
584 1105 653 1164 Non
664 1114 730 1163 unt
735 1102 928 1182 juramenta‚''
943 1103 1036 1180 pergit
1045 1101 1250 1168 Busembaum,
1266 1109 1285 1136 ‘⁴
1295 1119 1358 1172 quae

268 1202 400 1261 dicuntur
413 1221 464 1278 per
483 1201 600 1260 modum
620 1204 802 1278 sponsionis;
822 1204 900 1259 verb.
921 1220 963 1276 gr.
986 1210 1120 1276 ‘expono
1140 1208 1225 1274 caput
1237 1198 1357 1266 meum,’

269 1309 467 1377 ‘amputentur
479 1301 550 1358 mihi
564 1319 655 1368 aurea,
669 1304 700 1360 ni
713 1303 752 1360 ita
764 1300 832 1358 sit.”
875 1300 975 1356 “Non
997 1309 1064 1357 sunt
1081 1302 1253 1376 juramenta,
1268 1297 1359 1377 (quod

268 1399 434 1458 confessarii
453 1408 482 1456 et
500 1399 660 1456 catechistae
680 1407 823 1467 moneant,
846 1418 883 1456 ne
904 1417 941 1454 cx
962 1417 1079 1455 erronea
1100 1397 1274 1455 conscientia
1294 1415 1360 1472 pec·

269 1495 370 1576 cctur)’
385 1517 461 1565 vere,
473 1508 557 1566 certe,
569 1500 599 1556 in
607 1500 731 1566 veritate,
742 1496 798 1554 fide
806 1498 874 1554 boni
884 1497 947 1562 viri,
959 1495 1104 1571 perfidem
1114 1495 1240 1553 meam.'’
1262 1503 1281 1530 ‘⁶
1292 1495 1322 1552 N
1323 1514 1357 1552 ee

268 1615 320 1671 per
332 1597 535 1654 conscientiam
548 1614 650 1663 meam,
665 1615 751 1672 super
764 1595 965 1653 conscientiam
979 1594 1104 1664 mearn.'’
1147 1600 1167 1627 ‘⁶
1176 1593 1249 1650 Item
1262 1593 1358 1651 dicere

271 1701 279 1728 ‘
286 1695 354 1770 juro
367 1695 406 1751 ita
414 1693 499 1761 ese‚’
514 1713 572 1752 non
586 1703 628 1750 est
640 1713 706 1751 vere
715 1695 918 1770 juramentum,
929 1693 997 1764 quia
1006 1701 1072 1750 tunc
1085 1710 1137 1750 nec
1147 1691 1291 1766 explicite,
1306 1711 1359 1750 nec

268 1792 406 1868 implicite
419 1793 548 1851 divinum
561 1794 754 1851 testimonium
773 1791 1034 1866 imploratur-nisi
1047 1791 1224 1867 praecesserit
1239 1791 1359 1849 interro-

268 1892 345 1967 gatio
359 1892 394 1950 de
410 1884 644 1969 jurejurando.”²
684 1900 704 1928 ‘⁴
714 1892 743 1949 N
746 1910 784 1948 on
799 1891 878 1966 jurat
890 1892 939 1962 qui
952 1889 1022 1947 dicit
1034 1898 1091 1946 tam
1103 1907 1202 1946 verum
1215 1898 1259 1945 est
1271 1906 1356 1960 quarn

269 1989 314 2046 sol
325 1990 411 2057 lucet,
427 2009 511 2062 quarn
524 1988 572 2046 hic
591 1987 688 2055 sedeo,
709 1989 831 2054 ambulo,
845 1988 924 2046 &c.''
967 1997 986 2023 “
999 1988 1136 2054 Quamvis
1149 1987 1193 2044 lrae
1207 1996 1236 2043 et
1248 1987 1356 2044 similes

269 2087 515 2160 comparationes:
537 2093 593 2140 tarn
606 2104 704 2142 verum
718 2095 770 2153 est,
789 2103 875 2156 quarn
895 2086 976 2144 Deus
996 2095 1049 2153 est,
1064 2103 1148 2156 quarn
1168 2084 1302 2142 Christus
1315 2093 1358 2142 est

269 2183 300 2240 in
313 2183 466 2242 venerabili
475 2183 667 2250 Sacramento‚
679 2203 763 2255 quam
776 2202 875 2242 verum
885 2183 1359 2260 estEvangelium-communiter

270 2280 417 2339 videantur
430 2281 575 2340 continere
584 2282 777 2357 juramentum
790 2301 856 2340 cum
869 2283 1055 2360 blasphemia,
1070 2281 1100 2338 id
1113 2292 1206 2339 nmen
1219 2301 1277 2338 non
1291 2281 1358 2338 satis

271 2387 397 2455 apparet,
412 2381 480 2453 quia
498 2379 591 2436 nullus
604 2381 635 2436 in
649 2388 750 2436 testem
762 2381 918 2438 invocatur.
960 2381 1064 2451 Neque
1078 2380 1188 2438 videtur
1203 2398 1267 2436 esse
1286 2381 1360 2439 blas·

269 2477 396 2554 phemia,
409 2479 434 2534 si
447 2479 484 2535 sit
491 2495 600 2545 verum,
611 2485 640 2534 et
648 2478 760 2534 animus
770 2478 938 2554 proferentis
947 2479 984 2534 sit
990 2478 1150 2553 significare
1161 2487 1268 2536 tantum
1282 2479 1360 2535 sirni-

268 2575 428 2644 litudinem,
442 2585 473 2634 ut
485 2594 585 2634 sensus
599 2577 645 2644 sit,
666 2575 721 2634 hoc
734 2595 833 2635 verum
853 2596 916 2634 esse
936 2576 1126 2645 solummodo,
1146 2578 1221 2634 sicut
1240 2577 1357 2634 alterurn

270 2685 313 2734 est
332 2694 432 2734 verum
452 2693 504 2734 suo
523 2674 732 2734 modo-Non
754 2684 797 2733 ast
814 2677 1018 2752 juramentum,
1040 2695 1106 2734 cum
1129 2677 1192 2746 quis
1211 2678 1289 2752 J'urat
1308 2691 1360 2750 per

270 2784 422 2842 creaturan,
436 2776 467 2834 in
489 2775 591 2846 quibus
610 2773 682 2832 nihil
704 2774 808 2832 divinae
827 2775 959 2833 bonitatis
982 2774 1142 2848 specialiter
1161 2774 1269 2830 elucet:
1293 2773 1359 2844 quia

270 2881 337 2929 tunc
351 2890 409 2928 non
422 2880 574 2928 censentur
586 2872 687 2927 adduci
697 2891 762 2928 cum
775 2873 912 2932 relatione
925 2872 960 2930 ad
972 2872 1086 2931 Deum:
1107 2873 1169 2930 utsi
1179 2871 1274 2930 dicas:
1291 2871 1360 2947 juro

270 2987 321 3042 per
333 2968 407 3024 hanc
419 2968 545 3036 herbam,
560 2976 679 3036 vestem,
694 2964 788 3024 tac.”³

310 3068 359 3121 46.
380 3064 544 3122 duramenta
568 3066 643 3122 varie
677 3065 894 3144 distinguuntur,
921 3069 1050 3140 quamvis
1085 3069 1193 3144 speciei
1228 3065 1358 3144 ejusdem

270 3163 366 3219 omnia
385 3162 451 3230 sint,
471 3163 555 3237 juxta
566 3164 791 3222 communiorem
810 3167 987 3223 sententiam.
1028 3166 1225 3224 duramentum
1246 3162 1360 3236 aliquod

271 3261 364 3317 verbis
390 3259 562 3318 declaratur:
593 3261 669 3318 aliud
694 3261 802 3321 actione
829 3265 922 3337 aliqua
946 3264 1103 3333 exhibetur,
1130 3284 1157 3321 v.
1185 3284 1221 3340 g:
1243 3280 1358 3321 manum

270 3357 416 3426 elevando,
439 3359 485 3415 vel
508 3359 666 3436 Evangelia
688 3360 852 3429 osculando,
873 3361 919 3418 vel
941 3380 974 3418 ea
996 3381 1081 3419 manu
1103 3361 1260 3438 tangendo:
1282 3357 1358 3417 aliud

271 3457 363 3514 verbis
377 3465 405 3514 et
417 3458 527 3516 actione
547 3459 632 3516 simul
652 3459 827 3534 exprimitur.
869 3460 1019 3518 Invocatur
1038 3479 1253 3533 nonnumquam
1266 3459 1356 3523 Deus,

271 3556 439 3631 simpliciter
451 3565 482 3613 ut
501 3557 598 3614 testis:
621 3557 689 3614 alias
709 3565 740 3613 ut
752 3558 857 3615 vindex
878 3557 1027 3625 mendacii,
1042 3559 1219 3616 execratione
1239 3558 1357 3632 prolata.

271 3651 443 3706 Communis
457 3653 505 3708 illa
519 3654 635 3728 jurandi
647 3654 787 3711 formula:
811 3664 830 3690 “
842 3657 892 3713 Sic
910 3673 956 3713 me
971 3655 1051 3713 Deus
1065 3656 1209 3734 adjuvet,''
1230 3674 1358 3714 exsecra-

269 3748 377 3805 tionem
389 3747 516 3814 includit,
530 3749 667 3808 auxilium
680 3752 790 3809 scilicet
802 3752 928 3812 divinum
941 3773 1000 3812 non
1013 3755 1137 3812 dandum
1150 3763 1292 3831 optamus,
1303 3753 1357 3811 nisi

269 3847 371 3904 veritas
386 3847 468 3906 dictis
488 3855 606 3904 constet.
647 3849 697 3905 Sic
720 3851 804 3907 etiam
824 3853 1063 3910 exsecrationibus
1087 3853 1269 3910 accensenda
1292 3859 1356 3909 sunt

269 3963 355 4002 voces
368 3945 549 4023 hujusmodi:
570 3947 668 4024 puniat
680 3966 727 4005 me
747 3948 846 4017 Deus;
868 3951 951 4009 saciat
970 3951 1061 4020 Deus,
1075 3961 1106 4009 ut
1124 3951 1192 4009 hinc
1211 3968 1356 4023 nunquam

201 4074 207 4082 ·
270 4059 355 4097 sanus
366 4061 489 4120 surgam,
498 4045 575 4104 tollat
585 4064 630 4104 me
638 4045 719 4105 Deus
728 4049 987 4107 subitaneamorte:
1002 4051 1032 4107 in
1042 4059 1177 4107 aeternum
1187 4067 1235 4107 me
1245 4049 1357 4106 damnet

270 4137 361 4196 Deus.
403 4139 546 4201 Ceterum
573 4147 598 4202 si
619 4145 675 4204 Dei
697 4166 803 4207 nornen
825 4157 956 4217 taceatur,
970 4157 1090 4225 possunt
1109 4146 1145 4206 ad
1170 4149 1355 4225 sponsionem
1379 4227 1383 4236 Ι

371 4321 414 4387 (1)
433 4321 463 4371 L·
475 4321 509 4370 111·
519 4339 545 4372 11·
558 4323 613 4383 1³4,
625 4328 649 4374 5·
989 4333 1028 4398 (2)
1048 4332 1148 4393 Ibidem,
1160 4350 1186 4384 n.
1198 4334 1255 4380 136.

454 4405 496 4472 (3)
516 4405 682 4460 Busembaum
693 4411 758 4476 apud
769 4411 795 4460 S.
806 4413 927 4479 Alpheas.
934 4415 951 4466 1.
963 4415 997 4466 iit
1007 4432 1033 4466 11.
1047 4415 1102 4478 137,
1116 4417 1171 4466 138.

1507 283 1519 627 1
