3068 5256
267 472 323 526 tls
551 464 608 526 DE
630 465 794 533 QUINTO
815 465 1067 526 PRAECEPTO.

264 639 436 706 quapropter
448 637 581 688 constans
595 632 723 690 ecclesie
737 629 863 688 doctrina
884 640 913 688 et
933 629 1044 688 traditio
1065 631 1180 705 agnovit
1201 629 1276 686 hanc
1294 649 1357 690 esse

264 747 352 806 penes
373 747 422 786 eos
445 738 623 804 potestatem.
665 731 796 802 AEquum
820 728 934 801 quidem
957 737 1000 785 est
1022 737 1050 784 et
1068 729 1273 795 necessarium,
1295 748 1357 804 per-

264 827 516 904 spectahominum
528 827 623 885 indole
631 829 742 894 vitiosa,
751 837 782 885 ut
791 829 889 884 mortis
899 847 985 903 poena
994 826 1164 898 quandoque
1176 827 1318 902 irrogetur
1328 827 1363 885 ad

265 925 440 984 facinorosos
454 925 585 982 homines
599 925 782 991 coercendos,
794 926 853 996 qui,
866 934 940 981 tanta
949 943 1035 1000 poena
1046 925 1123 980 haud
1136 917 1317 992 imminente,
1332 927 1363 983 in

265 1025 362 1082 omnia
374 1023 480 1080 scelera
492 1026 574 1097 proni
586 1033 710 1090 ruerent,
725 1031 753 1078 et
765 1023 905 1078 societatis
919 1022 1050 1080 ordinem
1065 1031 1093 1078 et
1105 1023 1285 1098 singulorum
1296 1026 1364 1100 jura

265 1123 377 1198 penitus
391 1123 600 1178 subverterent:
624 1121 790 1179 “Occidere
812 1120 1023 1178 malefactorem
1036 1121 1145 1177 licitum
1168 1119 1244 1200 est‚’‘’
1267 1121 1363 1193 inquit

266 1221 298 1278 S.
311 1221 451 1287 Thomas,
467 1228 486 1255 ‘⁴
496 1220 524 1275 in
534 1231 671 1292 quantum
681 1218 824 1277 ordinatur
832 1218 867 1276 ad
875 1219 994 1276 salutem
1003 1215 1364 1277 totiuscommunitatis.”l

267 1318 411 1376 Caeterum
425 1318 520 1374 cleriei
533 1312 679 1390 nequeunt
700 1329 820 1376 mortem
840 1319 896 1376 reis
915 1317 1029 1384 inferre,
1044 1319 1128 1374 etiam
1150 1337 1187 1374 ex
1208 1319 1282 1392 legis
1299 1338 1363 1376 auc-

266 1419 384 1485 toritate,
400 1419 495 1488 “quia
512 1428 579 1474 sunt
591 1419 673 1475 electi
686 1417 826 1474 adaltaris
841 1417 1039 1483 ministerium,
1054 1416 1084 1472 in
1102 1398 1364 1490 quo'repraesenta·

266 1525 312 1574 tur
324 1518 419 1590 passio
433 1514 543 1574 Christi
562 1518 664 1574 occisi:
686 1515 735 1588 qui
755 1534 820 1572 eum
840 1523 1040 1590 percuteretur,
1062 1533 1119 1570 non
1138 1514 1367 1589 repercutiebat,

266 1623 298 1672 ut
316 1614 425 1681 dicitur,
443 1619 455 1670 l
473 1615 536 1671 Pet.
551 1616 582 1672 ii.
623 1615 663 1672 Et
676 1614 741 1672 ideo
762 1632 820 1671 non
840 1615 976 1690 competit
997 1622 1028 1670 ut
1049 1595 1144 1670 cleriei
1164 1614 1225 1670 sint
1245 1631 1362 1690 percus-

268 1730 359 1779 soreS,
374 1721 421 1768 ant
430 1705 622 1771 occisores.”²

310 1814 377 1868 132.
400 1809 544 1870 Caeterum
569 1814 712 1870 severitati
736 1813 832 1888 legum
861 1812 964 1871 modus
987 1811 1137 1887 ponendus
1164 1819 1225 1878 est3
1247 1821 1360 1870 constat

267 1911 346 1968 enim
360 1910 484 1968 facinora
497 1913 648 1984 aliquando
661 1913 757 1986 augeri
770 1931 890 1969 numero
903 1921 939 1968 et·
950 1913 1085 1987 gravitate
1100 1930 1137 1968 ex
1157 1912 1249 1968 nimio
1262 1912 1363 1986 legum

267 2011 373 2084 rigore,
388 2029 447 2080 quo
461 2012 567 2067 tollitur
587 2012 740 2067 criminum
761 2011 933 2067 discrimen:
955 2011 1005 2082 qui
1025 2011 1104 2066 enim
1118 2029 1234 2086 poenam
1256 2011 1363 2084 capitis

267 2107 324 2163 sibi
338 2108 489 2164 imminere
503 2109 582 2164 novit
601 2127 639 2165 ex
658 2108 763 2164 delicto
776 2109 889 2175 leviori,
905 2107 939 2165 ad
953 2109 1125 2184 gravissima
1138 2109 1280 2183 patranda
1293 2127 1364 2166 non-

267 2223 416 2274 nunquam
430 2206 596 2280 impellitur,
611 2207 680 2264 dum
694 2207 801 2264 nullam
822 2216 918 2282 sperat
937 2207 1068 2263 salutem.
1113 2205 1260 2264 Homines
1275 2207 1363 2264 etiam

268 2304 421 2377 suppliciis
435 2305 580 2361 intuendis
594 2307 702 2361 assueti
715 2307 745 2362 in
760 2305 835 2362 vitris
849 2305 1052 2372 obdurescunt,
1068 2313 1097 2361 et
1109 2305 1182 2362 fiunt
1201 2305 1237 2363 ad
1252 2305 1368 2381 flagitia

269 2402 407 2458 immania
421 2404 573 2476 proclives.
616 2405 650 2460 Si
664 2406 763 2460 mortis
784 2423 870 2478 poena
886 2404 1053 2460 decernatur
1066 2405 1103 2460 ob
1124 2406 1233 2462 crimen
1247 2405 1361 2474 fictum,

269 2501 353 2571 quale
367 2510 412 2557 est
424 2502 517 2558 cultus
532 2500 622 2558 divini
642 2503 822 2568 exercitium,
836 2503 946 2560 occisio
966 2512 1010 2559 est
1023 2503 1139 2578 injusta,
1159 2513 1188 2560 et
1206 2503 1366 2562 homicide

270 2598 394 2656 habendi
408 2609 475 2657 sunt
488 2620 589 2658 omnes
604 2602 653 2671 qui
667 2620 785 2676 operam
798 2609 933 2677 praestant
953 2601 1027 2677 legis
1050 2602 1155 2672 iniquae
1170 2611 1198 2658 et
1211 2603 1366 2660 sententiar

269 2700 445 2756 executioni.
487 2700 569 2757 Idem
583 2700 737 2757 dicendum
751 2701 776 2756 si
790 2702 826 2757 ob
840 2700 940 2776 culpas
955 2717 1018 2772 quae
1032 2701 1147 2775 gravius
1161 2719 1222 2757 non
1237 2701 1367 2758 inferunt

269 2797 407 2855 damnum
421 2800 552 2856 societati
565 2819 650 2874 poena
663 2799 712 2856 illa
725 2807 881 2865 statuatur3
902 2799 949 2855 vel
969 2799 994 2855 si
1008 2799 1156 2855 tribunalis
1178 2799 1224 2855 vel
1237 2800 1365 2874 privato-

269 2914 333 2951 rum
348 2898 463 2952 arbitrio
476 2899 653 2968 relinquatur
668 2907 699 2953 ut
712 2915 789 2953 mors
804 2907 909 2954 temere
930 2898 1079 2972 irrogetur,
1094 2897 1247 2954 nulla‘sere
1268 2898 1363 2955 forma

265 2992 369 3067 judicii
383 2987 519 3049 servata³
559 2994 593 3050 In
607 2993 689 3051 bellis
704 3003 799 3051 autem
814 2995 885 3050 etin
905 2996 1030 3053 motibus
1051 2997 1184 3053 civilibus
1199 2997 1363 3054 summaria

269 3089 409 3146 habentur
423 3089 543 3166 judicia.
587 3092 645 3147 Sed
666 3111 728 3164 quae
743 3094 888 3150 nonnullis
912 3095 942 3151 in
961 3094 1034 3150 locis
1055 3093 1210 3166 aliquando
1225 3104 1365 3170 usurpata

268 3196 314 3244 est
326 3208 343 3244 a
356 3189 465 3245 civibus
480 3198 606 3264 potestas
620 3209 684 3249 reos
699 3211 751 3266 pro
766 3193 881 3249 arbitrio
891 3193 1044 3269 judicandi
1058 3201 1086 3250 et
1099 3193 1240 3268 puniendi
1255 3194 1365 3259 statim,

268 3287 355 3344 etiam
369 3305 455 3363 poena
467 3289 579 3364 eapitiS,
594 3290 627 3345 ab
642 3292 721 3347 omni
730 3292 841 3367 justitia
854 3299 882 3346 et
902 3291 1002 3348 ordine
1017 3292 1133 3365 publico
1147 3292 1291 3359 abhorret,
1309 3302 1366 3348 est·

268 3403 325 3458 que
355 3387 480 3445 immane
501 3381 640 3446 sasinus.⁴
679 3389 765 3446 Vetat
790 3408 858 3445 sane
879 3391 1043 3447 constitutio
1064 3390 1248 3457 Americana‚
1277 3398 1368 3466 prout

306 3582 348 3644 (1)
368 3580 391 3630 2.
399 3583 424 3628 2.'
435 3597 475 3644 qu.
488 3583 544 3631 lxiv.
557 3589 599 3632 art.
612 3583 646 3633 iii.
680 3589 695 3613 “
703 3583 766 3633 Civil
777 3583 868 3646 society
880 3582 927 3631 has
945 3599 977 3631 an
989 3581 1130 3631 undoubted
1149 3581 1213 3642 right
1225 3588 1250 3630 to
1268 3595 1312 3629 use
1324 3579 1367 3628 the

271 3680 356 3712 means
371 3667 486 3726 requisita
497 3666 534 3714 sor
553 3667 584 3715 its
602 3668 773 3730 preservation,
784 3669 831 3716 and
844 3668 884 3716 the
896 3667 1056 3730 punishment
1075 3667 1105 3715 cf
1113 3667 1211 3715 murder
1227 3665 1288 3714 with
1299 3663 1371 3712 death

269 3749 367 3798 accords
375 3749 434 3797 with
443 3750 483 3797 the
490 3751 620 3814 judgment
627 3751 674 3798 and
684 3752 787 3814 practica
797 3752 825 3800 os
833 3751 976 3801 mankind.’'
994 3750 1082 3820 Kent's
1091 3750 1186 3800 Comm.
1195 3751 1250 3800 vol.
1259 3750 1283 3798 ii.
1293 3765 1318 3798 n.
1332 3749 1368 3796 14.

306 3833 345 3896 (2)
364 3832 389 3882 S.
401 3833 520 3893 Thomas,
532 3837 554 3881 2.
568 3837 590 3881 2.
602 3849 643 3896 qn.
656 3835 713 3882 lxiv.
730 3843 774 3884 art.
787 3834 818 3884 iv.
854 3834 930 3900 Reap.

306 3917 348 3981 (3)
368 3923 383 3946 “
392 3915 531 3966 Whenever
540 3903 585 3965 the¹
593 3916 752 3965 constitution
763 3917 791 3964 of
797 3933 811 3964 a
824 3923 889 3966 state
898 3924 963 3966 rests
972 3917 997 3966 in
1010 3915 1058 3980 any
1072 3932 1138 3975 man,
1150 3931 1177 3964 or
1189 3915 1253 3978 body
1266 3914 1293 3962 of
1302 3928 1370 3969 men,

269 4015 285 4048 a
295 4016 377 4063 power
387 4001 416 4048 of
429 4002 568 4065 destroying
586 4009 612 4050 at
628 4002 744 4064 pleasure,
762 4001 869 4050 without
886 4001 927 4050 the
940 4001 1057 4050 direction
1074 4001 1103 4048 of
1118 4000 1184 4058 laus,
1203 3999 1243 4047 the
1261 3998 1322 4045 lives
1339 4011 1366 4043 or

273 4085 392 4132 members
404 4084 432 4131 of
440 4084 481 4132 the
493 4087 592 4149 subject,
605 4086 666 4134 such
678 4085 836 4134 constitution
854 4085 874 4133 is
892 4085 919 4134 in
937 4085 978 4133 the
995 4084 1093 4145 highest
1109 4083 1196 4144 degree
1214 4080 1369 4144 tyrannica13

271 4166 320 4215 and
329 4167 458 4214 whenever
469 4184 518 4230 any
531 4167 592 4218 lawa
609 4170 684 4219 direct
693 4169 754 4218 such
763 4169 913 4218 destruction
925 4169 961 4217 sor
974 4167 1037 4229 light
1049 4167 1096 4216 and
1116 4166 1194 4216 trivial
1206 4180 1298 4222 causes,
1310 4161 1369 4213 such

273 4249 333 4296 laws
342 4264 381 4295 are
393 4249 499 4296 likewise
511 4249 670 4311 tyrannical.”
705 4253 861 4309 Blackstone,
873 4253 890 4300 l.
901 4251 917 4299 i.
927 4266 952 4299 n.
967 4252 1021 4298 134.

307 4329 346 4394 (4)
361 4335 375 4358 ‘⁶
384 4327 439 4376 The
451 4345 564 4378 common
577 4332 624 4379 law
635 4332 693 4381 does
705 4341 778 4381 never
789 4334 865 4382 inflict
873 4348 921 4396 any
934 4331 1095 4397 punishment
1106 4329 1239 4391 extending
1252 4335 1277 4378 to
1289 4327 1330 4378 lise
1340 4342 1366 4376 or
