3146 5266
716 1235 859 1296 CAPUT
881 1235 935 1295 IV.

585 1463 624 1503 DE
639 1462 819 1502 summanus
833 1459 1057 1501 Pnonnmmeus.
1125 1469 1130 1478 ·

315 1659 365 1712 22.
392 1650 567 1712 Probabilis
589 1651 692 1710 dieimr
710 1652 809 1728 opinio
830 1650 908 1728 gravi
926 1651 1044 1719 ratione,
1063 1650 1131 1708 lieet
1148 1647 1225 1706 haud
1247 1650 1363 1707 omnino

276 1762 361 1821 certa,
384 1754 460 1810 nixa.
502 1751 641 1810 Tenuiter
663 1751 764 1808 dicitur
784 1747 946 1827 probabilis,
969 1749 1083 1822 quando
1102 1749 1173 1805 ratio
1193 1766 1250 1820 qua
1267 1750 1366 1807 nititur

276 1852 347 1910 levis
360 1861 413 1920 est,
428 1860 456 1907 et
468 1850 573 1908 nullius
586 1833 645 1908 sere
658 1850 807 1909 momenti.
848 1847 1022 1907 Intrinseeus
1042 1856 1086 1904 est
1098 1845 1252 1922 probabilis
1266 1847 1366 1922 opinio

277 1970 340 2025 quae
362 1949 515 2009 rationibus
535 1948 769 2022 documentisque
789 1946 918 2005 fulcitur:
940 1948 1115 2005 extrinsecus
1136 1963 1200 2019 qua
1220 1945 1365 2022 theologo·

277 2067 340 2106 rum
353 2048 495 2124 suffragiis
509 2046 729 2106 commendatur.
771 2045 893 2103 Constat
911 2063 969 2104 non
987 2046 1080 2104 levem
1093 2044 1247 2119 quamdam
1260 2044 1364 2101 verosi·

277 2145 467 2204 militudinem
486 2144 627 2212 sufficere,
648 2155 680 2202 ut
698 2146 763 2218 quis
784 2143 936 2222 prudenter
955 2163 1039 2222 agere
1059 2152 1222 2211 censeatur,
1244 2141 1365 2216 ideoque

279 2244 388 2321 peccati
409 2241 567 2321 perieulum
583 2263 641 2302 non
661 2245 752 2311 vitari,
773 2245 799 2302 si
819 2244 885 2316 quis
899 2245 1064 2318 opinionem
1085 2244 1163 2301 tenui
1183 2243 1300 2309 ratione,
1321 2240 1368 2298 vel

277 2342 412 2418 suffragio
425 2342 504 2417 parvi
523 2344 661 2400 momenti
681 2341 835 2410 suffultam,
856 2352 1006 2415 aequatum
1027 2360 1093 2400 nam
1113 2339 1244 2398 dmnnata
1262 2351 1306 2397 est
1325 2358 1367 2396 se-

277 2458 369 2513 quens
391 2440 566 2516 propositio:
598 2441 795 2500 “Generatim
821 2440 889 2499 dum
914 2440 1108 2517 probabilitate
1131 2441 1192 2497 sire
1214 2440 1368 2497 intrinseca

278 2540 339 2596 sive
358 2539 527 2606 extrinseca,
541 2541 721 2611 quantumvis
735 2541 823 2608 tenui,
837 2538 924 2598 modo
937 2559 953 2596 a
971 2539 1173 2616 probabilitatis
1185 2538 1289 2595 finibus
1311 2555 1368 2596 non

279 2645 405 2704 exeatur,
420 2637 521 2695 confisi
535 2638 641 2712 aliquid
654 2640 774 2715 agimus,
789 2655 903 2715 semper
915 2638 1068 2716 prudenter
1081 2635 1221 2713 agimus.”

317 2740 367 2794 23.
388 2736 423 2794 In
436 2737 604 2812 opinionum
616 2739 750 2797 conflictu
764 2736 935 2815 probabilior
948 2746 992 2795 est
1003 2737 1183 2802 intrinsecus,
1198 2753 1261 2809 qua
1275 2735 1367 2812 gravi·

278 2837 321 2894 ori
335 2836 475 2893 rationum
488 2838 613 2911 pondere
626 2837 758 2904 fulcitum
779 2838 957 2894 extrinsecus
978 2855 1041 2909 que
1062 2835 1259 2910 theologorum
1272 2833 1368 2909 magni

279 2933 403 2990 nominis
421 2931 562 3008 suffragiis
582 2933 710 3010 pluribus
730 2935 938 3010 comprobatur.
980 2933 1212 2992 Probabilissima
1230 2931 1369 2990 sententia

279 3038 331 3096 est,
347 3048 409 3102 quae
424 3031 599 3105 gravissimis
619 3034 802 3108 argumentis,
816 3032 862 3090 vel
882 3034 1043 3091 auctoritate
1056 3032 1172 3108 insigni,
1187 3038 1367 3096 sustentatur.

280 3127 439 3185 Probabilis
452 3135 545 3187 autem
559 3129 725 3206 simpbeiter
746 3130 849 3190 dicitur
868 3134 1016 3199 sententia,
1030 3132 1076 3187 eui
1097 3131 1168 3188 ratio
1182 3130 1228 3186 rel
1249 3128 1369 3186 auotori-

280 3235 321 3282 tas
334 3244 392 3283 non
405 3226 546 3302 objicibus,
561 3231 690 3301 quamvis
704 3233 766 3307 ipsa
781 3249 839 3289 non
860 3230 896 3286 sit
916 3232 1033 3289 omnino
1053 3227 1170 3302 liquida.
1212 3228 1284 3286 Duas
1306 3245 1368 3286 sen·

280 3326 374 3382 tentia
388 3342 450 3396 quae
464 3329 578 3402 paribus
595 3331 748 3387 momentis
767 3331 908 3388 rationum
929 3338 957 3386 et
976 3327 1119 3405 suffragiis
1139 3329 1273 3395 nituntur,
1288 3344 1371 3398 aqua

280 3423 439 3498 probabiles
459 3435 624 3484 censentur:
645 3428 671 3485 si
690 3425 802 3504 pondus
823 3431 859 3486 sit
879 3426 1023 3486 diversum
1043 3445 1081 3486 ex
1102 3425 1187 3484 altera
1205 3435 1293 3503 parte,
1315 3424 1369 3482 alia

279 3524 459 3598 probabilior,
474 3525 528 3583 alia
540 3527 634 3585 miuus
648 3527 802 3603 probabilis
815 3535 939 3588 vocatur.
981 3525 1180 3603 Improbabilis
1199 3532 1243 3581 est
1256 3533 1368 3581 senten·

281 3623 319 3678 tia
331 3622 409 3679 omni
422 3626 519 3697 speeie
532 3628 593 3683 veri
606 3624 746 3684 destituta.

319 3721 368 3774 24.
391 3718 487 3782 Quum
507 3723 584 3778 varia
603 3723 661 3778 sint
680 3723 831 3782 hominum
849 3723 959 3799 judicia
978 3722 1107 3796 quaedam
1127 3722 1266 3794 sententia
1285 3721 1369 3778 unice

280 3815 443 3892 probabilia,
458 3818 503 3875 vel
515 3817 742 3894 probabilissima
754 3821 838 3878 alieni
855 3821 974 3889 videtur,
988 3840 1051 3894 quae
1072 3821 1150 3878 alteri
1162 3820 1258 3878 minus
1271 3818 1372 3895 proba·

279 3915 344 3973 bilis
358 3913 514 3975 habebitur.
557 3917 678 3991 Siequae
692 3917 739 3976 alii
756 3918 937 3994 probabilior,
958 3919 1007 3978 alii
1025 3920 1120 3977 minus
1141 3917 1294 3995 probabilis
1308 3918 1369 3974 erit.

200 4075 204 4084 ,
281 4012 395 4070 Fideles
408 4014 537 4090 plerique
551 4016 586 4074 de
600 4019 800 4076 sententiarum
814 4018 939 4095 pondere
948 4018 1076 4094 judicare
1086 4025 1251 4091 nequeunt;
1271 4014 1322 4072 sed
1335 4031 1371 4071 ex

280 4128 329 4168 ore
342 4111 466 4186 pendent
479 4125 633 4190 pastorum,
648 4126 676 4175 et
687 4119 937 4186 confessariorum,
958 4118 1008 4190 qui
1029 4116 1197 4183 doctrinam,
1214 4114 1369 4191 judicium,

281 4217 310 4267 et
322 4209 455 4285 pietatem
468 4210 675 4291 theologorum,
697 4236 817 4289 quorum
836 4216 989 4274 sententias
1008 4217 1101 4274 varias
1121 4211 1310 4291 perpendunt,
1332 4221 1371 4268 at·

281 4305 395 4364 tendere
408 4306 520 4378 debent,
534 4323 565 4371 ut
578 4312 613 4370 de
625 4312 727 4373 harum
740 4317 840 4392 majori
853 4314 1110 4375 verosimilitudine
1119 4311 1261 4389 judicent.

320 4410 369 4463 25.
392 4405 552 4498 Sententiae
565 4411 724 4489 pmbabiles
739 4415 842 4487 quibus
855 4412 950 4474 nullus
968 4413 1131 4473 adversatur
1144 4410 1264 4488 alicujus
1278 4408 1369 4469 nomi·
