3078 5258
278 483 334 538 160
459 477 514 536 DE
536 473 789 536 POTESTATE
811 471 950 534 Lucus
970 473 1173 536 FERENDI.

276 646 433 722 plectuntur
446 645 558 702 abortus
572 651 711 708 auctores,
722 651 751 698 et
762 643 962 719 naufragorum
974 642 1050 700 bona
1062 641 1236 718 diripientes.
1268 645 1366 702 Sacra-

275 753 435 804 mentorum
461 739 745 800 administrandorum
770 743 909 801 rationem
935 741 1133 808 determinant,
1154 742 1232 822 salva
1263 763 1361 804 eorum

275 843 440 910 substantia,
453 854 485 902 ut
496 841 593 902 omnia
605 839 674 898 fiant
687 848 706 875 ‘⁶
716 839 834 900 honeste
849 849 878 898 et
890 838 1049 899 secuudum
1071 835 1250 908 ordinem,'’¹
1270 845 1368 920 Apos-

275 941 395 1000 tolorum
408 940 571 1017 exemplum
586 939 817 998 etauctoritatem
830 941 860 998 in
873 938 1059 1015 disponendis
1072 949 1135 1012 quae
1149 957 1185 996 eo
1198 934 1365 1016 pertinent,²

275 1042 382 1106 secuti;
397 1050 425 1097 et
437 1051 549 1115 tempus
563 1037 702 1096 definiunt
713 1057 771 1110 quo
784 1039 889 1098 divinis
902 1057 937 1096 ea
943 1038 1119 1114 suscipiendi
1127 1042 1277 1114 preceptis
1288 1042 1367 1097 satis-

275 1140 332 1196 fiat.
375 1139 478 1198 Munia
490 1137 544 1196 alia
556 1137 693 1204 fidelium,
708 1156 770 1210 quoe
791 1140 821 1196 iu
842 1137 996 1214 Scripturis
1020 1138 1206 1205 declarantur,
1221 1137 1366 1215 implenda

276 1247 383 1306 curant,
397 1238 506 1314 legibus
513 1235 579 1294 ideo
591 1237 671 1296 latis:
693 1249 721 1293 et
733 1255 769 1294 ne
782 1237 878 1296 divino
891 1237 980 1296 cultui
1000 1236 1096 1295 desint
1113 1235 1274 1312 provident.
1317 1239 1367 1294 Sa-

279 1353 392 1396 crorum
406 1337 600 1394 ministrorum
609 1338 684 1414 jura,
698 1346 800 1410 praeter
819 1355 853 1394 ea
863 1355 926 1410 quae
945 1356 962 1392 a
979 1335 1098 1395 Christo
1112 1335 1240 1394 Domino
1254 1336 1368 1396 definita

276 1445 351 1503 sunt,
365 1436 474 1513 legibus
487 1434 627 1494 Ecclesia
641 1443 815 1494 sumuntur:
838 1444 1010 1513 quapropter
1022 1443 1124 1512 praeter
1136 1435 1276 1510 primatus
1290 1437 1367 1494 insti·

276 1536 424 1602 tutionem,
439 1553 501 1607 quae
515 1532 664 1592 Christum
678 1533 761 1590 habet
780 1543 932 1603 auctorem,
954 1534 1198 1611 metropolitarum
1211 1537 1241 1594 in
1258 1537 1367 1611 cpisco-

277 1651 340 1708 pos‚
355 1643 384 1689 et
396 1633 615 1709 patriarcharum
636 1633 666 1689 in
684 1633 880 1710 metropolitas
889 1633 1061 1713 jurisdictio,
1076 1633 1168 1706 qualis
1182 1635 1252 1692 olim
1267 1635 1368 1710 viguit,

277 1730 312 1788 ed
323 1730 417 1806 legem
430 1730 648 1790 ecclesiasticam
667 1729 815 1790 referenda
834 1725 903 1790 est.³
944 1732 1098 1808 Privilcgia
1116 1731 1196 1800 cleri,
1217 1751 1282 1805 qnae
1298 1734 1369 1791 sacri

277 1828 384 1887 ordinis
398 1829 532 1906 dignitate
545 1831 680 1896 nituntur,
693 1829 802 1908 legibus
816 1832 1016 1890 ecclesiasticis
1030 1831 1171 1908 explicate
1180 1840 1246 1897 suut
1259 1843 1288 1888 et
1303 1832 1371 1890 defi·

278 1931 351 1986 nita:
373 1939 402 1986 et
414 1931 512 1988 munia
524 1949 623 1988 eorum
636 1929 790 2006 adsignata.
819 1930 961 1988 Ordinum
976 1930 1188 2007 Religiosorum
1202 1931 1369 1989 immunitas

277 2037 306 2083 ct
323 2029 390 2103 jura
409 2028 510 2086 iisdem
533 2030 618 2085 etiam
637 2037 738 2086 statuta
756 2037 831 2087 sunt.
873 2028 948 2087 Tota
968 2028 1091 2100 denique
1112 2029 1212 2104 politia
1225 2029 1369 2088 Ecclesiae

276 2125 386 2200 legibus
399 2133 509 2181 constat
521 2134 550 2182 et
562 2122 744 2200 explicatur.⁴

316 2227 345 2280 8.
367 2221 413 2280 De
427 2223 510 2280 rebus
523 2221 725 2298 temporalibus
749 2243 814 2283 cum
827 2226 1021 2302 spiritualibus
1035 2225 1174 2284 connexis
1186 2225 1266 2304 leges
1281 2228 1370 2284 eccle·

277 2323 418 2398 eiaesaepe
431 2331 527 2397 agrrnt,
542 2341 577 2378 v:
599 2341 633 2400 g:
656 2321 691 2380 de
711 2322 817 2381 edibus
840 2323 1013 2400 praediisque
1032 2325 1062 2382 in
1085 2343 1180 2382 sacros
1202 2344 1271 2384 usus
1286 2325 1370 2393 datis,

277 2420 323 2477 vel
333 2421 364 2477 in
376 2422 611 2479 sustentationem
624 2439 768 2480 sacrorum
781 2423 992 2482 ministrorum:
1015 2441 1051 2481 ex
1065 2441 1100 2482 eo
1120 2423 1198 2482 enim
1212 2424 1291 2497 quod
1305 2424 1370 2483 Deo

277 2518 445 2586 dicerentur,
466 2519 601 2596 praesules
622 2519 761 2579 Ecclesia
785 2532 956 2580 censuerunt
975 2522 1130 2582 curandum
1147 2534 1180 2582 ut
1198 2524 1370 2583 donatorum

278 2618 413 2677 voluntati
426 2619 583 2686 satisfieret,
594 2628 623 2676 et
635 2637 680 2676 res
693 2621 745 2678 rite
759 2620 1028 2680 administrarentur.
1070 2621 1147 2680 Hinc
1161 2622 1370 2697 definiuntquo

277 2735 371 2776 rerum
384 2727 487 2777 eventu
500 2719 612 2778 collatio
625 2719 757 2778 beneficii
769 2721 806 2779 sit
821 2721 907 2789 irrita,
921 2721 968 2779 vel
980 2721 1087 2782 fructus
1101 2740 1160 2781 non
1172 2721 1241 2780 fiant
1255 2741 1370 2798 posses·

278 2819 361 2884 soris,
376 2818 421 2876 vel
434 2819 495 2894 ipse
505 2820 571 2896 jure
584 2819 662 2892 quod
675 2820 805 2879 habuerit
824 2820 920 2878 cedat:
942 2820 992 2878 sed
1014 2831 1043 2884 et
1061 2821 1197 2880 mulctant
1215 2821 1370 2895 aliquando

277 2915 489 2986 delinquentem
512 2918 652 2976 fructuum
675 2929 763 2994 parte,
783 2929 878 2996 utpote
898 2939 1020 2994 quorum
1046 2921 1297 2998 percipiendorum
1321 2924 1370 2999 jus

313 3102 355 3166 (l)
378 3101 461 3150 lGor.
472 3103 521 3152 xiv.
534 3105 576 3152 40.

311 3185 354 3250 (2)
374 3185 474 3246 Ibidem,
486 3187 519 3237 xi.
532 3189 571 3238 ³4.
605 3188 648 3239 “It
665 3189 686 3238 is
704 3192 736 3254 by
754 3206 812 3241 ours
823 3194 1021 3257 ucknowledged,
1033 3196 1085 3246 that
1102 3197 1143 3246 the
1155 3198 1272 3262 Apostles
1284 3199 1326 3248 uid
1344 3201 1370 3248 iu

276 3285 348 3334 every
360 3271 453 3320 church
464 3271 574 3321 institute
583 3270 630 3322 and
643 3272 727 3322 orduin
739 3289 807 3324 some
823 3275 881 3324 ritas
892 3276 941 3326 end
953 3285 1061 3328 curtoms
1071 3280 1168 3342 sarving
1179 3281 1216 3329 ior
1224 3280 1266 3330 the
1276 3283 1371 3331 ssemli·

276 3371 333 3407 nese
344 3357 372 3405 of
381 3355 474 3406 church
486 3357 612 3418 regiment,
620 3357 701 3406 which
713 3358 769 3408 rites
781 3359 828 3408 end
838 3351 946 3409 customs
958 3361 1016 3425 they
1027 3361 1090 3412 hare
1101 3371 1145 3414 not
1155 3365 1298 3416 committed
1311 3375 1370 3416 unto

276 3439 397 3504 writing.'’
432 3440 553 3492 Hooher’s
566 3444 634 3494 Ecol.
646 3441 735 3506 Polity,
744 3445 759 3493 l.
771 3444 786 3493 i.
798 3459 823 3493 n.
840 3445 878 3493 14.

312 3528 354 3592 (3)
374 3533 389 3557 “
397 3528 463 3579 Sunt
483 3511 591 3594 episcopi
609 3545 695 3580 omnes
707 3530 790 3580 ordine
802 3545 872 3594 peres
883 3545 937 3580 ceu.
947 3533 971 3578 6.
982 3547 1049 3582 cens.
1062 3537 1085 3583 7.
1096 3543 1181 3597 quest.
1196 3540 1217 3584 1.
1251 3536 1370 3586 Fuissent

276 3612 349 3660 otiam
360 3627 453 3672 omnes,
475 3628 525 3662 uno
541 3613 640 3678 dempto
653 3613 772 3664 Pontifice
784 3614 903 3673 Maximo,
914 3615 957 3679 qui
965 3617 1020 3681 jure
1032 3617 1115 3668 divino
1126 3619 1257 3683 primatum
1275 3622 1303 3670 in
1322 3622 1369 3672 Eo·

275 3694 349 3742 clasis
360 3701 433 3753 tenet,
444 3711 514 3758 paros
522 3697 698 3761 jurisdictione,
716 3700 737 3748 si
756 3699 819 3748 nihil
833 3701 889 3765 jure
908 3702 1011 3765 positivo
1028 3703 1190 3754 ecclesiastico
1207 3705 1368 3756 constitutum

275 3778 406 3841 aliquando
416 3778 525 3829 luisset.”
561 3779 679 3832 Bernerdi
690 3783 783 3834 dissert.
796 3787 820 3832 3.
831 3801 884 3850 cap.
891 3787 918 3834 ,1,
936 3786 966 3836 de
985 3789 1078 3850 origiue
1089 3797 1114 3839 ct
1125 3797 1168 3840 ret.
1180 3789 1297 3855 Archiep.
1309 3801 1369 3841 tom.

274 3865 290 3914 i.
303 3863 437 3914 commin
446 3866 488 3930 jus
500 3863 567 3914 Eocl.
580 3866 649 3916 uuir.

310 3950 353 4015 (4)
367 3957 381 3980 “
392 3949 524 4014 Touchiug
543 3951 627 4014 things
648 3951 729 4002 which
752 3954 840 4016 belong
857 3962 882 4005 to
899 3955 1026 4021 discipline
1043 3959 1090 4008 end
1108 3961 1216 4010 outwerd
1229 3961 1313 4025 polity‚
1325 3961 1368 4010 the

273 4032 366 4083 church
377 4036 437 4085 heth
448 4037 570 4102 authority
582 4045 606 4086 to
618 4038 689 4087 make
700 4053 800 4098 canons,
811 4040 878 4098 lawe,
891 4041 939 4091 aud
950 4042 1046 4092 decroes
1058 4059 1120 4093 even
1137 4060 1164 4093 es
1185 4061 1221 4094 we
1240 4047 1296 4095 read
1314 4046 1368 4095 thet

273 4118 300 4166 in
311 4117 352 4166 the
363 4118 477 4182 Apostles
496 4123 567 4172 umes
585 4123 604 4174 it
615 4124 664 4175 did.
698 4123 790 4175 Which
808 4125 881 4176 kinds
899 4127 927 4176 ol
941 4128 1001 4176 lawr
1021 4129 1071 4193 (for
1088 4145 1115 4178 as
1126 4129 1201 4180 much
1214 4145 1240 4180 as
1253 4131 1311 4194 they
1324 4148 1366 4181 ere

273 4202 360 4250 notin
379 4203 523 4256 themselves
539 4221 668 4272 necessary
686 4217 711 4259 to
729 4210 861 4275 celemion)
886 4226 943 4274 may
961 4213 1022 4262 ester
1041 4213 1099 4278 they
1117 4229 1157 4264 ere
1174 4215 1245 4265 mede
1263 4217 1292 4264 be
1312 4218 1365 4268 also

272 4285 383 4420 {burgell
394 4304 421 4338 as
438 4289 480 4339 the
497 4291 626 4344 differencs
645 4295 674 4344 ol
687 4296 758 4346 times
778 4313 805 4347 or
823 4297 904 4362 places
922 4297 984 4349 shall
1002 4299 1121 4364 require.''
1156 4300 1276 4352 Hoolserh
1297 4301 1365 4352 llccl.

295 4371 362 4434 city,
374 4373 388 4421 l.
402 4372 436 4422 iii.
446 4389 471 4424 n.
485 4375 523 4424 10.
