3076 5260
276 512 335 566 340
434 503 490 566 DE
511 503 871 566 OBHGATIONIBUS
893 499 1189 562 CLERICORUM.

278 675 390 734 habent.
431 669 517 728 Unde
530 670 650 730 mulorm
661 668 820 747 impediunt
833 669 959 726 animum
972 689 989 725 a
1002 666 1245 742 contemplatione
1260 665 1371 722 divinc-

280 790 352 836 rum,
365 779 395 826 et
407 768 490 828 laude
503 767 570 837 Dei,
585 779 613 828 et
625 771 751 828 oratione
765 787 817 846 pro
831 769 950 844 populo,
964 785 1027 840 qnae
1042 765 1077 823 ad
1090 765 1216 823 officium
1230 763 1374 841 pertinent

278 871 456 930 clericorum.
498 868 538 924 Et
557 869 622 927 ideo
645 869 720 927 sicut
739 868 943 944 negotiationes
964 875 1080 942 propter
1098 864 1163 931 hoe,
1186 863 1265 934 quod
1285 861 1374 918 nimis

278 968 424 1045 implicant
437 969 575 1036 animum,
589 967 794 1026 interdicuntur
806 966 934 1023 clericis:
955 967 993 1052 ita
1012 973 1041 1022 et
1059 963 1161 1046 bellica
1180 961 1315 1018 exercitia
1328 977 1373 1016 se-

281 1067 404 1126 cundum
418 1067 488 1124 illud
501 1068 531 1125 ii.
547 1067 582 1124 ad
592 1068 670 1125 Tim.
686 1067 715 1124 ii.
759 1076 766 1101 ‘
783 1066 879 1123 Nemo
899 1065 1023 1122 militans
1043 1057 1122 1121 Deo1
1142 1061 1271 1138 implicat
1284 1076 1316 1114 se
1331 1076 1375 1116 se·

280 1166 421 1224 sularibus
447 1166 589 1242 negotiis)
631 1164 766 1223 Secundo
785 1172 904 1240 propter
923 1163 1076 1238 specialem
1102 1161 1253 1218 rationem.
1297 1155 1376 1214 Nam

281 1281 381 1322 omnes
395 1263 562 1322 clericorum
584 1264 699 1322 ordines
713 1262 878 1321 ordinantur
898 1261 933 1318 ad
945 1262 1037 1318 altaris
1051 1261 1252 1326 ministerium,
1267 1258 1299 1315 in
1319 1273 1376 1327 quo

281 1364 335 1422 sub
348 1373 524 1421 sacramento
543 1370 758 1438 representatur
777 1361 873 1438 passio
894 1359 1021 1418 Christi:
1044 1353 1200 1416 secundum
1221 1357 1294 1414 illud
1308 1355 1328 1411 i.
1342 1353 1377 1410 ad

284 1461 452 1520 Corinthios
465 1464 496 1520 ii.
539 1463 800 1533 ‘Quotiescumque
820 1458 1025 1516 manducabitis
1045 1475 1148 1534 panem
1167 1457 1256 1523 huno,
1271 1464 1301 1512 et
1314 1453 1378 1510 cali·
1420 1457 1422 1462 '

284 1581 348 1620 cem
361 1547 473 1628 bibetis,
487 1569 607 1617 mortem
627 1559 749 1619 Domini
771 1558 973 1617 annuntiabitis
996 1557 1088 1614 donec
1111 1556 1213 1614 veniat.
1256 1555 1299 1612 Et
1313 1551 1379 1610 ideo

284 1679 342 1717 non
355 1660 492 1732 competit
510 1659 553 1714 eis
567 1657 707 1725 cecidere,
722 1659 769 1714 vel
782 1657 928 1715 effundere
948 1657 1127 1732 sanguinem,
1142 1653 1191 1711 sed
1206 1655 1301 1729 magis
1315 1670 1379 1708 esse

284 1766 397 1834 paratos
411 1755 445 1812 ad
460 1757 601 1834 propriam
622 1758 769 1832 sanguinis
784 1756 954 1813 effusionem
974 1773 1027 1833 pro
1048 1753 1174 1820 Christo,
1189 1762 1220 1809 ut
1233 1753 1382 1810 imitentur

286 1875 372 1934 opere
395 1854 471 1926 quod
492 1864 592 1931 gerunt
612 1855 780 1913 ministerio.
822 1855 863 1911 Et
885 1863 1000 1932 propter
1020 1853 1076 1910 hoc
1099 1862 1142 1910 est
1162 1852 1336 1916 institutum,
1349 1858 1379 1906 ut

287 1956 464 2014 effundentes
478 1954 656 2030 sanguinem,
677 1955 761 2012 etiam
781 1954 843 2010 sine
857 1962 985 2027 peccato,
1000 1952 1056 2008 sint
1075 1950 1255 2027 irregulares.
1300 1947 1381 2006 Nulli

287 2065 381 2113 autem
395 2054 445 2125 qui
457 2061 501 2109 est
516 2051 664 2127 deputatus
677 2051 713 2108 ad
733 2050 846 2122 aliquod
868 2050 1005 2118 officium,
1025 2050 1092 2106 licet
1111 2049 1150 2115 id,
1164 2067 1216 2124 per
1236 2047 1316 2120 qnod
1330 2064 1381 2103 suo

287 2153 380 2216 officio
394 2152 566 2226 incongruus
586 2150 720 2208 redditur.
765 2149 850 2208 Unde
872 2149 983 2207 clericis
1008 2149 1124 2205 omnino
1145 2166 1205 2205 non
1224 2147 1296 2204 licet
1309 2146 1381 2204 bella

288 2269 396 2328 gerere,
420 2267 483 2322 que
505 2249 669 2308 ordinantur
689 2248 724 2306 ad
747 2250 893 2325 sanguinis
920 2239 1140 2305 effusionem.”²
1180 2244 1223 2303 Ita
1248 2245 1379 2322 praeclare

288 2348 400 2406 disserit
413 2348 445 2404 S.
462 2346 602 2405 Thomas.

325 2451 375 2504 27.
398 2443 520 2502 Clericis
543 2443 668 2502 districte
693 2446 860 2522 prohibetur
889 2446 1056 2522 sanguinem
1079 2445 1238 2502 humanum
1261 2443 1381 2501 fundere

288 2547 373 2603 etiam
383 2546 466 2622 juxta
478 2540 606 2600 ordinem
623 2545 760 2621 justitiae3
781 2541 827 2602 vel
849 2562 966 2619 operam
988 2562 1069 2601 suam
1092 2545 1119 2600 ei
1140 2541 1288 2601 fundendo
1311 2560 1381 2618 prae-

289 2647 387 2702 staret
404 2643 612 2701 “Sententiam
634 2644 780 2720 sanguinis
804 2643 899 2702 nullus
920 2644 1039 2701 clericus
1063 2642 1158 2709 dictet,
1173 2649 1219 2699 aut
1237 2641 1379 2717 proferat:

290 2745 341 2802 sed
354 2763 406 2802 neo
420 2742 565 2819 sanguinis
586 2743 741 2803 vindictam
754 2751 894 2810 exerceat,
910 2752 957 2800 aut
978 2741 1027 2798 ubi
1040 2733 1187 2799 exercetur
1209 2742 1333 2798 intersit.
1350 2781 1357 2796 .
1373 2781 1380 2795 .

291 2844 355 2901 Nec
369 2844 520 2915 quisquam
532 2843 649 2901 clericus
663 2842 768 2900 litteras
788 2843 890 2900 scribat
910 2850 956 2898 aut
969 2839 1056 2898 dictet
1069 2860 1120 2917 pro
1133 2839 1257 2897 vindicta
1270 2839 1382 2914 sangui·

291 2942 335 2998 nis
352 2932 580 2998 destinandas.'’³
620 2941 663 2998 Ita
678 2941 833 2999 concilium
853 2940 1044 2998 Lateranense
1062 2941 1099 2996 iv.
1142 2939 1281 2996 Rationes
1307 2938 1383 2994 vetiti

291 3037 365 3112 apud
378 3037 411 3092 S.
427 3037 572 3093 Thomam
593 3037 722 3096 invenire
743 3049 802 3096 est:
826 3039 957 3097 “Primo
977 3038 1104 3110 quidem,
1126 3039 1193 3110 quia
1213 3046 1280 3095 sunt
1302 3036 1384 3094 electi

291 3134 326 3192 ad
339 3134 432 3191 altaris
446 3134 643 3203 ministerium,
665 3137 695 3193 in
718 3154 775 3208 quo
791 3147 1006 3212 representatur
1026 3139 1123 3213 passio
1144 3135 1258 3194 Christi
1278 3136 1382 3194 occisi:

293 3235 360 3306 ‘qui
373 3253 439 3292 eum
453 3241 652 3310 percuteretur,
666 3254 724 3295 non
736 3237 962 3311 repercutiebat,’
983 3245 1016 3294 ut
1035 3235 1143 3303 dicitur,
1162 3240 1174 3292 l
1191 3236 1256 3294 Pet.
1272 3236 1303 3293 ii.
1347 3233 1384 3291 Et

292 3333 356 3392 ideo
370 3353 428 3392 non
441 3334 585 3409 competit,
599 3342 630 3392 ut
642 3335 738 3394 clerici
752 3337 810 3394 sint
822 3353 1016 3412 percussores,
1032 3343 1079 3392 aut
1092 3336 1249 3392 occisores.
1272 3333 1386 3392 Debent

293 3434 369 3491 enim
384 3433 504 3491 ministri
524 3451 608 3490 suum
627 3433 775 3494 dominum
798 3429 948 3494 imiteri.''⁴
988 3433 1178 3510 Irregulcres
1191 3434 1266 3491 fiunt
1287 3433 1337 3506 qui
1350 3430 1384 3488 ad

293 3533 439 3607 sanguinis
452 3532 570 3589 humani
583 3531 724 3593 fusionem
739 3551 854 3609 operam
868 3533 1058 3612 praestiterint.

333 3634 383 3688 28.
405 3629 564 3706 Chirurgiae
578 3633 754 3700 exercitium,
769 3651 827 3704 quo
847 3631 956 3694 adustio
977 3632 1023 3690 vel
1042 3632 1144 3690 incisio
1157 3631 1286 3697 insertur,
1308 3645 1386 3686 sacro

297 3727 394 3788 ordine
409 3728 524 3785 initiatis
538 3746 595 3786 non
609 3728 692 3788 licet:
716 3740 734 3766 ‘⁶
745 3731 809 3792 Nec
822 3731 909 3792 ullam
923 3731 1070 3806 chimrgiae
1084 3739 1173 3791 artem
1185 3727 1385 3792 subdiaconus,

329 3915 369 3980 (l)
387 3928 422 3980 τῳ
433 3918 488 3979 hep.
521 3912 551 3962 ln
568 3912 649 3976 aliquo
666 3913 756 3972 codice,
767 3929 841 3980 quem
858 3921 927 3964 notat
944 3914 1085 3972 Griesbsch,
1103 3913 1235 3971 invenitur,
1252 3912 1296 3961 aed
1313 3911 1338 3960 in
1350 3925 1387 3960 re·

294 4007 364 4062 cepto
375 4005 444 4048 textu
455 3998 528 4048 deest
562 3995 664 4047 Videtur
676 3998 809 4062 Apostolus
821 4000 933 4062 exemplo
945 3998 1101 4056 militamur,
1113 3999 1201 4061 quibus
1212 3997 1309 4058 legibue
1320 4002 1386 4044 vcta·

292 4083 363 4133 betur
373 4099 406 4134 ne
416 4086 521 4146 negotia,
538 4083 613 4134 instar
630 4092 770 4135 caeterorum
787 4085 886 4142 civium,
902 4092 1048 4144 exercerent,
1060 4093 1087 4134 ut
1099 4085 1133 4134 rei
1150 4083 1248 4134 militari
1260 4082 1304 4133 toti
1316 4097 1386 4132 vace-

293 4176 355 4226 rent,
366 4176 391 4217 et
399 4169 548 4233 imperatoris
556 4171 632 4236 jussis
644 4171 772 4237 implendis
783 4187 876 4236 sempor
887 4171 966 4220 sorsnt
974 4172 1058 4236 parati.

331 4248 373 4314 (t)
393 4253 549 4314 2.9.qu.xl.
562 4253 640 4302 artii.
676 4253 751 4320 Reap.

331 4332 374 4396 (3)
393 4332 454 4381 Can.
466 4335 533 4383 xviii.
561 4334 661 4385 videet
672 4353 725 4401 cap.
737 4338 769 4387 ix.
783 4335 912 4388 secteris·
923 4335 962 4388 vel
971 4335 1095 4388 monachi.

332 4415 373 4481 (l)
393 4417 417 4464 2.
428 4418 452 4463 2.
464 4430 504 4478 qu.
516 4415 574 4464 lxiv.
584 4425 628 4470 art.
639 4418 671 4466 iv.
705 4417 779 4486 Resp.
