3146 5266
564 457 621 517 DE
642 457 926 520 PASSIONIBUS.
1252 469 1290 522 37

241 631 290 686 71.
305 626 434 684 Tristitia
442 624 580 683 minuitur
592 623 775 682 delectatione
788 625 1115 702 aliqnasuperveniente,
1126 625 1211 685 sedet
1224 625 1292 685 fletu

201 743 425 798 nonnunquam
447 743 510 797 quae
531 725 609 782 enim
629 731 741 798 pectore
760 733 855 780 manet
874 724 978 792 clausa,
999 742 1048 782 cor
1072 725 1145 782 solet
1163 726 1290 784 obmere.

200 827 249 882 Sic
263 825 439 900 Augustinus
453 823 538 880 amici
558 831 679 880 mortem
698 822 812 896 plorans
832 822 862 879 in
874 823 942 882 solis
956 823 1105 899 gemitibus
1118 831 1146 881 et
1157 824 1292 901 lacrymis

200 925 323 996 aliquam
336 924 464 994 requiem
477 912 661 979 inveniebat¹
702 921 774 979 Aliis
784 920 997 979 condolentibus
1006 922 1113 980 levatur
1125 923 1292 1001 plerumque

202 1023 324 1089 animus,
339 1039 404 1078 nam
418 1029 446 1077 et
458 1039 530 1078 onus
544 1019 631 1078 dividi
645 1019 763 1086 videtur,
779 1028 808 1076 et
819 1019 965 1079 delectatio
978 1039 1015 1078 ex
1034 1038 1132 1080 eorum
1144 1021 1292 1080 dilectione

202 1121 335 1179 nascitur.
378 1119 437 1176 Sed
459 1118 588 1176 solamen
607 1120 699 1195 majus
720 1116 823 1176 afflicto
843 1120 938 1176 animo
957 1119 990 1176 fit
1007 1137 1046 1178 ex
1062 1120 1214 1180 caelestium
1227 1139 1293 1180 con·

203 1219 396 1294 templatione,
411 1227 455 1274 est
466 1219 543 1274 enirn
559 1226 577 1254 “
586 1216 668 1273 Deus
682 1217 765 1273 totius
779 1217 990 1287 consolationis,
1004 1220 1054 1291 qui
1066 1220 1293 1278 consolatorios

203 1321 233 1376 in
258 1319 338 1375 omni
363 1317 537 1374 bibulatione
563 1309 708 1372 nostram
748 1314 826 1373 Hinc
851 1316 1026 1392 Augustinus
1056 1316 1091 1376 de
1123 1337 1154 1374 se
1180 1318 1291 1377 scribit:

205 1425 223 1452 ‘⁴
235 1416 390 1474 Videbatur
402 1415 483 1482 mihi,
497 1415 522 1471 si
536 1413 628 1470 seille
649 1414 789 1471 mentibus
808 1415 911 1472 nostris
925 1417 1047 1474 veribus
1060 1417 1153 1493 fulgor
1165 1418 1293 1493 aperiret,

203 1525 314 1574 autnon
323 1534 369 1577 me
378 1531 527 1571 sensurum
537 1511 626 1570 fuisse
641 1511 722 1570 illum
735 1511 871 1580 dolorem,
885 1523 933 1572 aut
941 1523 1015 1572 certe
1028 1535 1080 1591 pro
1093 1515 1183 1574 nihilo
1196 1516 1294 1574 tolera·

206 1608 346 1671 turum.”³
388 1621 406 1647 ‘⁴
417 1613 453 1669 ln
466 1611 702 1687 contemplatione
715 1612 838 1669 veritatis
860 1613 985 1672 maxima
997 1613 1143 1672 delectatio
1157 1616 1292 1674 comistit.

209 1712 314 1770 Omnis
335 1719 428 1768 autem
441 1709 584 1768 delectatio
597 1710 725 1768 dolorem
744 1711 862 1788 mitigat,
883 1721 911 1768 et
929 1711 993 1770 ideo
1012 1715 1212 1789 contemplatio
1224 1715 1295 1771 veri·

205 1812 267 1868 tatis
282 1810 393 1885 mitigat
406 1808 553 1875 tristitiam,
573 1809 617 1865 vel
638 1809 775 1877 dolorem,
789 1819 818 1866 et
836 1819 912 1866 tanto
924 1812 1015 1886 magis
1029 1821 1133 1884 quanto
1146 1811 1296 1887 perfectius

206 1910 308 1981 aliquis
332 1917 376 1965 est
397 1916 503 1964 amator
525 1909 687 1984 sapientiae:
709 1917 738 1965 et
759 1907 824 1967 ideo
847 1909 977 1967 homines
1000 1927 1037 1966 ex
1062 1910 1297 1984 contemplatione

206 2008 311 2074 divina,
326 2016 353 2062 et
371 2005 470 2064 futurae
491 2007 679 2075 beatitudinis,
699 2008 730 2064 in
748 2008 969 2066 tribulationibus
989 2007 1120 2084 gaudent,
1141 2006 1297 2066 secundum

203 2106 272 2165 illud
281 2106 301 2164 J
303 2106 383 2163 scobi
396 2105 420 2163 Ι.
442 2104 558 2163 ‘Omne
573 2107 706 2182 gaudium
719 2106 887 2175 existimate,
902 2107 999 2164 fratres
1011 2109 1079 2176 mei,
1088 2127 1153 2166 cum
1167 2109 1197 2165 in
1209 2117 1296 2164 tenta·

205 2207 294 2264 bones
308 2206 400 2262 varias
414 2205 568 2262 incideritis
580 2205 599 2261 ι’
621 2216 649 2263 et
669 2206 745 2277 quod
763 2215 807 2262 est
825 2206 956 2282 amplius,
977 2207 1062 2266 etiam
1080 2207 1152 2264 inter
1171 2208 1297 2282 eorporis

203 2307 352 2372 cmciatus,
366 2303 531 2382 hujusmodi
544 2305 679 2379 gaudium
691 2304 846 2362 invenitur:
868 2306 940 2362 sicut
953 2306 1099 2363 Tiburtius
1112 2315 1219 2381 martyr
1232 2323 1297 2363 cum

207 2405 317 2462 nudatis
331 2405 434 2480 plantis
445 2421 532 2479 super
542 2402 671 2461 ardentes
684 2422 788 2480 prunas
802 2404 952 2472 incederet,
967 2403 1054 2473 dixit3
1077 2404 1216 2462 ‘Videtur
1227 2404 1297 2462 rnihi

204 2502 280 2575 quod
293 2522 381 2579 super
392 2521 491 2560 roseos
505 2501 590 2559 fiores
605 2502 734 2559 incedam
754 2505 784 2560 in
803 2505 918 2561 nomine
935 2502 951 2560 J
955 2523 1005 2561 esu
1023 2503 1152 2561 Christ)
1163 2495 1200 2530 '⁹⁴
1239 2501 1298 2558 Sed

204 2611 233 2658 et
245 2611 364 2676 prosunt
375 2601 499 2658 remedia
518 2601 620 2672 quibus
638 2620 740 2676 eorpus
759 2603 875 2669 levatur,
890 2621 1007 2660 somnus
1021 2603 1137 2669 scilicet,
1150 2601 1295 2666 balneum,

204 2709 234 2756 et
248 2700 304 2755 alia
315 2699 496 2775 hujusmodi;
516 2717 603 2769 quum
613 2701 689 2757 enim
711 2701 820 2756 tristitia
839 2701 950 2774 corpori
969 2701 1061 2766 laedat,
1076 2719 1125 2757 eor
1137 2700 1224 2755 veluti
1237 2717 1297 2754 arc·

205 2797 301 2864 tande,
317 2805 346 2854 et
358 2796 552 2873 opprimendo,
564 2796 700 2871 quidquid
711 2796 902 2854 conditionem
912 2796 985 2853 hanc
997 2798 1126 2854 immutat
1135 2805 1162 2853 et
1172 2796 1298 2853 sublevat

207 2899 293 2954 animi
306 2897 441 2954 levamini
454 2897 537 2954 etiarn
550 2897 675 2954 inservit.
717 2896 775 2962 Qui
791 2897 875 2973 igitur
891 2905 1039 2972 gravantur
1060 2914 1180 2954 moerore
1199 2894 1301 2953 debent

207 2995 340 3054 remediis
353 2995 517 3073 hujusmodi
530 2997 581 3063 uti,
593 2995 645 3053 sed
658 2996 791 3053 orationis
800 2996 932 3072 praesidio
942 2998 1113 3072 praesertim:
1130 3005 1149 3031 ‘⁶
1159 2995 1300 3053 Tristatur

209 3095 309 3167 aliquis
323 3096 454 3152 testum?
475 3089 583 3152 oret.’'⁵

245 3200 294 3252 72.
317 3193 446 3252 Tristitia
456 3193 586 3266 quaednm
599 3195 673 3252 bona
685 3204 737 3263 est,
748 3195 797 3268 qui
810 3197 886 3253 enim
895 3196 970 3254 bono
984 3197 1088 3252 amisso
1096 3193 1181 3262 dolet,
1189 3193 1258 3252 illud
1268 3211 1299 3249 se

208 3293 408 3370 magnifacere
422 3292 560 3351 ostendit:
576 3294 626 3364 qui
638 3295 713 3356 malo
727 3313 841 3369 pressus
854 3295 984 3362 tristatur,
998 3313 1114 3351 sensum
1126 3293 1300 3358 calamitatis,

210 3412 225 3448 a
238 3411 294 3464 quo
302 3412 395 3451 nemo
409 3393 518 3450 alienus
532 3393 568 3448 sit
580 3383 701 3468 oportet,
715 3393 883 3450 manifestat.
911 3393 993 3450 Licet
1005 3394 1089 3468 igitur
1101 3392 1208 3458 dolere,
1219 3391 1301 3447 bonis

210 3492 272 3547 vite
293 3492 380 3568 hujus
400 3492 522 3558 amissis,
546 3492 591 3550 vel
612 3491 679 3549 dum
700 3492 831 3550 aerumnis
852 3492 1021 3564 premimur:
1049 3491 1091 3544 sic
1117 3491 1193 3546 enim
1218 3487 1304 3543 habet

210 3589 337 3646 hominis
356 3599 460 3666 natura.
503 3589 589 3656 Quod
611 3592 636 3647 si
656 3609 693 3648 ex
713 3588 780 3646 fidei
798 3588 905 3645 lumine
925 3605 958 3644 ea
977 3587 1120 3664 ploremus
1140 3587 1223 3654 mala,
1239 3603 1301 3657 quae

211 3687 309 3744 divino
326 3689 504 3746 adversantur
523 3689 634 3757 honori,
648 3699 677 3746 et
694 3708 759 3746 cnm
780 3688 935 3745 animarum
955 3688 1065 3745 interitu
1084 3688 1301 3765 conjunguntur,

211 3788 317 3859 aequior
329 3798 357 3844 et
370 3789 492 3846 sanctior
504 3789 556 3844 erit
569 3789 656 3846 animi
669 3787 765 3846 dolor:
787 3797 918 3846 caeterum
931 3787 1087 3846 cavendum
1100 3806 1136 3845 ne
1145 3787 1208 3859 quis
1217 3787 1301 3842 abun·

212 3885 330 3944 dantiori
344 3888 523 3945 absorbeatur
539 3879 673 3944 tristitia.⁶

250 3990 300 4043 73.
322 3987 396 4062 Spes
410 3995 503 4043 motus
517 3995 560 4042 est
573 3987 659 4042 animi
672 3987 702 4043 in
714 3987 818 4044 bonum
832 3985 956 4042 futurum
966 3984 1093 4051 arduum,
1109 3980 1185 4055 quod
1198 3984 1261 4054 quis
1271 4001 1302 4040 se

212 4081 379 4160 adepturum
392 4093 479 4160 putat.
492 4085 541 4175 ¹Ei
553 4086 707 4161 opponitur
718 4084 886 4161 desperati0‚
898 4101 954 4156 qua
967 4084 1030 4156 quis
1044 4101 1210 4162 persuasum
1219 4083 1304 4142 habet

247 4259 289 4322 (l)
310 4258 374 4308 Vide
385 4227 497 4311 consess.
508 4260 525 4309 l·
536 4255 569 4310 tv.
581 4276 601 4310 c.
614 4259 646 4310 iv·
714 4257 748 4319 (2)
767 4257 784 4305 2
797 4256 854 4306 0⁰¹·
865 4257 882 4308 i·
894 4261 918 4308 3·
949 4263 967 4328 ¹.

247 4342 289 4408 (3)
310 4342 428 4409 Soliloqu.
440 4347 456 4396 l.
468 4347 484 4396 i.
498 4363 520 4397 c.
531 4347 574 4396 xti.
709 4347 747 4404 tt)
765 4345 791 4395 S.
803 4345 893 4395 Thom.
905 4348 921 4395 l.
934 4349 958 4397 2.
970 4361 1012 4410 qu.
1020 4345 1124 4396 xxxviii.
1132 4353 1175 4396 stt.
1186 4345 1218 4395 ir.
1230 4343 1304 4409 Resp.

249 4429 291 4496 (5)
311 4428 363 4478 Jac.
376 4446 399 4479 v.
411 4431 450 4480 1³.
716 4431 753 4492 (6)
771 4430 786 4479 2
800 4430 857 4480 Cor.
870 4432 895 4482 ii.
908 4435 931 4482 t.

299 4495 384 4557 Vou.
401 4497 492 4558 I.-—5
