3078 5258
720 1201 862 1262 CAPUT
882 1203 921 1261 V.

642 1417 681 1458 DE
702 1417 826 1458 unctius
846 1416 1018 1457 sotvurtms.

332 1605 381 1659 dl.
410 1600 557 1666 Quina-nu
583 1596 660 1668 quod
685 1595 811 1653 diximus
838 1593 977 1654 Ecclesia
1004 1604 1178 1671 preceptum
1203 1595 1379 1654 decimarum

293 1699 410 1774 respicit
423 1697 606 1762 solutionem,
621 1712 685 1772 pars
698 1692 807 1750 scilicet
819 1692 929 1752 decima
942 1693 1083 1752 fmctnum
1103 1692 1182 1752 terra
1195 1701 1224 1754 et
1235 1694 1379 1770 pecudum

294 1799 357 1874 lege
371 1795 586 1873 praecipiebatur
597 1780 788 1851 sacerdotibus
802 1791 903 1860 danda,
917 1802 1000 1868 prout
1015 1791 1096 1850 Deus
1110 1794 1173 1871 ipse
1186 1812 1238 1870 per
1250 1795 1378 1869 Moysen

294 1895 401 1974 populo
420 1894 574 1954 Israelitico
587 1885 783 1969 preceperat!
824 1891 897 1949 Haec
917 1890 1033 1964 quidem
1054 1892 1112 1962 lex,
1127 1911 1215 1966 quum
1235 1891 1270 1950 ad
1282 1910 1378 1952 mores

290 2013 348 2053 non
368 2002 484 2070 spectet,
508 2011 573 2051 cunr
599 1992 696 2049 ritibus
716 1999 745 2050 et
762 1990 873 2067 legibus
895 1988 1024 2050 Judaicis
1050 1989 1144 2060 desiit,
1166 1993 1231 2069 jure
1251 2001 1345 2049 tamen
1360 2009 1378 2046 a

292 2092 409 2149 Christo
421 2089 550 2149 Domino
564 2090 651 2148 sacris
664 2090 802 2148 ministris
816 2107 963 2157 concesso,
970 2099 1002 2146 ut
1011 2091 1221 2150 sustentati-nis
1230 2089 1377 2148 subsidiaa

288 2188 421 2248 fidelibus
431 2190 599 2266 acciperent:
612 2187 735 2263 “dignus
743 2189 870 2246 estenim
879 2188 1024 2265 operarius
1035 2189 1164 2256 mercede
1172 2181 1274 2246 suam
1285 2191 1375 2264 Apos-

289 2289 362 2347 tclue
376 2289 406 2347 id
419 2287 569 2348 manifesto
583 2285 683 2344 tradit:
709 2284 889 2359 “Numquid
902 2304 960 2344 non
972 2287 1109 2346 habemus
1124 2296 1291 2364 potestatem
1299 2305 1376 2344 man·

289 2386 420 2454 ducandi,
436 2397 465 2444 et
476 2383 612 2444 bibendi?
628 2426 636 2442 .
652 2426 660 2443 .
676 2425 683 2442 .
700 2385 772 2452 Quis
783 2385 884 2443 militat
895 2385 954 2442 suis
968 2386 1115 2462 stipendiis
1128 2387 1284 2459 umquam?
1305 2386 1376 2452 Quis

290 2485 398 2562 plantat
412 2486 535 2550 vineam,
549 2492 577 2540 et
590 2481 626 2540 de
639 2481 730 2540 fructu
743 2483 805 2559 ejus
826 2501 884 2540 non
897 2483 975 2541 editt
1016 2485 1088 2552 Quis
1106 2486 1197 2562 pascit
1209 2504 1334 2562 gregem,
1347 2494 1376 2540 ct

289 2583 323 2642 de
337 2584 410 2642 lactc
424 2583 590 2662 gregium
604 2581 775 2640 manducat?
817 2582 968 2654 Numquid
987 2583 1143 2643 secundum
1155 2583 1305 2643 hominem
1317 2584 1375 2640 hacc

289 2683 373 2741 dicct
415 2685 461 2742 An
475 2692 504 2742 et
513 2681 562 2740 lex
575 2681 638 2740 haec
651 2700 710 2740 non
723 2681 811 2739 dicit?
838 2681 983 2756 Scriptum
996 2693 1041 2740 est
1052 2685 1128 2742 enim
1141 2684 1172 2741 in
1183 2683 1246 2760 lege
1255 2683 1371 2759 Moysi:

291 2783 360 2841 Non
374 2783 501 2860 alligabis
515 2801 547 2840 os
560 2782 628 2840 bovi
641 2781 788 2839 trituranti.
830 2778 981 2852 Numquid
994 2781 1030 2839 de
1050 2783 1141 2840 bobus
1154 2801 1222 2839 cura
1234 2793 1278 2840 est
1291 2781 1374 2840 Dect

289 2883 335 2938 An
349 2895 463 2958 propter
476 2899 528 2940 ms
549 2882 646 2952 utique
667 2880 722 2938 hcc
742 2879 833 2937 dicit?
875 2880 952 2938 Nam
972 2890 1088 2957 propter
1105 2899 1158 2940 nos
1179 2883 1283 2957 scripta
1302 2890 1373 2946 sunt,

290 2979 426 3050 quoniam
440 2977 523 3034 debet
541 2979 570 3035 in
591 2996 653 3053 spe,
667 2977 717 3049 qui
730 2986 797 3044 arat,
812 2996 907 3035 arare:
929 2980 1021 3051 etqui
1033 2980 1148 3046 triturat,
1162 2979 1192 3036 in
1205 2999 1257 3056 spe
1270 2980 1373 3037 fmctus

286 3073 471 3152 percipiendi.
514 3075 547 3131 Si
570 3092 623 3131 nos
643 3075 898 3150 robis.spirittralia
917 3079 1129 3146 seminavimus,
1143 3097 1279 3154 magnum
1296 3087 1339 3135 est
1351 3078 1372 3134 si

286 3191 338 3231 noe
351 3172 474 3230 carnalia
487 3181 579 3230 vestra
591 3172 749 3230 metamus?
771 3214 778 3229 .
795 3214 803 3230 .
843 3174 972 3232 Nescitis
993 3178 1127 3249 quoniam
1148 3178 1241 3250 quiin
1255 3176 1372 3235 sacrario

288 3280 439 3348 operantur
452 3291 515 3344 quat
530 3271 564 3330 dc
579 3272 700 3331 sacrario
714 3281 788 3340 sunt,
803 3271 907 3330 edunt:
929 3276 1015 3347 etqui
1035 3277 1114 3334 altari
1127 3275 1298 3343 deserviunt,
1313 3293 1372 3334 cum

287 3372 365 3430 altari
391 3371 581 3448 participant?
622 3371 665 3430 Ita
683 3380 712 3428 et
736 3368 880 3429 Dominus
904 3371 1043 3431 ordinavit
1062 3376 1096 3432 iis
1118 3376 1166 3447 qui
1187 3375 1373 3452 Evangelium

289 3471 465 3540 annuntiant,
493 3471 527 3529 de
554 3470 712 3550 Evangelio
744 3461 889 3528 vivere.''³
930 3470 1031 3530 “Jure
1057 3474 1266 3550 Evangeli00,”
1289 3473 1373 3546 inquit

289 3572 417 3630 Joannes
438 3571 553 3637 Darou,
575 3570 639 3628 “ad
655 3569 771 3628 alendos
791 3571 910 3628 clericos
929 3571 1013 3633 nullae
1027 3572 1138 3631 indictae
1159 3581 1225 3630 sunt
1237 3573 1369 3636 decimat

289 3679 396 3728 tanturn
411 3669 567 3726 Christiani
575 3670 712 3745 jubentur
725 3668 863 3726 Ecclesiae
877 3670 1012 3732 ministris
1025 3674 1150 3748 praebere
1164 3674 1325 3730 necessaria
1341 3668 1370 3726 ad

289 3769 374 3825 vitam
391 3767 510 3826 honeste
524 3785 557 3823 ac
570 3765 702 3827 decenter
714 3765 924 3825 traducendam.
965 3769 1066 3842 Itaque
1079 3770 1167 3828 dividi
1181 3770 1296 3842 quidem
1305 3768 1370 3846 juris

290 3877 333 3925 est
345 3866 423 3940 quod
435 3866 470 3924 iis
483 3866 533 3938 qui
543 3865 622 3922 altari
632 3865 800 3933 ministrant,
811 3868 970 3925 neccssaria
979 3870 1042 3926 vitae
1052 3869 1179 3927 subsidia
1185 3871 1369 3946 praebeanturt

290 3986 348 4027 non
360 3969 438 4035 item,
453 3965 529 4039 quod
538 3983 572 4023 ca
584 3962 619 4021 de
633 3983 719 4022 causa
732 3963 813 4022 detur
826 3964 937 4024 decima
949 3985 1014 4042 pars
1028 3967 1169 4026 fructuum
1184 3978 1273 4035 terrae‚
1287 3965 1368 4024 ethcc

287 4065 405 4137 quidem
415 4065 501 4125 modo
510 4065 627 4123 decimae
641 4063 676 4122 ad
685 4064 734 4142 jus
748 4063 886 4124 Divinum
900 4065 997 4124 referri
1010 4085 1067 4125 non
1081 4059 1251 4143 possunt’'⁴

323 4230 365 4295 (l)
389 4229 449 4279 Lev.
462 4233 528 4281 xxvi.
538 4235 579 4282 30.
750 4234 793 4298 (2)
812 4231 874 4283 Luc.
885 4248 910 4282 x.
923 4236 946 4281 7.
1116 4233 1159 4300 (3)
1181 4234 1192 4282 l
1206 4233 1262 4282 Cor.
1274 4233 1306 4280 ir.
1317 4231 1339 4276 t.

323 4313 365 4377 (4)
385 4311 446 4363 lust.
457 4328 510 4363 can.
525 4314 540 4362 Ι.
552 4315 576 4365 ii.
584 4315 620 4363 tit.
632 4315 682 4364 xvi.
695 4332 719 4364 n.
731 4315 757 4364 ti.
776 4315 841 4364 Miro
852 4315 932 4365 studio
944 4314 1045 4365 Hcckcr
1057 4316 1148 4369 laborat
1160 4324 1189 4366 ut
1201 4317 1284 4380 probet
1294 4307 1371 4361 veteri·

284 4399 330 4448 bue
346 4410 490 4462 persuasum
502 4412 554 4444 csse
566 4395 672 4446 decimas
680 4399 735 4462 jure
746 4399 829 4447 divino
841 4397 920 4448 deberi
934 4414 939 4446 :
957 4399 1024 4464 qnod
1034 4399 1086 4464 ipse
1098 4407 1188 4463 tuctur,
1200 4398 1335 4462 merissime
1346 4392 1366 4442 iu

284 4497 314 4530 co
325 4478 495 4531 hallucinatus.
529 4477 679 4542 Antiquities
691 4480 719 4528 of
732 4480 773 4528 the
784 4479 906 4530 Christian
919 4479 1028 4542 Ohurch,
1039 4481 1055 4533 l.
1068 4499 1090 4530 v.
1102 4499 1124 4533 c.
1135 4499 1158 4531 v.
