3078 5258
414 491 471 550 DE
493 491 777 552 REGULARIUM
798 493 1066 555 PRIVILEGIIS.
1227 500 1283 554 aet

184 660 310 728 licentia,
325 661 398 718 intra
410 658 534 716 claustro
545 658 655 716 censeri
668 653 816 734 possunt.l
856 658 901 716 De
915 658 1085 739 hujusmodi
1098 661 1287 720 decreverunt

186 759 350 818 Tridentini
373 767 485 834 patres:
518 757 695 834 “Regularis
719 777 777 816 non
804 757 932 816 subditus
956 760 1105 836 episcope,
1133 760 1185 832 qui
1210 761 1285 818 intra

186 859 307 916 claustra
320 857 487 916 monasterii
500 855 586 932 degit,
600 866 629 914 st
641 865 720 914 extra
732 876 767 914 ea
780 859 818 916 ita
830 856 941 916 notorie
954 857 1115 930 deliquerit,
1129 869 1161 916 nt
1174 860 1285 936 populo

185 957 321 1017 scandalo
343 959 391 1024 sit,
412 955 552 1032 episcopo
572 957 704 1023 instante,
725 975 741 1012 a
766 975 820 1016 suo
844 957 1000 1031 Superiora
1022 959 1096 1016 intra
1115 967 1231 1034 tempus
1251 959 1286 1016 eb

186 1057 327 1132 episcopo
340 1053 546 1132 prefigendnm
559 1073 658 1112 severe
678 1057 820 1131 puniatur,
834 1075 867 1112 ec
890 1055 925 1112 de
946 1058 1095 1132 punitione
1115 1057 1286 1135 episcopum

186 1157 338 1212 certiorem
353 1155 453 1220 saciata
474 1155 520 1211 sin
533 1155 639 1222 minus,
655 1173 737 1213 asuo
752 1155 905 1232 Superiore
926 1155 1023 1214 officio
1041 1155 1178 1232 privetur,
1193 1165 1222 1213 et
1238 1154 1285 1214 de·

186 1253 321 1326 linquens
335 1253 521 1329 abepiscopo
536 1254 631 1329 puniri
642 1247 783 1329 possit.’'²
809 1254 856 1312 Ne
870 1254 958 1332 hujus
971 1254 1079 1313 decreti
1088 1256 1131 1313 vis
1142 1253 1283 1324 eludatur,

186 1352 375 1424 delinquente
394 1371 410 1408 a
435 1351 589 1428 Superiore
609 1361 690 1410 extra
714 1352 872 1413 Dioeoesim
898 1355 997 1421 misso,
1018 1355 1116 1412 statuit
1142 1353 1282 1412 Olemens

190 1443 379 1518 VIII.,³eunr
386 1451 602 1510 revocanduma
616 1452 780 1528 Superiore,
795 1461 826 1508 ut
838 1452 982 1528 puniatur,
997 1453 1121 1511 instante
1134 1453 1282 1529 episcopo,

187 1550 234 1606 vel
248 1550 274 1606 si
287 1549 447 1626 neglexerit
460 1550 608 1626 Superior,
623 1551 657 1608 ab
680 1551 817 1628 episcopo
830 1550 887 1608 loci
899 1552 930 1609 in
949 1570 1008 1623 qno
1022 1561 1149 1610 moratur
1162 1552 1283 1626 punien-

187 1647 268 1706 dunn
302 1648 446 1706 Adnotant
459 1649 698 1708 salmanticenses
711 1649 837 1726 theologi
852 1669 918 1708 eum
930 1651 1003 1718 aliis,
1015 1649 1090 1728 apud
1105 1650 1137 1707 S.
1154 1650 1283 1727 Alphen-

187 1739 430 1813 sum,⁴deoretum
438 1747 656 1824 intelligendum
668 1748 704 1806 de
717 1749 820 1806 delicto
831 1749 942 1823 publioe
953 1751 1075 1816 notorio,
1084 1761 1112 1806 et
1122 1748 1277 1816 asubditis,

186 1855 346 1906 nouantem
361 1867 377 1904 a
388 1847 554 1924 Superiore,
568 1857 686 1924 patrato,
695 1866 761 1906 nam
772 1847 942 1923 Superiores
952 1848 982 1906 in
989 1847 1097 1906 odiosis
1108 1848 1226 1904 nornine
1237 1864 1280 1904 re·

187 1946 327 2022 gularium
336 1964 395 2005 non
406 1946 533 2004 veniunt.
568 1956 586 1982 ‘⁶
597 1945 783 2024 Episcopus”
798 1944 928 2023 adjungit
940 1946 972 2003 S.
987 1945 1166 2023 Alpbonsus,
1184 1952 1203 1979 “
1212 1943 1280 2002 lieet

188 2061 291 2119 capere
311 2046 402 2121 possit
423 2045 606 2104 summariam
625 2045 864 2113 informationem,
885 2053 917 2104 ut
941 2064 1005 2103 eam
1031 2045 1067 2104 ad
1093 2043 1280 2120 Superiorem

187 2141 343 2211 transierat,
357 2162 416 2202 non
427 2152 521 2219 potest
534 2152 627 2203 tamen
636 2143 791 2221 juridicum
804 2142 952 2204 efformare
966 2161 1135 2220 processum
1146 2141 1283 2202 aduersus

188 2241 302 2300 reum.”

227 2345 256 2398 8.
278 2340 436 2416 Regulares
458 2341 563 2398 litteras
583 2341 786 2400 dimissoriales
806 2341 843 2400 sd
861 2343 978 2402 ordines
998 2341 1179 2419 recipiendos
1194 2339 1283 2398 esuis
1348 2406 1354 2415 ¹

187 2440 382 2515 superioribus
396 2440 523 2516 recipere
537 2438 650 2509 debent,
663 2450 695 2499 ut
707 2440 821 2499 ordines
836 2442 871 2499 iis
889 2443 1069 2502 conserantur
1089 2443 1123 2500 ab
1144 2441 1285 2518 episcopo

187 2539 216 2596 in
230 2540 311 2616 cujus
326 2536 611 2609 dioecesiverssntur,
626 2541 733 2616 praevio
758 2539 852 2598 debito
873 2542 1015 2600 examine.
1057 2539 1191 2606 Quodsi
1211 2538 1285 2596 absit

190 2637 265 2712 ipse,
280 2639 327 2695 vel
339 2635 546 2697 ordinationem
558 2639 704 2698 habiturus
713 2640 826 2707 nonsit,
841 2648 969 2718 tempore
982 2657 1035 2715 per
1046 2639 1125 2713 leges
1136 2636 1285 2694 ecelesias·

187 2735 261 2793 tices
276 2743 389 2804 statuto,
401 2736 467 2794 lieet
477 2755 528 2798 eos
537 2737 572 2794 ad
585 2738 672 2796 alium
685 2739 855 2814 episcopum
865 2739 977 2796 mittere
990 2733 1174 2800 ordinandos,
1185 2731 1282 2789 habita

188 2841 287 2891 tamen
307 2835 479 2894 attestatione
498 2836 659 2895 authentica
679 2835 726 2893 vel
748 2836 857 2903 Vioarii
881 2834 1041 2901 Generalis,
1066 2833 1112 2890 rel
1132 2828 1284 2888 Secretarii

188 2933 330 3009 episcopi,
344 2951 400 3006 qua
413 2943 523 2994 constet
535 2954 602 2996 etun
623 2935 733 3002 abesse,
754 2935 801 2993 vel
820 2933 934 2994 ordines
955 2943 1082 3009 tempore
1103 2939 1206 2992 statuto
1226 2945 1284 2987 non

187 3028 380 3090 collatunrm.⁵

228 3133 258 3187 9.
278 3129 325 3188 De
338 3130 540 3207 predicatione
560 3131 621 3190 haeo
634 3135 730 3191 statuit
749 3132 950 3192 Tridentinum
971 3131 1136 3200 concilium,
1158 3138 1177 3165 “
1189 3129 1285 3206 Regu·

187 3228 261 3286 lares
275 3247 343 3289 vero
363 3232 569 3308 cujuscumque
593 3230 711 3300 ordinis,
734 3231 791 3290 nisi
817 3251 834 3288 a
856 3233 915 3290 suis
936 3231 1138 3306 Superioribus
1157 3227 1194 3286 de
1215 3228 1281 3294 vita,
1364 3231 1367 3242 ’

187 3328 325 3396 moribus,
349 3337 377 3386 et
397 3330 516 3388 seientia
535 3331 698 3400 examinati,
719 3339 748 3388 et
773 3329 921 3407 approbati
940 3328 1054 3396 suerint,
1076 3346 1108 3384 ac
1127 3326 1163 3383 de
1184 3342 1282 3382 eorum

187 3424 313 3494 licentia,
326 3429 412 3487 etiam
425 3432 455 3488 in
478 3430 607 3488 ecclesiis
629 3447 747 3488 suorum
767 3427 908 3495 ordinum,
923 3426 1074 3504 predicare
1088 3442 1147 3482 non
1161 3423 1283 3500 possint,

187 3542 255 3584 oum
269 3526 451 3596 qualicentia
464 3528 650 3605 personaliter
667 3547 699 3586 se
719 3546 814 3587 eoram
834 3527 979 3603 episeopis
999 3531 1178 3601 presentare,
1199 3531 1228 3580 et
1250 3520 1285 3577 ab

187 3624 231 3681 eis
251 3623 480 3686 benedictionem
502 3635 597 3704 petere
619 3635 775 3694 teneantur,
796 3635 946 3699 antequam
967 3622 1120 3701 praedicare
1134 3621 1284 3698 incipiant.

186 3723 222 3781 In
243 3723 373 3782 ecclesiis
395 3725 473 3793 verd,
496 3743 559 3799 quse
579 3744 697 3785 suorum
720 3724 851 3785 ordinum
871 3743 931 3783 non
951 3733 1028 3791 sunt,
1047 3723 1121 3782 ultra
1140 3720 1285 3780 licentiam

187 3841 308 3881 suorum
322 3825 501 3900 superionrm
520 3825 605 3882 etiem
628 3826 757 3903 episcopi
776 3825 920 3884 licentiam
933 3825 1037 3882 habere
1052 3829 1208 3888 teneantur,
1223 3819 1284 3875 sine

186 3939 245 3994 qua
257 3923 288 3980 in
307 3923 380 3999 ipsis
399 3923 529 3982 ecelesiis
551 3942 610 3983 non
632 3943 749 3984 suorum
769 3925 902 3984 ordinum
922 3923 1001 3982 nullo
1021 3917 1112 3978 modo
1129 3916 1283 3993 predicare

284 4131 346 4196 Gap.
358 4132 402 4183 Ee
412 4131 538 4200 rescripte,
549 4134 579 4185 ds
587 4133 752 4200 jurejurando.
820 4133 859 4197 (2)
873 4131 939 4180 Sess.
951 4146 1011 4181 xxv,
1022 4144 1075 4194 esp.
1084 4128 1138 4178 xiv.
1151 4126 1181 4176 de
1194 4125 1250 4175 Res.

281 4216 311 4266 ln
323 4215 412 4267 Bulla:
424 4218 534 4285 mreepti
544 4218 635 4278 oneris,
646 4234 712 4268 enno
727 4217 799 4278 1596,
811 4218 884 4267 edite.

287 4307 354 4366 App.
366 4301 391 4350 ii.
401 4318 426 4351 n.
439 4302 536 4353 lxxxiii.
