3046 5262
278 495 338 554 260
623 482 681 544 DE
703 483 817 544 LEGE
839 483 979 543 ClVlLI.

277 668 340 726 tur;
367 655 513 714 firmantur
533 671 598 712 cum
618 651 744 710 moribus
757 650 896 708 utentium
916 645 1151 727 sppmbannrr.''¹
1192 652 1372 714 Justinianns

278 773 392 832 quoque
406 754 463 812 ait:
487 753 596 828 “leges
610 750 688 808 nulla
701 749 755 808 alia
769 766 907 807 excausa
925 768 978 808 nos
992 759 1097 818 tenent,
1112 767 1197 822 quam
1212 753 1292 824 quod
1300 754 1376 830 judi·

277 856 322 914 cio
335 851 435 931 populi
449 860 571 928 receptae
585 839 701 907 sunt.”²
740 847 775 906 In
788 849 911 923 imperio
924 849 1056 906 Romano
1070 849 1250 925 imperatoris
1264 850 1376 910 decreta

276 955 336 1014 rim
349 950 421 1028 legis
444 950 606 1008 obtinebant
624 966 661 1005 ex
684 947 831 1024 potestatis
852 946 1028 1023 plenitudine
1049 965 1113 1019 quae
1133 950 1301 1008 censebatur
1320 953 1376 1009 eia

275 1051 384 1130 populo
399 1067 547 1116 concessa,
563 1065 651 1120 quum
671 1045 707 1103 ad
726 1045 880 1120 imperium
900 1045 1084 1113 eveheretur;
1107 1046 1223 1112 “Quod
1243 1049 1372 1127 Principi

275 1147 414 1229 placuit,”
430 1149 523 1221 inquit
535 1147 724 1212 Justinianns,
741 1143 842 1220 “legis
852 1143 938 1202 habet
947 1146 1090 1222 vigorem:
1113 1163 1201 1215 quum
1211 1146 1277 1223 lege
1287 1150 1372 1226 regia,

276 1267 339 1323 quse
353 1247 388 1305 de
402 1248 465 1324 ejus
479 1245 600 1322 imperio
613 1244 668 1300 lata
685 1251 739 1311 est,
754 1243 877 1319 populus
898 1242 926 1300 ei
948 1252 977 1299 et
989 1243 1020 1301 in
1039 1260 1105 1301 eum
1119 1262 1206 1302 omne
1221 1246 1371 1322 imperium

274 1365 360 1406 suurn
373 1354 402 1404 et
415 1353 583 1422 potestatem
597 1334 781 1400 concedat.”³
822 1339 968 1399 Caeterum
984 1342 1112 1401 libertate
1125 1344 1270 1402 sentiendi
1277 1345 1329 1403 hac
1342 1348 1371 1405 in

274 1465 304 1506 re
318 1447 425 1512 relicta,
447 1446 516 1503 setis
537 1442 635 1501 habuit
654 1439 818 1499 Alexander
839 1440 908 1498 VII.
932 1439 1065 1498 damnare
1078 1460 1178 1500 eornm
1193 1446 1372 1514 sententiam,

275 1547 323 1620 qui
338 1545 477 1623 populum
493 1544 599 1615 absque
613 1540 671 1597 nlla
690 1557 776 1598 causa
794 1540 972 1615 rejicientem
992 1540 1130 1617 principis
1149 1540 1245 1618 legem
1260 1563 1277 1600 a
1290 1546 1373 1622 culpa

272 1645 453 1701 eximebant:
475 1651 495 1677 “
505 1637 627 1718 populus
641 1655 699 1695 non
709 1646 817 1714 peccat,
832 1639 943 1697 etiamsi
957 1642 1064 1712 absque
1078 1637 1135 1697 ulla
1154 1659 1240 1698 causa
1254 1660 1314 1700 non
1332 1662 1373 1700 re·

274 1742 381 1818 cipiant
404 1739 499 1817 legem
525 1761 542 1798 a
568 1737 697 1815 principe
724 1731 981 1814 promulgatam.”⁴
1021 1738 1066 1796 Ad
1088 1757 1141 1796 nos
1163 1739 1241 1811 quod
1265 1743 1371 1811 attinet,

272 1860 362 1914 quum
377 1841 407 1898 in
421 1839 567 1917 republica
580 1837 727 1914 degamus,
740 1855 802 1908 quae
812 1836 895 1912 juxta
908 1837 1041 1912 scriptam
1053 1836 1310 1899 Constantianam
1323 1861 1372 1918 gu·

271 1939 416 1998 bemanda
432 1939 571 2014 est,leges
579 1938 637 1994 vim
646 1955 727 1993 suam
736 1953 851 1993 omnem
860 1936 1089 1995 obtinentstatim
1099 1947 1237 1995 acacoetn
1246 1938 1369 2015 publico,

272 2040 318 2097 cni
332 2037 362 2096 id
375 2038 502 2096 muneris
517 2033 653 2112 apopulo
668 2032 867 2093 demandatum
882 2044 934 2102 est,
954 2035 1017 2092 tate
1037 2035 1151 2103 fuerint,
1171 2045 1201 2092 et
1222 2037 1368 2097 Gubema-

271 2137 334 2204 tori,
349 2154 400 2193 seu
411 2133 537 2212 praesidi,
552 2153 604 2210 pro
623 2133 718 2210 legum
742 2142 851 2202 natura,
872 2133 976 2192 suerint
988 2135 1120 2209 probatae.
1161 2135 1295 2212 Populus
1309 2141 1366 2211 qui-

270 2234 336 2294 dem
351 2244 483 2293 censetur
495 2251 658 2310 supremam
672 2239 839 2309 potestatem
855 2233 929 2309 apud
949 2251 980 2290 se
993 2235 1126 2302 retinere,
1140 2233 1266 2308 ideoque
1280 2256 1362 2314 posse

269 2321 301 2394 in
314 2335 424 2392 irritum
449 2334 559 2392 mittere
580 2351 643 2405 quae
661 2331 781 2408 delegati
803 2333 837 2388 ab
857 2350 891 2389 eo
905 2333 958 2390 viri
982 2351 1132 2409 perperam
1152 2333 1277 2404 tulerint,
1292 2336 1365 2408 quod

270 2445 363 2492 tamen
378 2434 406 2491 vi
420 2442 449 2491 et
462 2433 583 2489 tumultu
597 2449 654 2489 non
669 2439 712 2487 est
725 2429 907 2489 faciendum:
930 2431 981 2489 sed
1001 2432 1065 2509 lege
1085 2432 1176 2491 semel
1189 2434 1255 2502 lata,
1276 2454 1362 2494 reme-

270 2533 349 2592 dium
363 2540 503 2610 superest,
518 2539 549 2588 ut
561 2529 700 2607 proximis
714 2527 838 2587 comitiis
852 2529 991 2607 eligantur
1004 2531 1051 2588 alii
1064 2533 1113 2604 qui
1127 2550 1190 2590 eam
1203 2533 1328 2610 refigant.

311 2637 358 2690 10.
380 2633 476 2710 Leges
489 2629 588 2688 civiles
602 2639 680 2688 actus
694 2637 826 2686 externos
840 2638 977 2706 spectant,
992 2647 1067 2698 nam,
1081 2640 1112 2688 ut
1124 2633 1162 2689 ait
1175 2631 1207 2688 S.
1223 2632 1360 2701 Thomas,

269 2731 336 2790 “de
350 2731 396 2790 his
411 2739 504 2810 potest
524 2729 612 2788 homo
625 2729 718 2806 legem
736 2727 839 2797 facere,
853 2727 889 2785 de
903 2729 1004 2801 quibus
1018 2738 1111 2806 potest
1127 2729 1273 2808 judicare:
1290 2732 1362 2810 judi·

267 2833 343 2889 cium
367 2841 460 2888 autem
481 2829 608 2887 hominis
629 2846 770 2886 essenon
792 2837 884 2902 potest
904 2826 938 2884 de
960 2829 1141 2887 interioribus
1164 2831 1288 2889 motibus
1313 2833 1359 2906 qui

265 2929 363 2993 latent,
379 2926 430 2983 sed
444 2927 536 2984 solum
551 2927 586 2982 de
600 2926 784 2982 exterioribus
801 2929 908 2984 actibus
922 2927 970 2998 qui
984 2922 1128 3002 patent.”⁵
1168 2937 1188 2963 “
1200 2929 1234 2988 ln
1247 2932 1283 2988 iis
1297 2949 1357 3002 quae

265 3025 409 3100 pertinent
422 3021 456 3079 ad
470 3023 633 3080 interiorem
656 3032 762 3079 motum
777 3025 940 3093 voluntatis,
955 3024 1115 3084 homo‘non
1128 3037 1238 3085 tenetur
1251 3029 1357 3087 homini

265 3121 390 3190 obedire,
403 3121 457 3179 sed
471 3119 564 3177 solum
578 3119 660 3178 Deo:
682 3129 791 3177 tenetur
811 3134 904 3180 autem
924 3123 1012 3184 homo
1032 3125 1142 3183 homini
1155 3127 1270 3186 obedire
1284 3130 1313 3187 in
1326 3129 1359 3185 iis

265 3241 328 3296 quta
342 3221 466 3280 exterius
483 3237 535 3297 per
552 3239 654 3296 corpus
668 3237 751 3277 sunm
765 3231 831 3280 sunt
844 3216 1000 3299 agenda.”⁶

307 3327 354 3380 ll.
376 3321 422 3380 De
440 3321 524 3380 rebus
547 3319 758 3395 temporalibus,
774 3339 836 3393 quae
851 3320 885 3377 ad
898 3319 1027 3379 ordinem
1041 3323 1184 3399 publicum
1199 3336 1227 3383 et
1241 3327 1355 3384 salutem

265 3423 427 3500 reipublicae
437 3420 587 3498 pertinent,
602 3417 728 3476 lemnum
737 3418 815 3495 leges
829 3419 938 3478 civiles:
954 3439 1016 3492 quae
1027 3421 1133 3480 idcirco
1147 3433 1272 3484 statuunt
1284 3424 1352 3483 ordi·

265 3542 330 3580 nem
335 3521 522 3600 judiciorum,
534 3517 684 3596 criminum
695 3537 804 3595 poenas,
813 3529 1006 3577 contractuum
1018 3521 1208 3605 conditiones
1220 3534 1249 3582 et
1257 3525 1357 3583 civium

265 3621 442 3698 singulorum
453 3621 528 3695 jura,
543 3627 571 3674 et
584 3618 794 3692 magistratuum
808 3619 915 3676 munia.
957 3619 1091 3678 Moribus
1113 3621 1219 3682 civium
1240 3623 1275 3681 ad
1288 3634 1356 3681 tran·

264 3719 433 3792 quillitatem
449 3725 478 3772 et
499 3716 677 3772 securitatem
690 3717 832 3791 publicam
854 3715 1044 3787 moderantur,
1057 3728 1163 3777 naturae
1185 3722 1266 3800 leges
1279 3741 1355 3779 sanc-

263 3819 386 3878 tionibus
401 3816 483 3876 novis
497 3813 681 3872 inculcantes.
725 3814 822 3873 Recta
835 3834 987 3892 puerorum
1007 3818 1178 3876 institutioni
1190 3823 1276 3879 etiam
1288 3821 1354 3896 legi·

263 3920 316 3976 bns
334 3915 539 3978 consulendum
560 3921 612 3980 est,
631 3910 697 3970 inde
717 3914 794 3971 enim
814 3916 938 3972 maxime
957 3915 1065 3992 pendet
1082 3916 1175 3975 sutura
1194 3919 1353 3996 reipublicae

262 4001 396 4076 conditio.
439 4017 620 4088 Ubicumque
630 4011 698 4070 olim
709 4011 804 4070 divina
817 4013 938 4073 innotuit
950 4015 1092 4083 revelatio,
1104 4015 1239 4076 Ecclesia
1252 4017 1354 4092 magis·

364 4237 405 4300 (l)
427 4235 488 4300 Cap.
500 4237 529 4285 ln
542 4237 601 4294 istis,
613 4236 661 4285 dist
681 4237 713 4286 iv.
947 4237 989 4304 (2)
1010 4239 1040 4288 Ο.
1052 4238 1086 4288 tii.
1096 4241 1111 4298 ἐ
1123 4239 1154 4290 de
1166 4239 1225 4302 Leg.

363 4319 405 4383 (3)
425 4319 485 4367 lnst
497 4319 512 4367 l.
523 4318 539 4367 i.
551 4319 587 4368 tit.
599 4319 623 4367 ii.
635 4321 661 4368 n.'
670 4323 693 4368 6.
947 4321 988 4386 (l)
1008 4322 1082 4387 Prop.
1093 4323 1162 4372 xxix.

362 4403 403 4468 (ὅ)
427 4405 447 4449 1.
460 4404 483 4448 2.
495 4417 536 4464 qu.
548 4401 595 4450 xci.
608 4408 650 4450 ert.
663 4403 678 4451 i.
949 4405 990 4472 (6)
1011 4407 1264 4472 2.2.qu.cir.art.r.
