3076 5260
346 461 403 542 riu
424 485 691 548 roauusmus
713 485 1082 550 oaurcrrronmus.
1186 497 1261 552 ,aas

173 667 240 707 oum
254 649 270 707 a
284 649 431 726 Superiori
443 654 631 731 compellitur,
646 653 803 713 secundum
818 653 947 714 ordinem
955 657 1040 733 juris.
1067 657 1142 724 Quia
1151 660 1177 717 oi
1188 660 1263 718 circa

171 747 227 804 hoc
240 750 341 806 veritas
355 751 520 821 occultetur,
534 753 605 811 nulli
618 772 655 813 ex
667 753 724 811 boc
736 753 860 829 speciale
873 753 1009 813 damnum
1029 757 1163 815 nascitur.
1206 758 1263 816 Vel

171 845 196 902 si
209 847 357 906 immineat
369 850 527 926 periculum
540 853 704 920 accusatori,
725 870 783 909 non
803 861 846 908 est
867 852 1041 912 curandumr
1063 855 1129 927 quia
1151 856 1212 932 ipse
1232 857 1263 914 in

172 943 227 1002 hoc
240 947 398 1022 periculum
413 959 514 1025 sponte
528 969 559 1010 se
573 951 701 1028 ingessit.
743 951 809 1008 Alia
831 959 924 1009 autem
941 953 1011 1010 ratio
1031 962 1075 1010 est
1094 952 1129 1010 dc
1141 972 1201 1022 reo,
1216 955 1263 1012 cui

172 1045 330 1118 periculum
345 1047 475 1106 imminet
487 1068 522 1108 eo
536 1045 699 1109 nolente.”¹

216 1147 283 1202 122.
305 1146 416 1220 Nequit
428 1149 522 1206 testari
536 1150 660 1222 quirem
672 1149 752 1208 novit
765 1167 802 1205 ex
816 1148 1005 1217 consessione,
1019 1169 1086 1210 nam
1100 1151 1152 1210 sub
1166 1151 1263 1228 sigillo

176 1244 336 1302 arctissimo
344 1246 372 1303 ei
385 1249 598 1306 committuntur
610 1269 675 1322 quse
686 1248 818 1306 dicuntur
830 1247 1000 1307 confitendo.
1044 1248 1118 1308 “De
1131 1249 1187 1309 illis
1201 1269 1264 1323 quae

175 1339 286 1400 homini
308 1354 375 1402 sunt
395 1347 548 1428 commissa
573 1347 602 1404 in
629 1355 737 1404 secreto
756 1363 809 1420 per
834 1347 1055 1414 confessionem,
1075 1348 1154 1406 nullo
1180 1347 1265 1407 modo

175 1437 256 1498 debet
268 1445 462 1503 testimonium
472 1444 561 1502 ferre:
577 1446 644 1519 quia
656 1441 822 1521 hujusmodi
835 1461 893 1501 uon
906 1445 960 1501 scit
972 1454 1003 1502 ut
1015 1445 1113 1512 homo,
1127 1444 1179 1502 sed
1196 1455 1265 1504 tam·

178 1558 263 1610 quam
284 1541 340 1599 Dei
360 1543 508 1610 minister3
541 1554 569 1602 et
597 1546 689 1622 majus
710 1552 753 1601 est
778 1541 923 1600 vinculum
946 1545 1114 1601 sacramenti
1139 1543 1266 1615 quolibet

176 1638 303 1698 hominis
317 1633 509 1718 praecepto.’'²
548 1644 740 1720 Interrogatus
760 1641 866 1699 idcirco
887 1640 1059 1717 respondere
1073 1641 1165 1709 debet,
1180 1642 1269 1700 veluti

176 1739 217 1796 rei
232 1740 345 1816 penitus
359 1743 483 1818 ignarus,
498 1743 554 1800 nisi
568 1743 681 1801 aliunde
698 1743 725 1799 ei
742 1741 914 1800 innotuerit:
936 1759 1002 1798 nam
1025 1743 1074 1813 qui
1094 1741 1184 1799 oculis
1207 1741 1267 1798 suis

176 1855 238 1896 eam
252 1839 331 1906 vidit,
346 1859 404 1899 non
417 1840 482 1899 ideo
492 1842 660 1918 prohibetur
669 1838 850 1917 respondere,
865 1838 942 1910 quod
953 1839 1090 1917 deinceps
1103 1858 1137 1896 ea
1148 1839 1268 1897 fueritin

177 1955 260 1996 sacro
282 1939 412 1998 tribunali
436 1939 582 1998 declarata.
623 1940 771 2007 Advocati,
792 1938 896 2010 aliique
917 1939 966 2010 qui
988 1940 1017 1996 vi
1036 1939 1081 1996 sui
1106 1939 1268 1997 muuerisa

180 2037 328 2095 clientibus
342 2056 436 2097 rerum
449 2040 577 2098 notitiam
590 2048 769 2116 acceperuut,
779 2046 925 2110 nequeunt
931 2055 965 2094 ea
978 2037 1007 2095 iu
1020 2055 1120 2096 eorum
1132 2035 1268 2095 damnum

179 2136 228 2203 uti,
244 2155 358 2195 nemea
377 2135 480 2196 fiducia
499 2141 709 2199 communicata
728 2145 772 2195 est
790 2146 822 2194 ut
835 2137 943 2194 nemini
958 2131 1147 2212 proderetur.³
1188 2133 1269 2193 Idem

179 2233 331 2294 dicendum
347 2236 458 2295 videtur
480 2235 515 2293 de
535 2237 677 2316 chirurgo,
699 2238 859 2303 obstetrice,
879 2236 925 2294 vel
951 2233 1091 2294 fidissimo
1114 2236 1205 2294 amico
1225 2233 1271 2290 cui

179 2337 272 2393 arcani
286 2335 421 2394 naturalis
435 2336 569 2413 obligatio
579 2346 622 2396 est
631 2336 782 2413 imposita:
798 2345 918 2393 attamen
932 2335 1063 2407 quamvis
1074 2333 1175 2392 alieubi
1185 2349 1271 2390 onere

177 2434 321 2493 revelandi
336 2417 445 2493 secreta
457 2437 512 2494 sibi
526 2438 681 2496 commissa
687 2435 847 2494 eximantur
859 2434 988 2492 nonnulli
1003 2452 1039 2492 ex
1049 2426 1121 2501 his,⁴
1133 2451 1183 2491 eos
1194 2449 1271 2490 com·

178 2535 258 2590 muni
268 2535 333 2610 jure
348 2536 437 2591 teneri
451 2534 486 2590 ad
506 2536 625 2608 plenum
647 2534 830 2610 praebendum
851 2533 1054 2598 testimonium,
1074 2531 1172 2590 dicunt
1186 2531 1273 2607 juris·

182 2627 292 2705 periti.⁵
332 2629 378 2685 De
399 2631 435 2687 iis
456 2649 519 2701 quae
541 2633 594 2689 sub
615 2640 722 2688 secreto
743 2630 861 2687 naturali
874 2630 1118 2687 communicantur
1131 2630 1273 2705 sapienter

182 2745 234 2801 pro
249 2745 329 2784 more
343 2727 412 2785 dicit
425 2728 456 2785 S.
466 2729 613 2786 Thomas:
630 2726 839 2800 “Quandoque
853 2727 930 2785 enim
939 2735 1006 2784 sunt
1018 2726 1092 2795 talia,
1102 2744 1165 2799 quae
1179 2726 1273 2783 statim

181 2843 251 2882 cum
274 2825 310 2883 ad
332 2827 458 2884 notitiam
479 2827 604 2887 hominis
624 2827 764 2894 venerint,
784 2826 872 2883 homo
891 2843 925 2882 ea
943 2825 1123 2884 manifestare
1146 2833 1271 2884 tenetur:

180 2934 249 3001 puta
265 2927 290 2982 si
303 2925 444 3002 pertinent
457 2925 491 2983 ad
505 2927 715 3003 corruptionem
727 2924 915 2983 multitudinis
929 2923 1103 3000 spiritualem
1116 2925 1162 2983 vel
1175 2942 1274 3001 corpo·

181 3024 282 3092 ralem,
298 3026 344 3083 vel
358 3024 387 3083 in
401 3043 485 3101 grave
499 3024 633 3083 damnum
647 3025 766 3101 alicujus
780 3041 920 3099 personae,
935 3023 981 3080 vel
1000 3024 1025 3080 ri
1048 3023 1116 3096 quid
1135 3023 1212 3082 aliud
1231 3031 1275 3080 est

180 3124 359 3201 hujusmodi,
374 3123 451 3197 quod
464 3124 528 3195 quis
550 3125 696 3201 propalare
718 3131 827 3180 tenetur
846 3122 892 3179 vel
905 3121 1092 3190 testificando,
1106 3123 1152 3181 vel
1165 3122 1273 3182 denun-

216 3293 257 3360 (1)
278 3294 304 3344 S.
318 3293 409 3343 Thom.
421 3297 444 3341 2.
457 3295 480 3340 2.
493 3306 534 3354 qu.
546 3291 597 3338 lxx.
610 3288 680 3338 arti.
715 3287 789 3352 Καρ.

214 3379 256 3444 (2)
276 3378 377 3436 Ibidem,
389 3373 424 3425 od
439 3371 583 3424 sectandum.
618 3370 728 3420 Libertas
739 3369 869 3420 sacerdotis
886 3370 932 3419 hoc
948 3369 974 3419 in
991 3385 1017 3418 re
1028 3369 1147 3420 vindicato
1158 3379 1195 3422 est
1206 3371 1274 3422 Neo·

178 3463 288 3523 Eboraci,
300 3463 382 3512 Revdo
394 3462 422 3510 P.
434 3460 545 3510 Antonio
559 3457 700 3507 Kohlmann
712 3472 726 3505 s
737 3455 764 3504 S.
775 3455 794 3504 Ι.
807 3457 833 3504 iu
841 3455 884 3520 jus
902 3462 986 3504 vocato
997 3462 1025 3504 ut
1044 3471 1136 3505 nomen
1153 3456 1221 3515 iuris,
1233 3459 1276 3521 qui

179 3565 229 3598 rem
248 3549 293 3599 sibi
311 3547 462 3597 commiserat
480 3543 660 3601 restituendam,
672 3540 789 3606 proderet.
824 3538 888 3589 Vide
906 3539 1030 3589 libellum:
1048 3546 1062 3570 ‘¹
1070 3539 1181 3592 Catholio
1196 3541 1275 3602 Ques·

179 3632 259 3684 tiou.’'

217 3721 259 3786 (3)
279 3719 433 3776 Blackstone,
445 3718 460 3766 l.
472 3715 506 3766 iii.
515 3733 540 3766 n.
552 3714 610 3766 370.

216 3806 259 3871 (4)
279 3812 293 3836 “
303 3804 332 3854 In
345 3804 410 3853 New
421 3803 498 3862 York,
510 3801 657 3867 physicions,
668 3810 794 3861 surgeons,
805 3795 853 3846 and
865 3797 1012 3860 clergymen,
1021 3810 1060 3844 are
1071 3801 1115 3844 not
1127 3809 1184 3844 now
1197 3793 1279 3844 allow·

183 3891 213 3940 ed
226 3899 251 3941 to
261 3891 362 3940 disclose
373 3897 471 3940 matters
490 3886 601 3938 coutided
618 3893 643 3936 to
660 3885 727 3936 theru
739 3883 765 3933 in
777 3881 838 3932 their
850 3879 1009 3947 professional
1019 3877 1164 3932 character.''
1184 3878 1279 3944 Chitty,

184 3973 373 4127 lbuddllhdll'h}
387 4071 502 4122 purpureo
519 4057 547 4106 ol
559 4054 641 4120 public
655 4053 743 4118 justice
764 4050 892 4117 supersede
910 4049 951 4098 the
963 4048 1071 4113 delicacy
1083 4047 1112 4096 ol
1124 4063 1197 4111 every
1209 4048 1278 4098 other

188 4145 279 4210 species
290 4144 318 4194 oi
325 4143 479 4194 confidentia}
491 4138 703 4191 communication.
737 4137 766 4186 In
778 4137 820 4186 the
831 4134 923 4184 caseos
936 4133 977 4183 the
990 4132 1094 4182 duchess
1106 4132 1135 4181 oi
1148 4131 1280 4194 Kingston,

179 4231 197 4281 it
212 4247 263 4281 was
277 4229 429 4280 determined
438 4229 491 4278 that
502 4243 515 4274 a
526 4226 604 4278 friend
616 4222 729 4285 mightua
741 4219 823 4271 bound
835 4230 861 4269 to
870 4219 981 4278 dicolose,
993 4218 1015 4267 rt
1022 4231 1150 4281 necessary
1157 4217 1284 4283 inaccurt¹

181 4319 209 4368 oi
221 4317 320 4384 justice,
335 4325 423 4366 secreta
435 4314 463 4364 ol
476 4313 517 4364 the
529 4320 592 4362 most
603 4310 692 4360 sacred
704 4315 789 4358 nature
800 4305 880 4356 which
900 4319 947 4354 one
964 4319 1007 4354 rex
1018 4301 1089 4354 could
1100 4317 1184 4368 repone
1196 4301 1222 4352 in
1239 4303 1281 4353 the

182 4405 259 4456 other.
292 4401 393 4452 Ibidem.

222 4501 299 4558 Vos.
321 4497 429 4556 1.-34
