3068 5256
471 485 528 546 DE
549 486 714 554 QUINTO
735 485 988 550 PRAECEPTO.
1151 506 1156 517 ·
1226 491 1283 548 11⁷

183 656 345 736 pharmacis
358 648 547 710 abstinent.”¹
588 649 731 710 Ceterum
751 653 808 710 nisi
826 650 936 710 indoles
956 650 1119 727 peculiaris,
1133 649 1181 708 rel
1200 661 1281 710 natu·

187 755 255 835 ralis
269 754 382 826 quidam
394 751 614 828 pharmacorum
633 749 732 808 horror
753 769 803 808 eos
823 760 951 818 excuset,
973 768 1031 808 non
1050 749 1182 807 videntur
1201 751 1282 824 gravi

187 853 270 929 culpa
282 854 436 918 immunes,
452 869 541 922 quum
554 849 646 906 nolint
656 848 782 906 remedia
801 851 904 921 quibus
924 848 1021 908 forsan
1039 847 1233 906 conservanda
1245 849 1283 906 sit

185 953 242 1008 vita
254 951 397 1008 adhibere.
440 949 586 1021 Equidem
599 956 779 1012 excusantur,
795 948 905 1019 quoties
918 947 1079 1004 remedium
1092 946 1279 1006 durissimum

187 1059 239 1116 est,
255 1049 410 1106 cruciatum
423 1047 534 1122 corpori
547 1045 682 1112 inferens,
694 1043 739 1100 vel
754 1044 855 1118 pudori
873 1044 953 1102 valde
966 1063 1136 1121 repugnans.
1171 1055 1191 1084 ‘⁴
1203 1045 1282 1104 Hinc

187 1147 281 1223 puella
298 1153 345 1202 aut
356 1144 464 1201 femina
476 1163 577 1202 cancro
587 1144 679 1202 aliove
693 1143 793 1200 morbo
807 1144 836 1200 in
845 1143 976 1200 verendis
986 1152 1014 1200 et
1026 1145 1143 1200 secretis
1157 1145 1281 1220 partibus

186 1246 326 1311 laborans,
341 1262 400 1301 non
413 1253 522 1301 tenetm
532 1242 677 1299 admittere
691 1242 897 1317 inspectionem
911 1260 943 1298 ac
953 1242 1282 1300 curationemamedicis

188 1354 216 1402 et
235 1343 385 1417 chirurgis,
409 1341 538 1414 quamvis
557 1341 634 1398 licite
654 1341 754 1417 possit.
796 1341 881 1398 Ratio
901 1350 945 1397 est
967 1342 1034 1414 quia
1054 1340 1223 1415 plerumque
1245 1341 1282 1398 ob

188 1441 344 1500 custodiam
358 1439 501 1516 pudicitiae
515 1439 618 1497 abhoc
637 1459 696 1496 non
718 1440 823 1504 minus
836 1438 986 1497 abhorrent
1005 1439 1118 1496 semine
1138 1457 1224 1510 quarn
1247 1437 1282 1494 ab

188 1533 418 1616 ipsa,mcrte.”²
466 1539 604 1616 Adjungit
633 1538 754 1614 Mayol:
785 1537 893 1594 “Hinc
912 1537 1062 1596 laudantur
1087 1536 1204 1609 quidam
1229 1535 1283 1594 viri

189 1657 289 1720 graves
303 1648 332 1694 et
343 1636 468 1714 perfecti,
483 1638 590 1696 calculo
604 1637 772 1705 laborantes,
787 1637 879 1709 quiin
893 1635 938 1692 his
953 1637 1079 1712 partibus
1099 1654 1130 1692 se
1144 1635 1221 1711 tangi
1235 1640 1285 1692 aut

190 1737 296 1811 inspici
317 1736 351 1792 ad
377 1737 467 1794 morbi
480 1737 655 1793 curationem
669 1737 785 1793 omnino
806 1744 981 1802 recusarunt,
1004 1735 1129 1792 dicentes
1156 1753 1188 1790 se
1214 1733 1283 1790 satis

188 1835 304 1904 vixisse,
319 1836 345 1894 si
358 1835 435 1894 aliud
448 1854 507 1892 uon
519 1843 684 1910 suppeteret
695 1834 853 1892 remedium
867 1831 903 1888 ad
916 1832 1059 1890 vitandam
1069 1825 1242 1890 mortem.’'⁸

442 2043 511 2117 §V.
533 2043 581 2102 Ds
601 2059 846 2102 usnnrrcronurr
866 2059 1032 2100 sorrnrcrc.

229 2226 295 2280 131.
318 2219 519 2280 Malefactores
548 2221 639 2280 occidi
665 2239 751 2298 posse
777 2230 917 2296 negarunt
943 2217 1149 2288 Waldenses3⁴
1176 2219 1280 2276 Scotus

189 2321 283 2379 docuit
295 2320 395 2379 mortis
416 2339 532 2396 posnam
551 2321 585 2378 iis
609 2329 716 2378 tantum
736 2319 902 2378 criminibus
922 2319 1038 2377 decerni
1061 2337 1157 2394 posse,
1169 2336 1232 2390 quer
1253 2318 1284 2376 in

191 2420 343 2494 Scripturis
367 2437 402 2474 ea
419 2419 566 2495 punienda
588 2419 717 2476 dicuntur
739 2436 776 2474 ex
789 2421 890 2476 veteris
910 2419 983 2493 legis
1006 2419 1186 2475 auctoritate:
1208 2415 1287 2474 theo·

191 2515 250 2594 logi
262 2516 341 2585 verb,
356 2537 422 2575 cum
436 2518 475 2574 D.
491 2518 616 2586 Thoma‚
630 2518 737 2594 passim
750 2516 852 2575 docent
865 2535 1027 2593 supremam
1041 2516 1154 2574 civilem
1168 2514 1289 2572 auotori-

189 2623 275 2672 tatem
295 2624 415 2674 mortem
437 2635 522 2693 posse
542 2617 664 2693 irrogare
687 2616 742 2672 reis
766 2635 887 2689 quorum
908 2616 1033 2673 facinora
1053 2633 1139 2688 grave
1162 2613 1289 2670 inserunt

191 2712 355 2788 reipublioae
369 2712 574 2772 detrimentum.
618 2724 637 2750 ‘⁴
650 2713 790 2780 Quaelibet
803 2723 897 2770 autem
907 2730 1030 2788 persona
1042 2711 1197 2786 singularis
1211 2726 1288 2764 ccm-

191 2819 306 2886 paratur
318 2809 353 2865 ad
367 2819 452 2869 totam
466 2814 706 2880 communitatem,
716 2812 790 2889 sicut
799 2829 863 2885 pars
875 2810 909 2866 ad
918 2817 1018 2875 totum,
1030 2815 1059 2864 et
1068 2806 1132 2864 ideo
1146 2807 1172 2862 si
1185 2805 1288 2876 aliquis

191 2909 279 2967 homo
293 2909 331 2964 sit
341 2909 516 2984 periculosus
530 2911 734 2977 communitati,
749 2918 777 2966 et
796 2910 975 2984 corruptivas
996 2906 1088 2983 ipsius
1110 2913 1227 2982 propter
1241 2902 1290 2960 ali·

193 3007 269 3081 quod
282 3017 445 3083 peccatum,
460 3009 635 3067 laudabiliter
654 3020 683 3068 et
701 3008 850 3066 salubriter
869 3007 1017 3073 occiditur,
1031 3015 1063 3062 ut
1081 3007 1187 3064 bonum
1210 3021 1287 3060 com·

192 3101 514 3165 muneconservetur.”⁵
554 3108 712 3180 Equidem,
724 3107 788 3164 Deo
803 3107 866 3182 ipso
874 3107 1027 3173 sanciente,
1036 3105 1163 3182 pluribus
1175 3100 1286 3160 delicb's

192 3223 225 3262 ea
237 3204 305 3262 olim
318 3205 463 3280 adsignata
476 3215 519 3263 est
531 3225 632 3283 poena;
654 3226 738 3280 quam
758 3206 815 3263 Dei
835 3207 951 3262 nomine
972 3204 1089 3261 decerni
1109 3211 1138 3259 et
1157 3199 1285 3276 irrogari,

193 3304 275 3361 etiam
290 3304 324 3360 ab
345 3305 466 3362 ethnicis
489 3305 714 3380 imperatoribus,
729 3323 766 3361 ex
789 3304 821 3360 S.
836 3303 919 3360 Pauli
939 3302 975 3358 ad
997 3303 1155 3367 Romanos,
1170 3299 1286 3356 ethnico

192 3401 317 3459 subditos
326 3404 456 3477 imperi0,
467 3403 559 3472 dictis,
570 3403 677 3474 liquet3
698 3405 736 3462 ait
745 3403 854 3461 scilicet
864 3410 883 3436 “
894 3401 1039 3477 principes
1047 3419 1105 3457 non
1113 3406 1180 3454 sunt
1189 3393 1285 3452 timori

191 3498 259 3556 boui
272 3502 376 3575 operis,
391 3501 442 3558 sed
456 3503 532 3559 mali.
574 3503 628 3560 Vis
642 3509 740 3560 autem'
752 3520 810 3558 nou
821 3501 921 3557 timere
937 3496 1129 3573 potestateml
1171 3495 1288 3550 Bonum

193 3596 256 3664 lao3
278 3606 306 3654 et
317 3599 432 3657 habebis
445 3600 559 3659 laudem
573 3589 610 3659 ex
621 3601 677 3658 illa.
719 3599 777 3657 Dei
787 3599 864 3655 euim
872 3596 1002 3653 minister
1012 3604 1055 3652 est
1065 3593 1114 3650 tibi
1125 3592 1155 3648 iu
1167 3591 1289 3648 bouum.

194 3695 229 3752 Si
243 3705 337 3754 autem
349 3699 456 3757 malum
469 3699 581 3768 feceris,
595 3700 682 3757 time:
703 3718 762 3757 non
775 3697 852 3756 enim
865 3694 927 3752 sine
940 3713 1025 3752 causa
1044 3693 1171 3772 gladium
1186 3696 1291 3768 portat,

194 3793 251 3851 Dei
265 3797 342 3853 enim
355 3797 485 3854 minister
504 3807 564 3862 est:
586 3799 692 3856 vindex
711 3799 742 3855 in
763 3800 833 3856 iram
856 3795 893 3862 ei,
908 3796 957 3868 qui
977 3795 1084 3854 malum
1099 3784 1205 3870 agit.”⁶
1246 3787 1290 3844 Ita

195 3893 310 3966 quidem
324 3906 353 3952 et
365 3897 509 3980 principes
533 3895 689 3955 Christiani
711 3897 805 3973 gladio
827 3915 941 3971 semper
963 3898 1173 3952 consueverunt
1193 3887 1235 3942 uti
1263 3885 1294 3942 iu

197 3991 348 4050 criminum
370 3995 534 4064 vindictam,
557 3998 672 4055 nemine
686 3997 832 4055 incusante
847 4012 897 4052 ecs
919 3992 1044 4052 mandati
1067 3987 1157 4049 divini
1173 3984 1289 4042 violati:

232 4164 270 4227 (l)
288 4164 381 4228 Expos.
389 4181 411 4214 r.
423 4182 493 4230 praeo.
505 4175 548 4217 art
560 4170 592 4220 iv.
604 4169 617 4228 b
629 4170 645 4218 i.
679 4171 721 4218 Aa
733 4173 826 4226 actem,
837 4167 883 4214 col.
895 4169 953 4214 588.

233 4246 274 4312 (2)
294 4248 395 4308 Ibidem,
408 4251 457 4310 §ii¹
466 4253 512 4300 col.
524 4253 580 4302 591.
964 4247 1005 4314 (3)
1024 4246 1126 4296 Ibidem.

233 4334 274 4397 (l)
295 4334 378 4383 Guido
392 4336 523 4386 carmelita
535 4339 574 4388 cit.
586 4341 617 4388 ab
629 4339 756 4403 Alphouso
768 4353 782 4386 a
796 4336 883 4386 Castro
896 4334 950 4383 adr.
960 4333 1019 4382 hoer.
1029 4335 1045 4382 l.
1057 4332 1090 4379 xi.
1101 4347 1125 4378 v.
1141 4324 1262 4376 Occidere·

234 4421 273 4484 (5)
293 4419 570 4486 2.2.qu.1xiv.arr.ii.
604 4423 679 4490 Resp.
965 4419 1008 4484 (bl
1025 4418 1098 4466 Rom.
1109 4414 1162 4464 riti.
1173 4415 1197 4461 3.
