3078 5258
283 501 342 556 228
501 492 557 552 DE
582 489 866 550 REGULARIUM
887 486 1154 548 PRIVILEGIIS.

286 661 328 718 eis
341 659 450 716 valeant
462 655 595 723 habitare,
611 653 686 712 etde
701 655 774 712 facto
787 651 921 719 habitent,
933 653 1061 736 subjecta
1072 671 1137 710 esse
1150 650 1373 728 intelllgentur.”

287 757 440 816 Decretum
454 755 508 812 hoc
522 754 723 813 confirmarunt
736 751 892 828 Gregorius
912 749 981 808 XV.
1003 751 1136 810 Urbanus
1149 749 1233 808 VIII.
1248 759 1277 807 et
1290 749 1374 808 Inno-

287 856 396 914 centius
410 848 496 911 XII.¹

326 957 354 1010 3.
378 952 554 1010 Monasteria
572 949 707 1026 erigenda
726 966 785 1006 non
804 957 870 1006 sunt
890 955 909 983 ‘⁴
921 948 983 1006 elne
1003 947 1143 1024 episcopi,
1163 948 1193 1005 in
1211 946 1293 1022 cujus
1306 945 1375 1002 dite·

288 1052 345 1108 cesi
359 1048 493 1128 erigenda
505 1059 579 1117 sunt,
597 1049 711 1106 licentia
729 1048 808 1124 prius
821 1041 981 1104 obtenta.'’²
1021 1045 1169 1104 Pontificio
1182 1046 1268 1104 etiam
1289 1043 1375 1101 licen·

286 1151 354 1208 narn
367 1149 474 1221 requiri
487 1165 523 1206 ex
538 1149 654 1220 antiquo
670 1147 735 1223 jure
755 1153 873 1212 constat,
893 1143 970 1216 quod
980 1144 1162 1203 Innocentius
1175 1144 1214 1202 X.
1230 1142 1375 1202 Constitu

288 1250 365 1308 tionc
379 1246 605 1313 Instaurundoe,
619 1244 710 1302 adhuc
723 1241 892 1301 servandum
906 1237 1054 1301 decrevit³
1073 1242 1118 1300 Ea
1130 1244 1215 1300 etiam
1228 1241 1376 1313 requiritru

290 1345 325 1402 ad
339 1346 513 1405 monasteria
522 1347 583 1423 jam
597 1342 733 1402 rediticata
745 1341 975 1414 derelinquenda.
1009 1340 1058 1398 En
1070 1340 1212 1400 Bonifacii
1226 1339 1308 1398 VIII.
1322 1339 1376 1395 hac

289 1444 324 1502 de
339 1463 369 1502 re
384 1444 545 1503 decretum:
568 1442 676 1500 “Cum
694 1457 731 1500 ex
744 1459 780 1499 eo
802 1439 879 1513 quod
892 1440 1088 1516 praedicatores
1102 1441 1236 1507 minores,
1251 1448 1280 1496 et
1301 1437 1375 1495 Reli·

291 1545 367 1620 giosi
380 1543 427 1602 alii
440 1541 648 1608 Mendicanter,
669 1541 699 1598 in
719 1539 886 1608 civitatibus,
900 1540 1010 1606 castris,
1023 1538 1109 1606 villis,
1123 1549 1172 1596 aut
1185 1538 1246 1596 aliis
1258 1537 1329 1595 locis
1342 1535 1377 1593 ad

290 1639 484 1706 habitandum,
504 1639 604 1697 domos
618 1638 663 1696 vel
683 1637 746 1696 loca
764 1636 799 1695 de
818 1655 894 1695 novo
914 1638 1082 1714 suscipiunt,
1095 1656 1146 1696 seu
1163 1638 1234 1696 olim
1247 1645 1377 1711 suscepta

289 1737 444 1804 dimittunt,
455 1755 485 1794 se
499 1735 604 1795 ibidem
614 1737 649 1795 ad
659 1737 714 1794 alis
726 1734 934 1804 transferentes,
946 1735 1058 1796 diversa
1067 1737 1198 1796 scandala
1208 1734 1376 1809 quandoque

290 1837 469 1913 proveniant,
484 1846 513 1894 st
524 1835 686 1908 frequentes
697 1837 836 1893 clamores
849 1832 883 1890 ad
904 1834 1010 1894 Sedem
1024 1836 1219 1918 Apostolicam
1237 1833 1376 1912 perferan-

249 1979 252 1986 .
289 1947 351 1993 tur:
374 1935 439 1994 Nos
459 1953 546 2010 super
564 1935 619 1994 hoc
636 1933 785 2011 providere
805 1931 942 2001 volentes,
962 1933 1019 1992 hcc
1038 1945 1175 2010 perpetuo
1193 1934 1376 2010 prohibemus

289 2034 395 2102 edicto,
409 2051 445 2090 ne
464 2032 600 2109 deinceps
619 2035 731 2106 aliquis,
753 2030 797 2088 vel
820 2031 907 2104 aliqui
926 2033 961 2090 de
980 2033 1132 2108 predictis,
1154 2033 1375 2106 quibuscumque

289 2151 377 2209 super
396 2131 451 2187 hoc
473 2131 630 2207 privilegiis
652 2131 754 2189 muniti
776 2130 909 2198 existant,
934 2129 1010 2209 (que
1032 2132 1114 2207 ipsis,
1135 2142 1231 2190 contra
1252 2144 1375 2190 tenorem

290 2228 512 2290 constitutionis
534 2231 680 2305 presentis
703 2229 864 2287 nullatenus
887 2228 1017 2287 volumus
1040 2227 1212 2308 suffragari)
1236 2230 1267 2288 in
1289 2230 1377 2301 aliqua

289 2331 413 2394 civitate,
434 2338 538 2394 castro,
552 2328 628 2396 villa,
650 2347 701 2387 seu
721 2328 785 2386 loco
806 2345 987 2400 quocumque
1009 2328 1043 2386 ad
1065 2328 1248 2387 habitandum
1270 2327 1376 2393 domos,

288 2425 334 2484 vel
347 2445 381 2484 ea
393 2424 574 2493 venditionis,
596 2425 819 2500 permutationis,
841 2425 1011 2495 donationis,
1025 2437 1072 2486 aut
1090 2429 1216 2505 cujusvis
1236 2427 1376 2486 alienatio·

290 2526 335 2584 nis
348 2523 428 2584 titulo
451 2541 633 2596 quocumque
652 2526 683 2582 in
701 2524 772 2582 alios
793 2523 943 2582 transferre
966 2536 1147 2601 praesumant,
1169 2527 1276 2600 absque
1296 2526 1375 2584 Sedis

291 2623 464 2701 Apostolicae
478 2623 592 2682 licentia
611 2624 736 2700 speciali
758 2623 871 2698 plenam
890 2634 920 2682 et
937 2643 1103 2700 expressam
1116 2625 1235 2684 faciente
1259 2625 1295 2684 de
1318 2644 1376 2702 pro·

291 2725 429 2784 hibitions
443 2723 608 2801 hujusmodi
620 2725 810 2784 mentionem:
832 2723 857 2780 si
876 2739 958 2782 secus
978 2725 1094 2800 egerint,
1108 2725 1217 2783 irritum
1229 2723 1377 2784 decernen·

292 2821 382 2881 ιει.”’1
411 2831 430 2857 “
442 2822 618 2881 Monasteria
630 2841 767 2882 concessa
779 2822 814 2879 ab
825 2821 1096 2891 Universitatibus,”
1111 2824 1150 2881 ait
1162 2823 1194 2880 S.
1204 2823 1376 2900 Alphonsus,

292 2931 311 2955 “
325 2939 390 2977 curn
403 2919 645 2991 derelinquuntur,
666 2921 696 2978 in
716 2939 817 2978 manus
838 2919 981 2978 OrdInarii
1002 2921 1160 2995 derelinqui
1179 2921 1293 2991 debent,
1314 2934 1342 2981 at
1356 2923 1378 2979 si

294 3018 419 3090 propriis
433 3015 596 3084 redditibus,
612 3027 640 3084 et
652 3017 844 3093 eleemosynis
860 3018 996 3077 edificem
1008 3020 1121 3088 suerint,
1134 3032 1282 3080 remanent
1294 3024 1324 3080 in
1336 3021 1380 3080 do·

290 3114 383 3171 minio
403 3113 625 3190 Religiosorum,
646 3125 678 3172 ut
697 3115 732 3174 de
753 3117 789 3174 Iis
804 3118 917 3192 possint
928 3119 1016 3177 libere
1034 3114 1235 3197 disponere.”⁵
1275 3121 1311 3180 In
1330 3122 1379 3179 bac

290 3221 386 3270 eutem
400 3213 527 3288 regione,
542 3232 630 3286 quum
644 3212 746 3272 domus
760 3215 914 3293 Religioss
933 3227 962 3274 et
973 3218 1100 3277 ecclesie
1114 3219 1283 3295 plerumque
1297 3219 1377 3278 aedifi·

290 3321 391 3370 centur
404 3329 458 3368 sere
473 3312 766 3384 collatitio,⁴fidelibus
786 3314 962 3374 sacerdotum
984 3317 1172 3377 ministerium
1193 3319 1248 3376 sibi
1268 3337 1378 3395 compa·

290 3431 363 3478 rare,
378 3412 559 3488 poIIusquam
573 3411 680 3471 ordinis
694 3425 886 3490 augmentum,
901 3417 1109 3492 exoptantibus,
1123 3418 1261 3494 injustum
1274 3417 1379 3476 videtu

290 3529 375 3589 agros
389 3511 434 3568 vel
448 3511 548 3571 domos
562 3511 694 3579 vendere,
709 3513 744 3572 ad
758 3532 796 3570 aes
811 3514 935 3573 alienum
955 3515 1134 3583 solvendum,
1147 3516 1193 3574 vel
1206 3535 1240 3574 ea
1253 3518 1308 3575 sibi
1320 3516 1377 3574 reti·

290 3629 370 3676 nere,
384 3629 452 3668 cura
465 3612 622 3669 animarum
635 3610 777 3671 derelicta.

328 3712 357 3762 4.
382 3707 520 3764 Ecclesiae
534 3709 637 3780 quibus
658 3712 815 3769 ammarum
835 3730 902 3770 cura
921 3722 964 3769 ast
985 3712 1105 3782 adnexa,
1127 3715 1181 3771 etsi
1203 3713 1375 3772 monasteriis

289 3804 447 3882 adjaceant,
473 3815 501 3863 et
521 3805 675 3882 Regulares
699 3809 838 3885 parochos
861 3810 991 3877 habeant,
1005 3813 1191 3871 Immunitatis
1205 3813 1239 3872 ab
1254 3809 1376 3890 episcopi

322 4060 358 4117 (1)
372 4060 435 4110 vide
446 4061 508 4113 Bon.
523 4064 572 4115 xiv.
585 4064 615 4113 de
627 4061 688 4128 Syn.
704 4065 719 4114 1.
732 4063 766 4114 iii.
779 4079 799 4114 c.
811 4065 835 4113 ii
847 4079 871 4114 n.
886 4065 907 4114 l.

325 4140 368 4205 (2)
379 4141 447 4194 'ibid
461 4144 526 4196 Sese.
538 4164 595 4199 xxv.
605 4165 625 4198 c.
637 4149 671 4198 iii.
683 4148 713 4198 de
724 4147 780 4199 Sed.

324 4223 365 4288 (³)
385 4225 449 4274 Vide
461 4225 525 4278 Bon.
535 4232 584 4280 xiv.
594 4233 624 4281 dc
636 4233 698 4296 Syn.
710 4233 788 4284 Dioec.
800 4234 816 4283 l.
827 4234 860 4284 ix.
869 4248 920 4297 esp.
932 4235 949 4284 i.
960 4249 985 4284 n.
999 4237 1022 4284 9.
1110 4231 1112 4236 ’

321 4308 359 4372 (4)
376 4305 437 4372 Cap.
447 4310 512 4359 unIc.
525 4311 554 4359 de
567 4327 658 4364 exesse.
670 4317 740 4379 proei.
752 4319 778 4366 in
793 4319 816 4365 6.
912 4317 954 4386 (5)
966 4319 1031 4384 App.
1044 4319 1071 4369 ii.
1083 4317 1149 4370 Priv.
1161 4336 1182 4370 c.
1195 4322 1226 4370 iv.
1240 4336 1265 4370 n.
1274 4321 1312 4368 82.
