3146 5266
298 543 355 604 DE
376 541 561 602 AOTUUM
582 538 864 599 HUMANORUM
885 537 1046 598 MORALI
1067 537 1230 599 SPEGIE.
1271 543 1311 600 29

218 710 261 767 sic
270 718 298 766 et
305 709 520 783 eleemosynam
535 705 582 762 dat
593 705 694 778 aliquis
706 713 737 762 ut
753 703 870 762 Christo
882 704 1067 780 obtemperet,
1080 703 1192 763 laudem
1205 705 1312 764 benefi-

220 808 319 866 centiae
333 807 419 863 simul
430 806 560 882 cupiens

257 910 308 963 45.
330 906 557 976 Nonnumquam
571 921 672 961 sensus
686 901 801 975 quidam
814 909 842 958 et
855 899 972 958 affectus
986 899 1168 979 imperfectus
1182 903 1311 963 animum

218 1005 316 1081 tangit,
331 1005 459 1077 quamvis
478 1004 637 1061 nullatenus
651 1002 687 1057 sit
706 1001 772 1058 finis
792 1018 877 1073 quem
896 1000 950 1057 sibi
969 1019 1057 1078 agens
1077 1002 1218 1077 proponit
1260 1001 1310 1061 Ex

218 1103 330 1160 sincero
343 1102 482 1160 desiderio
496 1102 592 1160 Deum
613 1099 725 1158 colendi
747 1098 902 1176 ingreditur
923 1101 987 1171 quis
1008 1100 1157 1176 templum,
1172 1099 1207 1157 de
1220 1099 1309 1160 laudi·

218 1203 271 1260 bus
290 1201 422 1259 humanis
442 1202 560 1259 minime
584 1200 720 1257 solicitus.
763 1198 913 1274 Contingit
929 1206 962 1254 ut
981 1217 998 1255 a
1017 1199 1227 1276 spectatissimo
1247 1201 1309 1258 viro

218 1299 353 1368 videatur,
367 1299 443 1358 unde
455 1300 488 1357 fit
500 1310 531 1357 ut
544 1301 607 1375 ipse
620 1298 675 1354 sibi
689 1297 718 1354 in
732 1299 917 1355 aestimatione
930 1299 1032 1374 majori
1045 1317 1101 1371 qua
1113 1298 1259 1356 habendus
1272 1299 1310 1358 sit
1324 1363 1329 1372 ,

216 1399 402 1474 complaceat.
443 1396 591 1471 Quidquid
604 1396 695 1472 culpae
713 1397 743 1452 in
761 1396 816 1453 hoc
836 1395 999 1471 reperiatur,
1015 1415 1072 1455 non
1092 1397 1157 1454 ideo
1175 1397 1250 1473 perit
1268 1407 1309 1456 to-

218 1513 277 1556 tum
292 1498 426 1554 orationis
439 1498 581 1564 meritum,
596 1514 635 1552 ex
647 1493 740 1552 studio
753 1494 841 1552 divini
855 1495 946 1552 cultus
959 1505 1061 1553 ortum.

258 1600 307 1653 ts.
334 1597 384 1653 Ex
406 1594 655 1662 circumstantiis,
677 1612 728 1651 seu
749 1593 886 1671 adjunctis
907 1612 1048 1669 personae,
1071 1594 1137 1661 loci,
1159 1595 1306 1671 temporis,

220 1695 341 1750 variatur
362 1695 503 1752 actionum
524 1695 711 1751 humanarum
736 1693 851 1750 moralis
871 1693 992 1768 species.
1034 1691 1171 1760 Quaedam
1184 1699 1308 1753 mutant

217 1811 317 1850 earum
331 1793 468 1868 speeiem,
482 1792 637 1849 inducendo
650 1793 863 1869 oppositionem
877 1792 956 1848 alteri
972 1793 1076 1859 virtuti,
1090 1792 1135 1849 vel
1148 1792 1307 1870 adjiciendo

218 1891 359 1948 diversam
374 1891 606 1949 convenientiam.
648 1893 697 1949 Sic
713 1890 837 1948 violenta
856 1891 1002 1966 percussio
1021 1891 1116 1946 clerici
1126 1891 1265 1966 justitiam
1279 1902 1308 1950 et

218 1989 385 2064 religionem
403 1989 494 2047 laedit:
522 1990 707 2068 eleemosyna
726 1988 865 2047 sacerdoti
886 1989 1032 2064 aegrotanti
1050 1989 1191 2066 impensa,
1205 1979 1308 2066 praeter

217 2089 392 2156 charitatem,
405 2090 552 2166 religionis
567 2099 611 2147 est
624 2090 800 2148 exercitium.
822 2087 959 2155 Quaedam
973 2089 1190 2146 circumstantia
1204 2101 1307 2167 augent

215 2187 260 2244 vel
272 2189 404 2246 minuunt
424 2190 559 2246 malitiam
581 2189 627 2246 vel
646 2189 801 2246 bonitatem
822 2197 909 2256 actua,
928 2188 997 2260 quin
1017 2188 1144 2265 speciem
1164 2187 1305 2248 diversam

215 2284 356 2364 adjiciant,
370 2295 579 2364 aggravantes
594 2287 697 2346 idcirco
707 2297 885 2364 nuncupatae.
907 2287 956 2344 Sic
971 2287 1062 2344 viduae
1073 2306 1159 2363 parva
1168 2286 1305 2346 eleemos·

215 2403 274 2460 yna
292 2384 357 2444 Deo
369 2387 424 2444 fuit
441 2387 528 2464 longe
548 2387 690 2463 acceptior
709 2386 826 2445 divitum
847 2386 1001 2463 majoribus
1021 2379 1135 2444 donis:¹
1154 2387 1305 2462 proditoris

215 2485 322 2542 crimen
336 2504 372 2544 ex
384 2505 488 2562 magna
501 2504 557 2558 qua
575 2487 690 2562 gavisus
710 2493 768 2542 erat
781 2485 889 2543 Christi
909 2484 1028 2543 Domini
1041 2485 1227 2544 familiaritate
1241 2505 1305 2543 auc·

216 2591 277 2640 tum
289 2603 462 2661 magnopere
482 2579 552 2642 est.2
592 2585 642 2642 Sic
662 2585 785 2642 incestus
806 2584 914 2642 facinus
929 2586 1020 2662 majus
1034 2592 1087 2652 est,
1110 2603 1167 2656 quo
1188 2587 1305 2661 propin·

217 2682 300 2752 quior
312 2685 478 2758 estgradus.
520 2684 639 2760 Septem
658 2685 817 2759 praesertim
836 2683 1026 2741 humanorum
1047 2693 1159 2740 actuum
1175 2683 1306 2760 adjuncta

216 2778 387 2837 attendenda
398 2793 471 2850 sunt,
485 2800 587 2860 nempe
601 2783 681 2861 qais,
696 2781 779 2860 qaid,
793 2781 856 2848 ott,
871 2780 980 2858 quidus
1005 2779 1144 2847 auxiliis,
1160 2797 1222 2848 car,
1234 2797 1305 2858 qao·

214 2877 314 2948 modo,
329 2881 459 2957 quando.

252 2981 302 3038 47.
327 2978 403 3049 Quis
417 2980 500 3038 fuerit
512 2981 654 3057 imprimis
672 2979 908 3038 considerandum
929 2988 980 3046 est,
996 2997 1033 3037 ex
1052 2998 1182 3056 personae
1196 2981 1304 3057 quippe

212 3075 356 3154 dignitate,
375 3079 425 3162 ¹vel
447 3099 573 3150 munere,
595 3090 673 3137 actus
698 3081 808 3138 bonitas
828 3079 873 3136 vel
898 3080 1004 3138 malitia
1023 3097 1152 3155 persaepe
1175 3089 1303 3156 augetur.

213 3174 327 3236 Humili
338 3178 402 3237 loco
415 3193 497 3237 natus
511 3178 618 3238 mundo
632 3179 762 3237 nuntium
778 3181 892 3238 mittens
907 3199 965 3237 non
978 3177 1048 3236 adeo
1062 3199 1095 3236 ea
1114 3198 1145 3236 re
1165 3176 1230 3236 Deo
1243 3197 1304 3235 sac·

149 3319 150 3322 ,
212 3276 311 3344 rificat,
335 3297 366 3334 ae
387 3280 466 3354 regni
483 3277 584 3347 haeres,
600 3279 645 3335 vel
664 3277 821 3336 ditissimus
841 3279 1000 3350 nobilisque
1020 3279 1072 3347 vir,
1087 3279 1133 3337 cui
1146 3277 1195 3344 via
1206 3276 1241 3334 ad
1253 3277 1304 3334 ho·

212 3393 295 3432 nores
310 3385 394 3451 patet.
416 3377 547 3434 Ebrietas
558 3375 682 3435 admissa
691 3379 725 3435 ab
735 3379 865 3455 operario
878 3397 936 3435 non
949 3375 1019 3434 adeo
1032 3395 1117 3452 grave
1131 3385 1174 3434 est
1183 3377 1302 3443 crimen,

211 3483 243 3530 ut
251 3474 368 3551 judicis,
382 3476 428 3534 vel
440 3476 592 3535 sacerdotis
613 3478 836 3552 intemperantia.
877 3476 956 3533 Hinc
970 3476 1146 3532 sacerdotum
1160 3473 1261 3529 delicta
1274 3474 1304 3530 in

213 3573 367 3649 Scripturis
381 3577 505 3634 maxime
520 3585 743 3653 exaggerantur:
767 3575 839 3632 “Et
858 3591 933 3630 nunc
948 3571 1046 3628 advos
1060 3570 1224 3630 mandatum
1237 3569 1302 3637 hoc,

214 3669 241 3728 Ο
255 3671 429 3731 sacerdotes!
446 3717 490 3733 ...
506 3675 567 3733 Vos
581 3685 675 3733 autem
689 3674 845 3732 recessistis
859 3671 893 3730 de
907 3673 962 3740 via,
976 3681 1005 3730 et
1017 3670 1228 3730 scandalizastis
1241 3671 1303 3748 plu·

212 3770 300 3828 rimos
314 3772 343 3828 in
355 3768 467 3849 lege.”³
507 3775 553 3832 De
574 3776 682 3832 clericis
703 3774 770 3831 dicit
789 3774 940 3832 concilium
954 3773 1173 3831 Tridentinum:
1197 3772 1303 3829 “levia

210 3870 294 3928 etiam
318 3869 428 3939 delicta,
449 3892 512 3945 quae
533 3875 563 3932 in
585 3874 656 3950 ipsis
678 3875 804 3931 maxima
825 3882 930 3940 essent,
952 3865 1136 3948 effugiant.'’⁴
1175 3870 1303 3928 Mutatur

210 3977 287 4026 actus
300 3971 422 4045 species,
437 3975 546 4043 quoties
561 3993 597 4030 ex
611 3991 740 4048 personae
760 3973 920 4030 conditione
940 3971 980 4038 fit,
996 3980 1027 4028 ut
1043 3970 1161 4026 diversae
1176 3986 1302 4045 oppona-

210 4075 254 4124 tur
267 4069 377 4136 virtutr';
399 4071 472 4127 sicut
491 4073 712 4132 sanctimonialis
731 4070 907 4148 impudicitia
926 4077 970 4126 est
989 4068 1118 4146 religioni
1137 4075 1166 4125 et
1184 4067 1302 4126 castitati

312 4275 353 4340 (l)
368 4275 489 4328 Lucrini.
501 4282 525 4329 3.
825 4279 864 4344 (2)
879 4276 942 4327 Vide
954 4279 995 4328 Ps.
1004 4278 1046 4328 liv.
1059 4279 1098 4325 13.

308 4361 349 4425 (3)
364 4360 462 4412 Malach
474 4363 499 4412 ii.
513 4365 535 4414 1.
547 4368 570 4412 8.
824 4363 866 4428 (4)
878 4363 943 4412 Sese.
956 4363 1016 4413 xxii.
1028 4361 1066 4412 De
1079 4361 1131 4411 Res.
1140 4375 1162 4410 c.
1172 4376 1188 4409 r.

736 4447 776 4504 4*
