3068 5256
455 457 512 523 DE
534 459 695 520 TERTIO
715 459 968 522 PRAEcEPTO.
1219 470 1258 525 95

490 725 505 798 §
520 725 575 783 ΙΙΙ.
602 724 649 782 Da
664 744 931 786 excussarouraus.

204 917 255 970 77.
288 909 313 968 Ι.
336 907 564 988 Dispensatioa
583 910 722 968 Pontifice
742 911 893 987 Supremo,
907 898 1116 988 vel'episoopo,
1130 931 1212 986 aequa
1224 931 1260 972 ex

164 1028 251 1066 causa
264 1027 411 1067 concessa.
453 1009 630 1067 Missionarii
643 1029 695 1084 pro
708 1009 838 1085 prudenti
853 1010 964 1068 arbitrio
978 1021 1109 1086 poterunt
1121 1011 1260 1070 declarem

168 1108 270 1179 quibus
285 1108 315 1165 in
328 1125 424 1164 rerum
437 1106 577 1183 adjunctis
597 1107 697 1165 fideles
721 1108 755 1165 ab
778 1110 948 1185 obligatione
969 1108 1040 1166 festa
1061 1109 1201 1177 servandi,
1215 1111 1261 1169 vel

167 1207 299 1273 omnino,
313 1205 359 1262 vel
373 1206 475 1281 partim
493 1215 673 1264 excusentur.
716 1206 859 1265 Caeterum
880 1208 1008 1282 ipsorum
1021 1226 1078 1266 non
1091 1218 1134 1265 est
1147 1208 1261 1284 dispen-

168 1322 241 1370 sare,
256 1322 345 1376 quum
359 1303 388 1360 id
402 1303 437 1359 ad
450 1313 598 1362 externum
611 1306 749 1382 regimen,
763 1307 841 1378 quod
853 1306 1006 1381 praesulum
1026 1315 1079 1373 est,
1094 1307 1241 1382 pertineat.

208 1407 259 1460 78.
291 1402 331 1460 ΙΙ.
356 1401 556 1470 Consuetudo,
584 1422 647 1475 quae
675 1424 726 1480 pro
751 1404 878 1462 locorum
904 1405 1039 1461 varietate
1065 1413 1109 1460 est
1139 1403 1260 1462 diversa.

171 1501 268 1565 Quum
279 1509 373 1558 autem
393 1519 431 1556 ex
443 1502 504 1558 sola
523 1501 663 1559 Ecclesiae
677 1504 837 1560 auctoritate
851 1501 960 1560 dierum
974 1503 1191 1560 Domi'nicorum
1206 1519 1263 1560 ser·

170 1598 332 1656 vandorum
342 1600 473 1674 obligatio
486 1601 598 1675 probari
611 1603 720 1677 possit3
736 1620 772 1658 ex
784 1601 987 1658 consuetudine
1001 1619 1085 1673 quam
1099 1602 1207 1676 probat,
1216 1601 1262 1659 vel

168 1697 281 1762 tolerat,
296 1697 365 1753 ratio
379 1716 428 1776 eos
443 1697 570 1755 servandi
584 1700 749 1757 aestimanda
762 1709 813 1756 est.
855 1699 963 1758 Verum
985 1698 1100 1771 quidem
1119 1711 1163 1756 est
1181 1700 1263 1776 plura

166 1795 274 1865 ubique
288 1795 348 1852 fieri
361 1814 423 1867 quae
436 1797 574 1854 Ecclesiae
589 1800 677 1857 menti
689 1807 754 1855 sunt
765 1816 864 1872 parum
878 1815 1019 1855 consona:
1040 1815 1075 1852 ea
1091 1806 1185 1855 umen
1199 1815 1261 1868 quae

82 1955 84 1958 ,
167 1893 246 1950 nulla
259 1895 403 1950 sanctione
417 1896 480 1971 ipsa
492 1897 633 1971 reprobat,
648 1915 706 1954 non
721 1904 787 1952 sunt
805 1895 887 1951 facile
900 1893 1067 1951 damnanda.
1109 1893 1264 1952 Clamitent

170 1989 288 2062 quidem
301 1993 489 2050 Protestantes
504 1995 657 2052 Sabbatum
670 1995 776 2070 negligi
794 2001 824 2049 et
841 1994 958 2051 violari:
980 1993 1145 2050 meminisse
1168 2003 1261 2050 tamen

170 2089 282 2157 debent,
306 2091 411 2148 sublata
424 2093 564 2152 Ecclesiae
579 2095 751 2161 auctoritate,
765 2093 875 2151 nullum
894 2111 1043 2168 superesse
1064 2092 1181 2151 modurn
1202 2109 1259 2165 quo

170 2187 233 2245 dies
247 2189 415 2247 Dominicus
429 2191 583 2249 servandus
597 2194 738 2268 probetur.

208 2292 258 2345 79.
285 2289 340 2346 III.
361 2288 468 2349 Pietas
492 2301 643 2349 excusatos
664 2291 748 2349 habet
766 2309 815 2349 eos
836 2293 885 2362 qui
904 2309 990 2367 opera
1015 2290 1049 2346 ad
1074 2289 1131 2348 Dei
1152 2289 1258 2348 cultam

168 2387 300 2461 proxime
323 2393 480 2465 spectantia
500 2389 599 2447 diebus
620 2391 780 2449 Dominicis
806 2400 961 2466 peragunt:
992 2398 1010 2424 “
1022 2409 1080 2448 non
1099 2389 1208 2465 legistis
1228 2389 1259 2445 in

170 2485 267 2561 lege,”
282 2488 373 2560 inquit
385 2487 530 2557 cbristus,
547 2497 566 2524 ‘⁶
576 2491 642 2563 quia
651 2491 771 2547 sabbatis
785 2489 942 2546 sacerdotes
957 2489 985 2546 in
997 2489 1102 2565 templo
1115 2489 1260 2545 sabbatum

168 2585 285 2652 violant,
300 2596 329 2642 et
342 2588 402 2644 sine
416 2590 534 2646 crimine
548 2580 671 2646 suntt”¹
713 2590 784 2654 Quae
799 2596 893 2646 autem
913 2596 1020 2645 remote
1035 2595 1141 2643 tantum
1156 2585 1190 2642 ad
1204 2584 1262 2641 Dei

170 2682 282 2739 cultum
295 2684 414 2742 tendunt
431 2685 532 2744 debent
553 2697 616 2744 ante
637 2689 708 2744 sesta
728 2686 888 2762 preparari,
902 2686 1042 2754 quamvis,
1055 2693 1171 2758 urgente
1186 2684 1263 2755 gravi

169 2799 269 2848 causa,
278 2780 362 2840 liceat
375 2784 458 2840 etiarn
471 2785 574 2856 aliquid
586 2805 623 2844 ex
637 2787 672 2843 iis
686 2786 789 2851 facere,
799 2784 844 2840 vel
852 2782 1000 2857 perficere,
1014 2781 1097 2838 etiarn
1112 2779 1266 2837 Dominica

173 2880 230 2937 die.
274 2878 324 2936 Ex
337 2882 398 2940 sola
411 2883 511 2958 pietate
524 2904 582 2942 non
595 2885 705 2943 videtur
723 2885 809 2942 licere
828 2881 964 2948 laborare,
979 2899 1031 2937 ex:
1053 2899 1103 2956 gr:
1125 2877 1264 2936 conficere

173 2988 266 3036 vestes
281 2998 386 3049 sacras,
401 2982 492 3039 colere
513 3002 594 3059 agros
617 2984 755 3050 ecclesiae,
770 2982 873 3039 'vehere
887 2979 995 3055 lapides
1018 2989 1046 3036 et
1063 2980 1140 3056 ligna
1153 2977 1188 3034 ad
1201 2996 1264 3034 eam

173 3077 385 3137 edificandam:
406 3100 472 3138 nam
485 3081 550 3139 finis
564 3083 658 3157 operis
672 3091 797 3139 naturam
811 3101 868 3138 non
882 3088 978 3136 mutat.
1007 3078 1150 3137 Caeterum
1160 3078 1185 3133 si
1195 3076 1263 3134 alias

173 3187 294 3247 nequeat
307 3178 435 3236 ecclesiae
449 3180 570 3249 consuli,
584 3200 657 3256 opus
670 3181 737 3248 licet
749 3181 849 3237 servile
863 3179 928 3236 Deo
942 3179 994 3235 erit
1006 3188 1125 3253 gratum.

209 3278 258 3331 80.
285 3277 339 3334 IV.
365 3277 507 3337 Claritas
522 3298 588 3356 erga
601 3280 761 3354 proximum
786 3287 903 3336 excusat
922 3295 971 3332 eos
986 3279 1035 3348 qui
1049 3284 1125 3332 actus
1139 3273 1264 3344 alioquin

170 3375 270 3431 vetitos
283 3385 427 3448 tamquam
441 3379 572 3446 servileS,
586 3377 684 3436 diebus
705 3363 866 3436 Dominicis
887 3385 1029 3442 exercent,
1050 3383 1081 3429 ut
1099 3373 1266 3430 subveniant

170 3471 370 3550 indigentibus,
386 3478 432 3534 vel
445 3478 567 3554 aegrotis
609 3477 778 3535 Excusandi
791 3484 883 3531 autem
896 3491 955 3531 non
967 3472 1106 3536 videntur,
1125 3470 1175 3538 qui
1187 3468 1266 3524 nulla

169 3581 290 3647 urgente
300 3577 475 3644 necessitate,
490 3591 577 3651 opera
597 3575 712 3633 servilia
733 3574 817 3631 etiam
831 3573 861 3628 in
874 3587 1029 3645 pauperum
1043 3567 1189 3624 utilitatem
1204 3583 1264 3622 ees·

170 3689 238 3726 sura
250 3670 423 3731 exercerent.
444 3675 538 3732 Venia
548 3673 664 3747 quidem
675 3683 704 3730 et
715 3673 798 3731 laude
813 3669 891 3746 digni
901 3677 981 3727 erunt
994 3669 1019 3726 si
1032 3667 1157 3739 alioquin
1167 3665 1262 3742 proxi·

170 3787 250 3826 mum
272 3771 393 3846 graviter
413 3772 585 3849 indigentem
607 3792 665 3830 non
685 3780 803 3848 possent
828 3770 984 3838 sublevare,
999 3787 1064 3825 narn
1088 3767 1264 3824 “sabbatum

170 3877 285 3943 propter
296 3869 445 3928 hominem
459 3872 627 3938 factumest,
638 3880 666 3927 et
679 3890 737 3929 non
749 3871 836 3928 homo
847 3877 961 3945 propter
971 3859 1167 3924 sabbatum.'’²
1187 3862 1265 3918 Hinc

170 3976 341 4024 excusantur
358 3970 418 4040 qui,
440 3969 666 4027 deficientealia
687 3969 845 4035 occasione,
867 3967 965 4024 diebus
986 3962 1157 4028 Dominicis,
1171 3968 1264 4016 vestes

167 4067 349 4140 pauperibus,
364 4068 489 4139 alioquin
503 4068 660 4126 toleraturis
673 4078 759 4124 totam
772 4065 886 4140 hyemis
897 4064 1087 4137 asperitatem,
1098 4059 1260 4117 conficiunt.

209 4167 260 4220 81.
281 4165 319 4221 V.
336 4164 512 4226 Necessitas
526 4167 649 4244 propria,
663 4167 709 4224 vel
723 4165 813 4222 aliena
828 4161 953 4239 corporis
967 4161 1012 4218 vel
1025 4161 1135 4227 animae,
1150 4155 1263 4230 quando

204 4395 244 4459 (¹)
264 4391 335 4443 Mart.
345 4393 389 4443 xii.
402 4395 426 4441 5·
862 4388 902 4452 (2)
920 4384 1087 4434 praeitur.
