3076 5260
275 517 334 572 ³⁴⁴
441 512 498 572 DE
519 509 878 572 OBLIGATIONIBUS
899 507 1193 569 OLERIOORUM.

277 679 374 746 Quum
386 685 479 736 antem
493 695 551 736 non
564 679 602 736 sit
620 675 656 736 ad
675 677 795 736 salutem
814 675 1017 742 necessarium,
1030 693 1089 733 non
1102 683 1234 733 tenentur
1246 675 1284 734 ad
1297 675 1366 735 illud

276 775 491 845 conferendum,
505 777 531 834 si
543 776 608 834 vitea
629 793 713 854 grave
726 775 883 852 periculum
897 774 979 842 adsit,
994 775 1123 846 quamvis
1137 773 1218 842 illud,
1233 776 1368 852 praeclaro

277 895 344 934 sanc
357 876 501 936 charitatis
522 876 667 953 exemplo,
681 884 761 952 peste
782 874 972 932 laborantibus
992 873 1024 930 S.
1040 871 1162 932 Carolus
1182 874 1367 932 Borromaeus

278 973 451 1034 contulerit.¹
492 974 647 1034 Laudabile
661 993 774 1048 quoque
796 981 839 1032 est
860 973 1028 1048 episcopum
1041 982 1169 1050 paratum
1183 992 1216 1030 sc
1234 973 1369 1030 exhibere

279 1075 314 1134 ad
327 1073 398 1134 illud
411 1072 613 1134 conferendum
632 1075 688 1132 vita
707 1073 939 1148 periclitantibus,
953 1073 1037 1130 etiarn
1052 1065 1176 1147 ριιοιίι,2
1189 1075 1323 1144 quamvis
1336 1071 1369 1128 ad

277 1173 306 1230 id
330 1176 419 1232 teneri
440 1191 498 1232 non
520 1170 655 1230 videatur.
698 1170 842 1230 Caeterum
867 1189 925 1230 non
938 1179 1048 1229 vacaret
1060 1170 1143 1246 culpa
1155 1187 1289 1228 recusare
1303 1169 1370 1229 illud

278 1273 386 1348 petenti
396 1273 427 1330 in
440 1272 538 1330 mortis
552 1271 724 1338 discrimine,
740 1271 765 1328 si
778 1273 885 1343 absque
900 1272 978 1348 gravi
992 1270 1174 1328 incommodo
1188 1269 1260 1327 illud
1273 1279 1369 1346 posset

278 1371 447 1430 mirristrme.
489 1371 559 1430 Non
572 1379 682 1428 tenetur
694 1379 789 1427 tamen
809 1369 843 1427 ad
863 1370 934 1428 illud
954 1368 1157 1427 conferendum
1171 1370 1252 1427 omni
1267 1370 1371 1446 petenti

279 1470 405 1541 quolibet
423 1480 560 1546 tempore,
575 1471 600 1527 si
613 1469 690 1528 nulla
706 1470 743 1526 sit
755 1471 825 1527 ratio
840 1471 934 1545 gravis
948 1487 998 1526 cur
1011 1470 1092 1526 statis
1106 1467 1206 1526 diebus
1221 1487 1289 1526 cum
1311 1469 1370 1526 aliia

279 1577 380 1642 potens
394 1585 452 1626 non
465 1585 496 1624 se
510 1571 600 1626 sistat.

318 1669 367 1722 36.
388 1665 435 1724 nd
448 1666 620 1740 penitentiae
642 1676 849 1724 sacramentum
863 1665 1081 1724 ministrandum
1099 1683 1157 1723 non
1170 1675 1284 1722 tenetur
1297 1667 1371 1743 epis·

280 1780 380 1840 copus,
404 1763 619 1840 suppetentibus
646 1763 835 1821 sacerdotibus
849 1767 947 1836 quiec
968 1781 1084 1820 munere
1106 1764 1279 1838 surgentum
1308 1785 1371 1823 nam

279 1879 369 1935 quum
388 1863 517 1940 regimen
538 1864 565 1922 ei
591 1863 628 1919 sit
647 1863 842 1930 commissum,
865 1865 915 1920 vix
936 1864 1068 1920 convenit
1087 1863 1247 1920 animarum
1272 1883 1373 1922 arcana

279 1963 407 2030 scrutani,
421 1981 457 2022 ne
471 1962 646 2020 existimatur
659 1979 692 2018 ea
702 1961 926 2032 aliquatennsnti
937 1961 1043 2018 notitia.
1085 1960 1243 2020 Laudabile
1251 1963 1372 2038 proinde

279 2059 389 2120 videtur
402 2061 504 2121 abhoc
517 2059 675 2120 ministerio
697 2079 728 2117 se
749 2060 898 2128 abstinere,
922 2060 1079 2137 prasertim
1103 2077 1170 2135 erga
1192 2061 1369 2130 sacerdotes,

280 2161 519 2226 sanctimoniales,
534 2160 641 2218 aliosve
655 2177 727 2231 quos
747 2177 843 2234 regere
864 2169 984 2236 oportet.
1028 2157 1171 2216 Ceterum
1192 2161 1370 2220 sacerdotum

277 2259 376 2334 inopia
388 2270 416 2318 et
428 2255 603 2318 consuetudo
617 2257 693 2334 apud
705 2277 758 2316 nos
770 2259 882 2318 invecta
893 2259 999 2318 faciunt
1011 2267 1042 2314 nt
1051 2258 1099 2314 vix
1111 2259 1202 2333 possit
1210 2262 1368 2336 episcopus

280 2359 314 2414 ab
341 2357 518 2433 excipiendis
544 2357 682 2415 laicorum
709 2357 935 2416 confessionibus
958 2376 989 2415 se
1011 2358 1159 2414 abstinere.
1203 2357 1373 2417 Pontificale

281 2455 444 2512 Romanurn
458 2452 575 2527 quidem
589 2456 619 2512 in
632 2453 811 2512 Visitationis
825 2441 930 2514 muniis
945 2455 1137 2514 describendis
1145 2455 1233 2514 dicit:
1257 2466 1276 2493 “
1288 2476 1372 2534 expe·

280 2554 336 2611 dita
349 2553 807 2622 confirmatione—confessiones,
829 2565 858 2613 et
877 2552 979 2614 deinde
1001 2555 1140 2626 querelas,
1161 2555 1186 2612 si
1209 2574 1275 2627 qum
1299 2565 1371 2623 sunt,

280 2651 357 2712 audit
367 2653 397 2711 :⁹⁵
420 2654 471 2712 aed
483 2653 513 2712 id
525 2651 742 2730 intelligendum
755 2652 867 2713 videtur
879 2654 913 2712 dc
928 2655 1052 2731 pcccatis
1065 2655 1226 2711 reservatis.

320 2757 369 2812 at.
391 2753 515 2812 Ordines
528 2771 580 2829 per
592 2771 624 2811 se
637 2752 764 2810 conferre
786 2752 869 2810 debet
889 2754 1052 2829 episcopus,
1073 2754 1157 2830 juxta
1169 2751 1371 2812 Tridentinum

282 2850 442 2910 decretum:
473 2851 646 2927 “Episcopi
668 2869 719 2926 per
740 2853 908 2927 semetipsos
934 2851 1048 2911 ordines
1068 2852 1230 2918 conferant3
1253 2851 1373 2924 quodsi

280 2947 445 3023 egritudine
459 2950 564 3006 fuerint
576 2949 716 3024 impediti,
731 2950 859 3008 subditos
873 2968 940 3009 suos
959 2969 1017 3008 non
1032 2951 1120 3018 aliter,
1135 2969 1222 3023 quarn
1231 2952 1295 3028 jam
1311 2969 1372 3027 pro·

279 3045 368 3111 batos,
383 3055 411 3102 ct
430 3047 607 3104 examinatos
628 3045 665 3103 ad
687 3047 773 3104 alium
797 3049 965 3124 episcopum
988 3047 1160 3107 ordinandos
1181 3046 1372 3108 dimittant.”³

281 3143 389 3218 Magna
401 3162 466 3202 curn
480 3143 625 3220 diligentia
637 3162 759 3203 examen
779 3144 941 3204 iaciendum
961 3158 1013 3216 est,
1028 3166 1064 3204 ne
1084 3149 1149 3221 quis
1162 3147 1313 3224 indignus,
1328 3151 1372 3207 vel

280 3259 381 3318 parum
407 3243 526 3302 idoneus
549 3245 713 3302 insacrum
738 3245 927 3303 ministerium
956 3242 1123 3322 subrepat:⁴
1152 3253 1171 3280 ‘¹
1181 3247 1290 3304 Manus
1317 3247 1371 3306 cito

282 3343 389 3400 nemini
403 3342 585 3419 imposueris,
596 3361 690 3415 neque
700 3345 953 3402 communicaveris
967 3347 1091 3420 peccatis
1106 3339 1257 3402 alienis”⁵

321 3445 369 3498 38.
391 3441 426 3500 In
440 3442 602 3500 muneribus
615 3441 806 3517 designandis,
827 3444 928 3514 quibus
949 3443 1109 3502 sacerdotes
1130 3462 1229 3501 vacare
1251 3454 1371 3520 oportet,

172 3588 176 3596 .
283 3540 459 3616 singulorum
482 3539 562 3598 dotes
578 3542 735 3613 meritaque
754 3542 928 3618 perpendere
942 3541 1033 3611 debet,
1048 3544 1203 3601 strationis
1220 3543 1372 3619 judicium,

282 3641 377 3713 potius
400 3658 485 3711 quarn
507 3639 594 3698 arriani
615 3640 758 3708 affectum,
781 3642 873 3714 sequi.
923 3641 1131 3718 invigilandum
1157 3643 1242 3700 etiarn
1270 3653 1314 3699 est
1346 3652 1375 3700 ut

281 3755 380 3795 omnes
394 3755 445 3794 sna
458 3738 592 3814 expleant
605 3739 702 3796 munia
715 3739 823 3815 integre
845 3747 1013 3812 sancteque3
1035 3750 1063 3798 ct
1075 3741 1125 3814 qni
1145 3741 1301 3824 deliquerit
1314 3759 1372 3800 cor·

281 3835 426 3912 ripiendus
440 3846 468 3892 et
480 3834 639 3912 puniendus
652 3846 705 3905 est,
720 3857 756 3894 ne
770 3855 888 3897 munere
903 3857 984 3897 sacro
997 3841 1028 3898 in
1048 3841 1202 3898 animarum
1217 3841 1372 3916 perniciem

282 3933 418 3994 abutatur.

484 4124 522 4188 (1)
541 4123 604 4171 Vide
617 4121 741 4172 Benedict.
752 4123 800 4171 xiv.
812 4122 842 4172 de
855 4122 916 4186 Syn.
928 4125 943 4173 l.
956 4124 1004 4172 xiii.
1014 4141 1035 4174 c.
1047 4124 1095 4172 nir.
1108 4141 1132 4172 n.
1145 4141 1165 4173 v.

484 4205 525 4270 (2)
539 4205 640 4265 Ibidem,
651 4206 667 4256 l.
681 4205 720 4254 vii.
732 4221 785 4268 cap.
797 4221 820 4254 x.
833 4221 858 4254 n.
870 4205 918 4255 viii.

482 4293 491 4347 <
511 4290 522 4352 )
542 4287 607 4338 Sess.
616 4287 685 4338 xxiii.
696 4305 748 4353 cap.
761 4287 794 4338 iit
806 4289 836 4339 do
848 4289 903 4339 Rei.

485 4372 495 4434 (
516 4371 527 4434 )
547 4371 647 4421 ibidem.
659 4388 712 4438 cap.
724 4374 764 4432 vii.
933 4375 974 4440 (5)
999 4373 1088 4422 lTim.
1101 4389 1123 4419 v.
1136 4371 1175 4423 22.
