3068 5256
563 481 619 538 DE
641 481 755 539 LEGE
777 480 903 539 NOVA.
1242 492 1281 548 69

182 668 277 716 amen,
291 648 358 706 dico
371 648 469 705 vobis:
492 647 548 702 nisi
562 644 796 704 manducaveritis
817 665 930 704 camem
943 645 995 705 filii
1009 647 1147 716 hominis,
1160 659 1189 706 ct
1201 650 1279 710 bibe·

123 740 136 752 '
182 751 243 806 ritis
257 749 320 824 ejus
334 747 515 823 sanguinem,
529 763 588 802 non
604 745 742 803 habebitis
758 745 883 802 vitamin
896 743 1026 803 vobis.'’¹
1067 745 1279 808 0111111111-

183 847 296 924 ciplinae
310 847 390 924 leges
409 845 525 916 reliquit
544 845 712 920 praesulibus
735 843 864 901 ecclesiae
884 845 1056 912 stabiandas,
1070 847 1278 922 variandasquc

184 964 237 1022 pro
256 946 387 1004 locorum
410 956 628 1020 temporumque
652 942 823 1009 diversitate,
847 961 936 1015 quum
958 953 999 1002 tot
1020 946 1149 1020 gentibus
1168 965 1220 1023 per
1243 957 1282 1004 tot

185 1043 292 1101 saecula
304 1047 353 1102 lex
365 1063 423 1101 una
435 1041 592 1112 eademque
606 1040 683 1099 haud
696 1043 872 1100 conveniret.

225 1144 276 1198 26.
299 1143 409 1200 Christi
421 1143 471 1200 lex
489 1141 519 1197 in
539 1158 574 1198 eo
594 1159 611 1196 a
630 1140 760 1198 Mosaica
773 1139 964 1217 distinguitur,
979 1140 1057 1213 quod
1079 1142 1140 1201 hoec
1160 1143 1281 1220 lapideis

187 1240 290 1298 tabulis
303 1243 388 1298 fuerit
400 1241 538 1316 inscripta
550 1257 557 1307 ;
578 1239 628 1296 illa
639 1238 707 1297 verb
728 1257 776 1297 ore
795 1241 984 1316 promulgata,
1005 1249 1033 1297 et
1046 1240 1170 1318 Spiritus
1184 1243 1282 1302 Sancti

188 1341 278 1416 gratia
302 1341 445 1398 mentibus
464 1337 656 1410 cordibusque
679 1338 854 1397 credentium
876 1340 1027 1416 impressa,
1049 1342 1180 1412 quamvis
1202 1342 1284 1418 plura

189 1457 252 1510 quea
267 1437 302 1495 ad
315 1458 378 1498 earn
387 1438 531 1514 pertinent
541 1438 673 1513 Apostoli
686 1447 714 1494 et
724 1437 926 1513 Evangelistar,
939 1456 991 1514 pro
1003 1440 1155 1498 occasione
1169 1441 1224 1498 sibi
1234 1441 1282 1498 ob-

155 1594 172 1622 ,
189 1537 257 1604 lata,
271 1539 375 1614 scripto
386 1537 631 1613 consignaverint:
655 1545 674 1572 “
685 1537 806 1613 epistola
816 1539 885 1594 estis
899 1535 1041 1604 Christi,’'
1052 1538 1091 1595 ait
1103 1539 1211 1597 Paulus
1227 1538 1284 1597 Oo-

192 1635 314 1692 rinthios
328 1637 484 1710 alloquens
507 1643 526 1670 “
538 1637 696 1693 ministrata
715 1656 732 1692 a
752 1637 844 1703 nobis,
860 1645 889 1694 et
910 1638 1017 1712 scripta
1034 1654 1093 1696 nou
1115 1647 1283 1706 atramento,

193 1732 247 1792 sed
260 1733 368 1810 Spiritu
390 1735 446 1794 Dei
461 1736 532 1792 vivi:
554 1736 663 1792 nonin
686 1736 785 1792 tabulis
804 1733 937 1811 lapideis,
957 1734 1057 1793 sedin
1078 1737 1178 1795 tabulis
1191 1737 1285 1796 cordis

194 1831 404 1893 carnalibus’ffi
444 1833 541 1892 “Hoc
555 1843 598 1891 est
611 1843 813 1892 testamentum
827 1833 905 1906 quod
918 1827 1069 1911 disponam
1085 1835 1185 1894 domui
1197 1835 1287 1894 lsrael

194 1943 261 2012 post
273 1933 334 1990 dies
348 1933 421 2003 illos,
435 1932 505 1991 dicit
517 1933 679 1991 Dominus:
702 1933 806 1992 Dando
816 1932 895 2009 leges
906 1951 984 1990 meas
999 1933 1028 1990 in
1042 1942 1166 1992 mentem
1177 1951 1287 2000 eorum,

193 2042 223 2091 et
235 2033 265 2090 in
279 2033 362 2091 corde
375 2051 475 2092 eorum
484 2034 694 2110 superscribam
705 2026 802 2091 eas.'’³
828 2032 1019 2109 Distinguibrr
1029 2032 1114 2092 etiam
1127 2033 1191 2094 Lex
1203 2033 1233 2092 N
1234 2051 1289 2091 ova

193 2153 211 2190 a
234 2133 331 2190 Veteri
353 2133 504 2191 dulcedine
527 2152 595 2190 sua:
619 2133 751 2210 “jugum
773 2133 850 2192 enim
872 2150 970 2190 meum
995 2150 1083 2190 suave
1096 2134 1171 2202 est,’'
1195 2134 1290 2206 inquit

196 2231 338 2300 Christus,
360 2241 417 2290 “et
430 2251 503 2290 onus
525 2251 622 2290 meum
643 2230 755 2290 leve.’'⁴
795 2232 881 2289 Unde
902 2233 1098 2308 Augustinus:
1121 2231 1225 2291 “Haec
1246 2244 1290 2291 est

196 2332 374 2407 apertissima
400 2331 561 2389 differentia
587 2332 709 2390 duorum
735 2339 978 2398 testamentorum,
1002 2333 1087 2390 timor
1110 2342 1139 2390 et
1161 2327 1290 2390 amor.”⁵

197 2430 408 2490 Plenitudinem
424 2433 510 2490 etiam
525 2431 619 2507 gratiae
633 2450 732 2489 secum
746 2430 826 2488 affert
838 2449 913 2488 nova
922 2430 970 2488 lex
981 2429 1131 2490 Christum
1144 2430 1291 2506 Redemp-

197 2541 288 2588 torem
301 2532 384 2588 nobis
399 2529 534 2597 offerens,
555 2547 644 2603 quum
663 2529 741 2588 nulla
761 2531 849 2606 gratia
869 2531 899 2588 in
920 2531 1009 2587 veteri
1028 2530 1092 2606 lege
1113 2531 1291 2595 tribueretur,

197 2629 256 2686 nisi
269 2638 384 2704 propter
398 2627 507 2686 Christi
517 2630 617 2686 merita
630 2627 767 2705 praevisa5
782 2638 955 2706 quapropter
964 2629 1121 2704 Apostolus
1135 2627 1170 2685 de
1184 2627 1293 2703 populo

200 2727 321 2796 antiquo
342 2727 398 2792 ait;
428 2727 586 2784 “bibebant
605 2738 701 2786 autem
714 2725 750 2782 de
770 2726 889 2801 spiritali
910 2734 1104 2796 consequente
1124 2743 1175 2782 eos
1197 2735 1292 2800 petra:

201 2833 282 2902 petra
295 2833 389 2882 antem
405 2833 463 2881 erat
477 2817 656 2884 christus.”⁶
695 2826 736 2884 Et
750 2825 782 2880 S.
798 2824 929 2882 Thomas
937 2823 1026 2881 ¹docet
1039 2841 1089 2880 eos
1110 2831 1129 2859 ‘⁶
1141 2824 1191 2896 qui
1205 2825 1235 2882 in
1248 2839 1296 2880 ve·

201 2926 253 2983 teri
277 2925 464 2982 Testamento
486 2924 643 2982 habuerunt
665 2925 783 3002 gratiam
805 2924 929 3000 Spiritus
950 2923 1049 2983 Sancti
1068 2932 1097 2982 et
1117 2924 1293 2991 charitatem,

203 3023 361 3082 secundum
374 3024 429 3080 hoc
442 3024 614 3101 pertinuisse
628 3024 664 3082 ad
673 3025 767 3102 legem
780 3015 944 3082 Novam.”⁷
1044 3057 1048 3064 ·

273 3198 315 3263 (1)
336 3197 510 3246 reaumaus·
691 3165 694 3172 ’
967 3196 1134 3246 sconiae.

272 3281 312 3348 (3)
333 3279 397 3330 Heb.
410 3279 460 3330 viii.
474 3283 513 3330 10.
971 3280 1030 3330 Mat.
1039 3281 1071 3329 xi.
1085 3279 1124 3330 ³0.

275 3369 318 3434 (5)
339 3366 368 3418 L.
381 3366 435 3416 adv.
448 3365 579 3416 Adamant.
591 3382 612 3415 c.
625 3367 683 3416 xvii.
909 3368 948 3431 (6)
971 3370 979 3414 l
997 3365 1054 3414 Cor.
1067 3381 1091 3414 x.
1103 3368 1126 3416 t.

495 3455 534 3520 (7)
556 3453 576 3500 1.
588 3453 611 3501 2.
623 3469 664 3519 qn.
679 3457 733 3504 107.
743 3461 786 3504 art.
799 3454 815 3504 ἱ.
827 3453 861 3504 od
871 3451 1018 3503 secundum,
