3046 5262
408 523 467 586 Du
487 524 698 586 Pucoffls
719 524 1008 588 CAPITALIBUS.
1195 533 1254 588 tot

155 695 219 770 ipse
234 691 379 750 Dominus
392 691 449 750 boc
460 690 537 762 iecit,
558 693 609 752 sed
623 711 689 752 cum
709 695 884 770 suscepisset
903 695 1024 772 alapam,
1039 693 1131 752 dixit:
1154 694 1254 762 ‘Quid

156 810 203 852 me
216 792 305 850 cadis
315 789 337 846 t'
380 791 421 850 Et
432 789 499 848 ideo
512 794 597 852 edam
610 794 687 851 circa
699 794 785 850 verba
796 796 1079 866 contumelioseque
1092 801 1254 856 contrarios

157 891 298 958 dicuntur,
318 899 364 948 eet
385 889 462 947 idem
484 891 710 970 intelligendum.
753 892 882 950 Tenetur
901 895 978 952 enirn
1000 893 1103 950 habere
1126 893 1255 953 animam

159 999 289 1068 paratum
302 987 338 1044 ad
350 991 538 1049 contumelias
551 989 720 1059 tolerandas,
735 992 761 1048 si
773 991 932 1070 expediens
952 994 1054 1052 luerit:
1076 991 1257 1065 Quandoque

158 1101 255 1149 tamen
267 1096 379 1164 oportet
390 1098 422 1146 ut
441 1091 642 1150 coutumeliam
662 1091 770 1148 illatam
789 1089 970 1167 repellamus,
991 1092 1117 1150 maxime
1139 1101 1257 1169 propter

159 1189 228 1248 duo.
270 1187 370 1246 Primo
390 1187 505 1260 quidem
525 1199 642 1266 propter
660 1191 767 1248 bonum
786 1193 850 1272 ejus
870 1193 919 1264 qni
939 1190 1142 1250 contumeliam
1162 1191 1256 1257 iniert,

159 1301 193 1349 ut
204 1287 337 1352 videlieet
357 1287 420 1363 ejus
439 1288 556 1347 audacia
578 1290 754 1367 reprimatur,
769 1299 797 1347 et
815 1290 851 1348 de
865 1301 967 1349 caetero
981 1291 1045 1348 talia
1058 1307 1116 1349 uon
1130 1297 1256 1356 attentet,

159 1385 319 1446 secundum
330 1385 402 1444 illud
414 1386 636 1447 Proverbiorum
654 1390 744 1446 xxvi:
766 1389 941 1465 ‘Responde
960 1390 1046 1448 stulto
1061 1390 1146 1466 juxta
1166 1389 1256 1448 stulti·

164 1488 344 1552 tiemonem,
367 1503 404 1543 ne
426 1488 479 1546 sibi
500 1489 615 1563 sapiens
636 1485 782 1544 videatur?
824 1489 891 1547 Alio
913 1487 999 1548 modo
1017 1497 1133 1564 propter
1151 1489 1259 1546 bonum

161 1585 326 1652 multomm,
348 1603 468 1656 quorum
488 1587 632 1663 proiectus
651 1586 807 1663 impeditur
826 1597 942 1664 propter
964 1586 1150 1648 contumelias
1176 1587 1258 1645 nobis

162 1681 305 1746 illatas.'’¹
383 1737 386 1746 ,

203 1788 252 1842 61.
276 1782 488 1841 Contumeliam
501 1793 595 1842 autem
608 1802 668 1841 non
680 1785 748 1842 licet
759 1785 915 1860 rependere
930 1785 1153 1842 contumelioso:
1177 1793 1197 1821 ‘⁶
1210 1785 1257 1842 Ne

162 1882 336 1960 respondeas
357 1882 442 1940 stulto
461 1885 545 1961 juxta
566 1883 710 1941 stultitiam
730 1901 821 1950 suam,
845 1903 882 1942 ue
905 1883 1038 1940 efficiaris
1058 1883 1085 1939 ei
1108 1875 1260 1940 similis.'’²

163 1981 290 2059 Egregie
313 1980 458 2039 Basilius:
489 1981 730 2041 “Contumeliam
754 1983 848 2040 intulit
868 1985 972 2049 iratus;
993 1982 1076 2039 vince
1100 1998 1259 2053 amoreque

163 2081 277 2139 silentio
291 2079 408 2138 malum.
498 2081 531 2138 Si
550 2081 622 2140 mihi
643 2081 745 2147 credis,
768 2083 869 2157 probra
890 2080 1132 2152 contumeliasque
1155 2097 1260 2156 magno

163 2180 249 2238 etiam
263 2180 358 2236 animo
371 2189 547 2248 contemnes,
568 2189 596 2237 et
617 2189 643 2238 te
664 2180 756 2238 adhuc
775 2181 904 2239 viliorem
925 2198 988 2238 esse
1009 2177 1160 2237 concedes.
1203 2179 1260 2237 Ob·

164 2297 280 2337 sourum
292 2287 319 2334 te
334 2287 362 2335 et
379 2279 531 2356 inglorium
551 2280 672 2348 vocavit,
694 2279 858 2352 nulliusque
879 2279 1088 2338 aestimationis:
1110 2285 1213 2335 terram
1234 2287 1261 2335 ta

166 2397 199 2435 ao
212 2379 337 2436 cinerem
351 2395 416 2436 esse
430 2378 517 2437 dicas.
560 2379 625 2436 Nec
639 2388 668 2436 tu
688 2379 822 2438 illustrior
842 2399 873 2439 es
893 2387 971 2456 patre
993 2377 1259 2443 roccolenum,

167 2479 218 2551 qui
230 2479 359 2552 seipsum
372 2479 418 2536 his
431 2478 593 2536 nominibus
613 2478 774 2556 appellavit.
792 2521 798 2536 .
813 2521 840 2536 ..
872 2477 995 2548 Quando
1014 2479 1093 2537 enim
1110 2477 1262 2537 verbomm

169 2577 342 2636 contumelia
355 2579 479 2645 tentaris,
494 2577 564 2636 illud
576 2579 719 2645 existima,
733 2579 892 2653 periculum
905 2579 940 2635 de
954 2588 981 2635 te
995 2578 1069 2645 fieri,
1083 2595 1119 2634 an
1133 2575 1200 2635 Deo
1212 2595 1264 2653 per

172 2677 341 2753 patientiam
360 2677 513 2745 adhaereas,
528 2695 578 2735 seu
599 2695 650 2752 per
671 2677 742 2734 iram
755 2679 785 2734 in
799 2677 950 2734 adversarii
963 2683 1057 2751 partes
1071 2674 1202 2733 inclines.
1216 2716 1223 2731 .
1236 2717 1242 2731 .
1256 2717 1263 2731 .

168 2775 230 2843 Qui
254 2783 347 2831 autem
371 2794 401 2832 se
425 2776 579 2843 vindicare,
593 2785 622 2833 et
634 2793 686 2853 par
698 2776 759 2850 pari
779 2774 906 2841 reddere,
928 2793 961 2831 ac
981 2772 1161 2830 maledicenti
1180 2773 1264 2830 resis-

167 2884 226 2932 tere
241 2873 370 2942 voluerit,
382 2894 476 2947 quaro,
491 2894 600 2948 queso,
613 2873 726 2932 habebit
739 2873 975 2932 excusationem?
996 2871 1082 2938 Quod
1094 2871 1204 2948 primus
1218 2871 1265 2929 ille

168 2973 264 3040 fuerit,
279 2991 311 3029 ac
325 2975 539 3049 provocaverit?
579 2975 638 3032 Sed
653 2992 708 3046 qua
721 2975 804 3032 venia
817 2974 936 3050 dignum
949 2972 1005 3030 hoc
1017 2963 1066 3027 l”³
1108 2970 1265 3038 “Quando

169 3073 298 3131 convicia
310 3073 451 3150 regeris,”
466 3074 558 3146 inquit
572 3074 810 3150 chrysostomus,
832 3083 852 3111 ‘⁴
863 3073 986 3132 vinceris
1007 3092 1066 3132 non
1089 3073 1123 3130 ab
1137 3071 1264 3138 homine,

169 3171 231 3239 sed,
247 3170 324 3243 quod
336 3173 446 3249 turpius
460 3183 513 3241 est,
529 3191 545 3229 a
558 3174 690 3249 passione
705 3183 788 3246 atque
800 3175 906 3249 impetu
921 3165 1018 3230 irae.''⁴

211 3274 260 3328 62.
283 3269 401 3329 Clamor
414 3290 450 3328 ex
463 3272 505 3328 ira
518 3273 688 3344 quandoque
702 3271 822 3328 furentis
843 3271 924 3328 valde
945 3271 1048 3327 mentis
1062 3267 1199 3326 indicium
1213 3279 1265 3335 est,

171 3379 199 3427 et
212 3369 300 3426 animi
314 3370 440 3445 maligni.
483 3379 503 3406 “
514 3369 572 3428 Ore
587 3372 701 3445 quidem
716 3372 869 3429 clamorem
890 3365 1026 3434 sormat,”
1041 3367 1134 3439 inquit
1147 3365 1179 3423 S.
1196 3366 1268 3423 Gre-

172 3467 268 3546 gorius
283 3469 339 3536 M.‚
360 3477 380 3504 ‘⁶
392 3468 553 3528 sedsensus
574 3471 643 3543 quid
661 3471 793 3544 loquatur
813 3471 932 3546 ignorat.
974 3466 1009 3525 lu
1031 3484 1088 3538 quo
1099 3467 1195 3536 itaque
1215 3466 1267 3522 iste

171 3568 205 3624 ab
220 3568 369 3643 arreptitiis
382 3567 467 3644 longe
481 3579 534 3637 est,
549 3571 598 3641 qui
612 3570 730 3628 actionis
745 3589 803 3626 suae
817 3569 950 3626 conscius
965 3585 1025 3624 non
1039 3565 1103 3622 esti
1139 3562 1224 3621 Unde
1238 3563 1269 3620 iit

173 3667 352 3743 plerumque,
366 3675 501 3739 utusque
515 3667 549 3726 ad
563 3687 664 3726 manus
677 3669 719 3727 ira
732 3669 870 3746 prosiliat,
886 3678 914 3726 et
926 3664 982 3740 qud
1000 3665 1071 3723 ratio
1090 3662 1207 3741 longius
1226 3681 1269 3720 re·

176 3764 261 3832 cedit,
277 3764 409 3824 audacior
422 3762 590 3844 exurgat.'’⁵

216 3868 265 3922 63.
300 3865 353 3922 Irae
375 3865 534 3925 remedium
555 3867 731 3944 praecipuum
751 3877 795 3926 est
816 3867 925 3925 Christi
946 3861 1193 3924 mansuetudinem
1213 3881 1270 3938 prae

174 3963 266 4023 oculis
280 3963 393 4033 habere,
415 3967 575 4039 “quicum
593 3967 817 4035 malediceretur,
838 3986 897 4024 non
916 3962 1120 4022 maledicebat:
1142 3978 1208 4017 cum
1222 3980 1270 4036 pa·

176 4073 290 4130 teretur,
305 4081 363 4122 non
384 4059 664 4134 comminabatur;”⁶
684 4075 713 4125 et
725 4075 887 4124 sanctornm
908 4062 1042 4137 exempla
1062 4059 1199 4127 recolere,
1223 4061 1272 4133 qui

174 4163 397 4244 vehementioris
412 4165 583 4238 quandoque
597 4165 710 4234 indolis,
731 4165 828 4223 divina
847 4164 934 4241 gratia
947 4159 1113 4238 opitulante,
1129 4163 1271 4220 mansueti

212 4340 254 4404 (l)
275 4339 302 4388 S.
314 4338 405 4388 Thom.
417 4338 476 4388 ae.
488 4355 530 4402 qu.
542 4339 611 4388 lxxii.
624 4349 666 4388 art.
679 4339 714 4388 iii.
817 4339 860 4404 (2)
875 4337 947 4386 Prov.
960 4335 1027 4385 xxvi.
1039 4335 1063 4382 t.

214 4425 256 4490 (3)
274 4424 349 4473 Hom.
362 4438 386 4472 x.
395 4423 426 4472 de
440 4425 482 4472 ira
819 4423 860 4490 (4)
872 4421 948 4472 Horo.
960 4421 1019 4471 xxii.
1031 4421 1057 4469 in
1067 4435 1106 4485 ep.
1117 4419 1148 4470 ed
1161 4419 1231 4470 Rom.

215 4509 259 4575 (5)
273 4507 303 4558 L.
315 4523 339 4558 r.
351 4506 437 4558 Moral·
448 4523 470 4558 e.
482 4523 541 4557 xxx.
819 4509 861 4574 (6)
877 4507 887 4556 l
900 4506 952 4557 Pet.
964 4507 989 4556 ii.
1001 4504 1042 4554 2³.
