3076 5260
341 500 399 557 DE
420 499 779 562 OBLIGATIONIBUS
800 503 1091 568 OLERICORUM.
1205 515 1263 570 339

172 685 204 725 se
218 667 322 743 obligat
335 664 370 723 ad
383 683 501 742 operam
514 683 595 722 suam
609 684 723 744 semper
735 669 932 744 praestandam,
947 670 1110 746 intelligitur
1123 674 1263 748 spondere

172 783 204 823 se
217 766 327 824 nullum
340 783 393 824 sua
405 765 547 822 voluntate
570 766 745 841 objecturum
761 768 873 826 obicem
894 769 1079 844 promissioni
1099 770 1259 848 implendis.

174 863 318 922 Ceterum
332 866 357 920 si
369 863 462 940 gravis
476 872 504 920 et
517 883 597 936 aequa
609 867 680 924 ratio
693 866 811 924 suadeat
824 867 859 924 ad
872 869 956 929 aliam
968 869 1116 928 dicecesim
1132 873 1261 938 nansire,

175 983 233 1022 non
247 971 346 1040 peccat
355 963 438 1019 venia
450 962 594 1057 hmniliter
600 965 774 1042 expetenda.
812 965 919 1024 Contra
936 969 1129 1045 juramentum
1147 979 1265 1044 peccant

173 1065 198 1120 si
211 1071 343 1120 recusent
361 1063 520 1143 animarum
538 1057 634 1122 curam
648 1067 805 1141 suscipere,
820 1066 939 1141 jubente
952 1069 1100 1143 episcopo,
1114 1072 1160 1126 vel
1173 1070 1261 1126 sacris

174 1162 357 1220 missionibus
367 1159 433 1218 dare
444 1178 569 1236 operam,
580 1163 625 1219 vel
634 1164 702 1221 alias
713 1183 766 1240 pro
775 1183 856 1223 sacro
867 1183 920 1223 suo
929 1185 1046 1224 munere
1060 1166 1090 1224 in
1104 1167 1260 1226 animarum

172 1261 291 1318 salutem
310 1260 483 1318 incumbere.
526 1261 585 1318 Sed
599 1263 625 1319 si
642 1262 717 1320 haud
736 1263 854 1321 idoneos
874 1283 906 1320 se
920 1266 1060 1332 noverint,
1076 1265 1121 1322 vel
1135 1266 1260 1324 scientim

173 1359 296 1426 defectu,
305 1359 350 1416 vel
363 1359 399 1416 ob
413 1360 501 1416 animi
514 1359 550 1416 ad
563 1361 631 1418 vitia
643 1362 776 1436 proclivis
791 1363 992 1431 infirmitatem,
1004 1375 1184 1432 excusantur,
1193 1364 1262 1427 dum.

173 1477 248 1516 onus
262 1457 461 1532 deprecentur:
484 1478 538 1516 neo
561 1469 656 1517 tamen
678 1460 780 1518 debent
795 1479 847 1518 sno
861 1461 947 1518 fidere
957 1461 1067 1538 judicio
1081 1465 1263 1538 contraepis·

174 1557 242 1633 copi
254 1566 283 1613 et
296 1557 461 1616 confessarii
475 1568 613 1619 mentem.

213 1660 262 1714 25.
284 1653 394 1714 Omnes
409 1657 504 1715 cleriei
517 1656 622 1716 debent
634 1658 763 1733 episcopi
776 1667 877 1715 statuta
890 1659 919 1715 in
933 1659 1046 1733 synodo
1060 1657 1135 1716 edita
1148 1658 1182 1718 de
1203 1677 1263 1718 mo·

172 1757 249 1814 ribus
263 1755 322 1812 suis
342 1764 370 1812 et
389 1755 452 1814 vitae
472 1757 590 1824 ratione,
612 1767 640 1813 et
659 1756 694 1813 de
714 1757 801 1812 sacris
821 1758 994 1825 muneribus,
1016 1765 1112 1814 sancte
1133 1776 1260 1815 servare:

172 1860 234 1926 qu'ae
248 1855 274 1911 si
283 1854 470 1930 neglexerint,
484 1874 567 1931 pecor-
574 1866 605 1914 nt
617 1856 731 1930 gravius
751 1855 796 1912 vel
816 1855 918 1922 levius,
932 1874 984 1930 pro
1003 1875 1096 1913 rerum
1115 1866 1222 1921 namra,
1237 1867 1264 1914 et

173 1952 340 2028 legislatoris
349 1962 453 2011 mente.
496 1953 609 2012 Debent
619 1954 872 2028 insuperepiscopi
881 1955 964 2030 jussa
973 1955 1093 2030 singulis
1104 1953 1167 2012 data
1174 1953 1209 2010 de
1217 1955 1264 2012 iis·

173 2051 238 2110 dem
251 2053 334 2108 rebus
352 2049 388 2106 ad
407 2053 542 2109 amussim
563 2071 693 2110 servare:
715 2071 781 2110 nam
803 2061 940 2127 potestate
961 2062 1073 2128 prestat
1088 2053 1220 2130 jubendi,
1236 2065 1264 2112 et

173 2169 248 2226 saepe
262 2168 380 2208 necesse
394 2159 438 2208 est
451 2151 570 2226 singulis
584 2151 718 2226 specialia
731 2150 797 2208 dare
811 2161 952 2228 praecepta
973 2153 1027 2211 tibi
1040 2150 1261 2210 accommodata.

173 2234 261 2325 lgitur
274 2250 323 2322 qui
336 2250 456 2325 negligit
469 2268 531 2320 quae
547 2251 630 2327 jubet
649 2251 801 2326 episcopus
816 2249 851 2306 de
872 2250 1005 2308 evitando
1018 2252 1171 2317 consorti0‚
1186 2251 1263 2321 quod

172 2350 366 2424 suspicionem
379 2349 503 2424 praebet:
525 2349 571 2406 vel
584 2348 618 2406 de
633 2348 735 2406 Latino
756 2367 887 2406 sermone
902 2350 931 2407 in
945 2351 1102 2417 funeribus,
1116 2360 1144 2407 et
1158 2351 1187 2408 in
1201 2350 1262 2408 aliis

172 2449 259 2504 sacris
279 2447 388 2514 ritibus,
404 2446 573 2515 adhibendo,
590 2448 674 2524 juxta
686 2449 841 2509 concilium
861 2449 1067 2508 Baltimorense
1087 2450 1111 2508 1.
1133 2461 1161 2508 et
1179 2467 1266 2509 usum

172 2545 441 2622 Ecclesiae,agravi
454 2556 572 2622 peccato
586 2566 645 2604 non
664 2556 707 2604 est
727 2547 808 2606 facile
829 2549 1019 2606 excusandus.
1062 2550 1128 2615 Quo
1149 2549 1264 2608 tendant

171 2653 275 2702 statuta
287 2653 316 2701 et
323 2645 406 2720 jussa
418 2629 547 2722 episcopi
560 2665 597 2702 ex
617 2645 740 2704 concilio
760 2645 930 2708 Tridentino
951 2646 1028 2718 quod
1043 2665 1137 2704 mores
1152 2647 1263 2706 clericis

172 2744 377 2802 convenientes
397 2745 527 2820 explieat,
552 2745 712 2821 colligitur:
736 2745 816 2801 “Sic
839 2743 921 2802 decet
943 2746 1063 2803 omnino
1084 2745 1213 2811 clericos,
1235 2747 1265 2803 iu

171 2851 280 2900 sortem
295 2841 413 2900 Domini
426 2853 549 2911 vocatos,
564 2845 660 2911 vitam,
674 2862 825 2915 moresque
834 2860 915 2906 ,suos
921 2861 1022 2901 omnes
1037 2861 1220 2919 componere,
1234 2853 1265 2901 ut

171 2941 280 3008 habitu,
303 2950 394 3018 gestu,
418 2942 540 3010 incessu,
561 2961 703 3009 sermone,
725 2943 843 3015 aliisque
860 2944 996 3003 omnibus
1015 2944 1111 3010 rebus,
1132 2942 1182 3010 nil,
1208 2944 1265 3002 nisi

172 3059 267 3117 grave,
282 3040 467 3109 moderatum,
483 3061 515 3099 ac
528 3041 666 3118 religione
680 3043 797 3117 plenum
811 3043 1011 3119 praeseferant:
1031 3044 1107 3103 levia
1119 3043 1204 3100 etiam
1218 3042 1264 3100 de·

172 3139 246 3207 licta,
274 3158 337 3213 quae
358 3142 388 3197 in
411 3141 482 3216 ipsis
504 3142 630 3199 maxima
652 3150 758 3210 essent,
782 3143 940 3218 effugiant;
962 3154 1115 3202 uteorum
1138 3143 1263 3200 actiones

173 3241 281 3297 cunctis
295 3239 413 3298 afferant
425 3234 683 3300 venerationem.'’¹
735 3318 739 3326 .

398 3494 465 3568 §V.
487 3493 534 3552 Du
556 3513 596 3552 rrs
617 3513 684 3558 oum
706 3513 843 3552 onnnrcrs
865 3510 1035 3550 versurus.

213 3674 262 3728 26.
284 3671 436 3730 Armorum
447 3673 565 3750 gestatio
579 3673 689 3730 clericis
704 3667 812 3729 vetatur
821 3671 1005 3727 anathematis
1017 3687 1101 3746 poena
1111 3670 1262 3726 intentata:

175 3767 311 3827 “Clerici
324 3789 400 3828 arma
412 3781 555 3847 portantes
567 3781 596 3828 et
604 3773 726 3830 usurarii
739 3761 1072 3830 θιιιεοιῐιῐῐιιιιιίιτθῐιϊιιτ.”2
1112 3767 1217 3826 Militia
1228 3768 1263 3824 iis

174 3865 372 3942 prohibetur?
392 3889 457 3928 nam
477 3871 644 3946 sanguinem
665 3869 782 3928 sundere
801 3889 860 3927 non
881 3869 1014 3926 convenit
1040 3865 1263 3924 mansuetissimi

174 3965 333 4024 Servatoris
360 3969 505 4026 ministris.
549 3969 687 4026 “Bellica
712 3969 846 4026 exercitia
871 3966 995 4024 maxime
1022 3971 1181 4040 repugnant
1206 3964 1263 4022 iilis

174 4065 287 4134 officiis,
302 4067 403 4140 quibus
426 4068 554 4143 episcopi
575 4077 604 4125 et
616 4067 712 4125 clerici
732 4066 911 4142 deputantur,
926 4073 1041 4140 propter
1055 4062 1122 4120 duo.
1166 4061 1264 4120 Primo

174 4164 290 4237 quidem
301 4165 425 4241 generali
435 4167 541 4224 ratione
553 4186 560 4223 ς
577 4167 643 4238 quia
651 4165 753 4223 bellica
762 4163 897 4222 exercitia
906 4165 1045 4222 maximas
1053 4160 1263 4234 inquietudines

210 4334 249 4397 (l)
267 4334 332 4382 Sese.
345 4333 404 4382 xxii.
413 4350 465 4397 cap.
478 4334 493 4383 i.
507 4333 576 4382 Decr.
589 4332 619 4380 de
632 4331 724 4380 reform.
794 4331 835 4396 (2)
855 4330 914 4393 Cap.
926 4330 952 4380 ii.
963 4331 993 4380 de
1005 4331 1055 4380 rita
1065 4336 1089 4380 et
1100 4329 1233 4380 honestate.

209 4418 250 4486 (3)
272 4418 333 4485 Gap.
350 4418 514 4486 Quicumque,
527 4417 593 4466 xxiii.
605 4433 647 4479 qu.
657 4418 706 4465 viii.
719 4426 743 4466 et
754 4432 807 4465 ean.
820 4433 842 4464 v.
856 4415 910 4465 dist.
923 4416 939 4469 b
