3146 5266
593 458 650 518 DE
671 457 954 518 PASSIONIBUS.
1284 465 1322 522 33

233 623 380 691 felicitatis,
395 625 440 682 vel
452 624 579 684 utilitatis
593 623 687 690 amati,
698 622 774 694 quod
784 622 873 689 zelus,
885 621 995 694 quoties
1006 619 1041 680 de
1051 622 1116 682 Deo
1126 624 1226 702 sgittis,
1241 643 1323 682 voca·

234 733 285 790 tur,
307 741 364 795 quo
378 741 409 778 se
423 733 512 784 totum
527 723 661 797 flagrasse
676 720 809 778 Christis
822 720 966 779 Dominus
989 729 1103 780 testante
1125 731 1186 780 est:
1210 731 1230 758 ‘⁶
1242 723 1322 780 zelus

232 821 332 879 domus
347 830 401 876 tuac
421 823 545 880 comedit
567 811 663 880 me.’'¹
703 820 799 876 Eliam
821 821 904 876 etiam
928 836 964 876 eo
986 837 1044 878 non
1066 821 1189 878 cauisse
1211 820 1319 893 liquet:

235 919 326 976 “zelo
340 918 446 976 zelatus
460 940 524 978 sum
534 938 587 994 pro
600 917 726 975 Domino
739 917 805 975 Deo
818 911 1046 975 exercituum.”²

273 1020 322 1074 59.
344 1015 450 1076 Odium
464 1019 626 1082 adversatur
638 1017 738 1083 amori,
752 1033 788 1072 ex
803 1034 860 1087 quo
873 1025 968 1074 umen
981 1016 1048 1074 oriri
1058 1015 1167 1084 dicitur,
1182 1027 1322 1089 quatenus

233 1113 297 1172 ideo
311 1116 375 1186 quis
389 1115 465 1173 aliud
477 1117 545 1182 odit,
562 1114 639 1187 quod
652 1115 692 1170 rei
705 1112 813 1170 dilectae
824 1116 997 1172 contrarium
1011 1116 1057 1172 sit.
1100 1114 1265 1173 Vehemens
1280 1125 1324 1174 est

233 1215 321 1270 animi
334 1213 461 1281 affectus,
476 1224 504 1272 et
516 1214 640 1290 plurima
649 1213 722 1288 parit
734 1211 816 1270 mala.
860 1212 956 1270 Nemo
966 1211 1025 1270 odit
1034 1214 1162 1289 seipsum
1173 1233 1181 1270 r
1205 1221 1224 1249 ‘⁴
1237 1231 1323 1274 nemo

233 1312 310 1368 enim
323 1330 449 1383 unquam
463 1331 577 1370 carnem
591 1329 672 1368 suam
685 1308 751 1367 odio
763 1307 916 1367 babuit:”³
935 1313 974 1368 ita
986 1313 1093 1369 scilicet
1105 1330 1205 1369 summ
1225 1323 1324 1371 natura

234 1410 398 1484 comparati,
412 1419 444 1468 ut
455 1407 615 1467 necessarii
629 1410 753 1480 quisque
774 1426 804 1463 se
825 1407 931 1485 diligat.
975 1409 1059 1474 Quod
1079 1419 1173 1468 autem
1188 1409 1324 1470 Christus

234 1509 378 1566 neminem
389 1507 463 1566 dicat
474 1507 647 1584 discipulum
668 1507 730 1582 ejus
752 1507 814 1562 fieri
836 1525 933 1581 posse,
948 1509 998 1579 qui
1021 1508 1145 1566 animam
1159 1527 1242 1566 suam
1265 1528 1324 1568 non

237 1601 351 1672 oderit,⁴
364 1607 526 1683 intelligitur
538 1606 574 1663 de
587 1606 691 1665 minori
713 1605 757 1662 sui
776 1604 935 1672 dilectione,
950 1624 1012 1677 quae
1026 1604 1129 1665 divine
1151 1606 1209 1684 legi
1230 1609 1323 1685 subja·

238 1712 317 1760 ceat:
340 1721 456 1760 necesse
469 1707 575 1780 quippe
587 1714 629 1761 est
640 1713 672 1760 ut
682 1704 747 1775 quis
761 1721 791 1758 se
805 1704 869 1761 Deo
882 1705 977 1761 minus
991 1713 1077 1763 amet.

276 1806 324 1859 60.
348 1800 505 1860 Veritatem
517 1819 602 1860 nemo
614 1802 673 1861 odit
693 1803 749 1858 nisi
769 1809 867 1858 natura
888 1813 1073 1878 repugnante,
1088 1821 1154 1860 nam
1167 1803 1323 1862 intellectui

236 1901 339 1956 veritas
353 1901 503 1958 convenit:
525 1900 574 1957 sed
586 1903 653 1958 vitio
666 1909 772 1956 naturae
785 1899 818 1956 fit
838 1909 870 1956 ut
892 1899 1003 1956 oderint
1025 1900 1156 1958 homines
1179 1918 1242 1972 quae
1257 1919 1324 1958 suas

237 2007 368 2056 coercent
389 1999 566 2074 cupiditates,
581 2001 627 2056 vel
646 1999 758 2056 obstant
776 1997 959 2076 praejudiciis.
1001 1997 1081 2057 Hinc
1093 1998 1250 2074 Apostolus
1266 1999 1324 2056 Ga·

233 2096 303 2154 latas
317 2099 478 2174 interrogat,
491 2107 587 2156 utrum
601 2097 687 2154 veluti
700 2097 848 2156 inimicum
863 2115 928 2155 eum
941 2097 1070 2165 habeant,
1085 2116 1119 2154 eo
1133 2095 1210 2170 quod
1222 2115 1322 2156 verum

235 2194 340 2253 tradat:
363 2197 476 2272 “Ergo
498 2197 630 2256 inimicus
643 2195 724 2253 vobis
737 2195 826 2252 factus
849 2215 923 2264 sum,
937 2213 1035 2254 verum
1059 2195 1155 2254 dicens
1178 2196 1260 2254 vobis
1273 2189 1323 2252 l”⁵

235 2293 387 2351 Terentius
410 2294 496 2352 dicit:
520 2294 731 2366 “Obsequium
744 2294 861 2361 amicos,
875 2296 977 2351 veritas
999 2294 1096 2352 odium
1117 2293 1223 2371 parit.”
1264 2295 1325 2352 Au·

236 2394 364 2466 gostinus
377 2395 481 2452 etiam:
505 2402 523 2429 ‘⁶
536 2392 679 2451 Homines
693 2402 787 2450 amant
798 2393 944 2452 venetam
957 2392 1109 2461 lucentem,
1123 2391 1243 2452 oderunt
1256 2411 1320 2452 eam

235 2483 500 2566 redarguentem.”⁶

278 2591 326 2643 61.
348 2581 590 2666 Concupiscentia
611 2599 654 2646 est
673 2590 814 2667 appetitus
837 2589 1028 2649 delectationis
1047 2608 1085 2647 ex
1107 2591 1237 2648 sensibus
1251 2588 1326 2646 deri·

239 2683 347 2741 vandae.
388 2688 532 2746 Naturalis
545 2687 646 2744 dicitur
658 2689 712 2744 cibi
735 2696 820 2763 potus
840 2687 1016 2760 aliorumque
1035 2687 1071 2744 ad
1089 2689 1175 2744 vitam
1195 2703 1327 2744 necessa·

240 2781 346 2840 riorum
370 2781 548 2851 desiderium,
563 2785 640 2858 quod
660 2786 733 2841 intra
755 2783 894 2856 quosdam
916 2785 1020 2842 limites
1044 2783 1181 2851 consistit,
1194 2783 1326 2855 quamvis

237 2891 398 2939 recurrente
412 2883 511 2940 eadem
523 2883 692 2940 necessitate
706 2881 877 2941 desiderium
891 2901 1005 2956 quoque
1019 2891 1147 2958 exurgat.
1189 2881 1326 2941 “Omnis

238 2981 285 3051 qui
298 2981 368 3037 bibit
381 2999 417 3038 ex
430 2981 483 3039 bac
505 3001 587 3054 aqua,
602 2982 678 3038 sitiet
699 2980 800 3039 iterum
812 2973 859 3049 ;”⁷
878 2982 946 3040 dicit
960 2981 1102 3049 Christus,
1119 2981 1326 3039 Samaritanam

236 3078 384 3136 mulierem
398 3079 542 3152 alloquens
556 3079 591 3135 de
614 3081 691 3154 putei
714 3099 795 3152 aqua.
838 3080 948 3153 Nequit
968 3079 1082 3152 quidem
1104 3080 1185 3137 bonis
1209 3080 1327 3138 terrenis

236 3174 391 3235 humanum
417 3179 524 3254 expleri
560 3176 739 3246 desiderium,
773 3177 849 3250 quod
871 3179 1011 3236 infinitum
1037 3177 1246 3250 quodammodo
1272 3185 1325 3233 est.

238 3271 317 3332 Hinc
328 3276 376 3347 qui
389 3274 549 3334 divitiarum
562 3274 816 3346 coacervandarurn
826 3276 919 3334 studio
928 3276 1055 3352 flagrant,
1066 3277 1187 3351 majores
1197 3274 1328 3334 cumulos

239 3373 293 3429 sibi
306 3373 336 3429 in
349 3371 410 3430 dies
424 3383 561 3446 quaenmt.

279 3474 328 3526 62.
348 3470 505 3529 Delectatio
520 3471 621 3529 dicitur
630 3481 723 3529 motus
733 3472 819 3528 animi
833 3489 869 3528 ex
879 3471 1028 3546 praesentia
1036 3471 1078 3525 rei
1087 3469 1206 3524 dilectae.
1249 3467 1328 3524 Gau-

241 3566 320 3624 dium
332 3577 376 3624 est
387 3568 533 3628 delectatio
546 3569 702 3627 secundum
715 3570 862 3635 rationem,
877 3586 914 3625 ex
928 3567 1011 3624 rebus
1025 3565 1132 3622 scilicet
1154 3582 1217 3639 quae
1237 3565 1328 3623 menti

241 3666 381 3742 praecipue
400 3668 600 3726 obversantur:
621 3667 793 3725 delectamur
814 3667 884 3724 cibis
907 3666 1043 3743 gustatis3
1065 3664 1219 3742 gaudemus
1242 3664 1327 3723 amici

240 3765 390 3822 consortio.
433 3766 638 3824 Vehementior
650 3767 816 3842 plerumque
829 3765 979 3824 delectatio
991 3785 1028 3823 ex
1048 3766 1177 3822 sensibus
1190 3764 1328 3827 hauritur,

239 3861 289 3918 sed
302 3863 452 3938 perfectior
473 3865 636 3922 intellectu:
658 3864 777 3922 “multo
799 3863 875 3922 enim
897 3865 987 3940 magis
1010 3861 1161 3920 delectatur
1182 3860 1270 3916 homo
1293 3857 1331 3912 de

239 3958 303 4028 hoc,
317 3961 394 4033 quod
407 3941 555 4040 cognoscit
567 3962 672 4037 aliquid
694 3962 887 4040 intelligendo,
903 3980 988 4035 quarn
1001 3959 1037 4017 de
1049 3959 1105 4015 hoc
1118 3955 1195 4031 quod
1207 3971 1331 4032 cognos-

275 4126 315 4190 (l)
333 4126 406 4178 Joen.
418 4127 443 4177 ii.
456 4128 495 4178 17.
800 4131 842 4195 (2)
862 4125 1045 4188 111.Reg.1ix.
1059 4129 1099 4178 10.

806 4215 829 4272 (t

274 4210 314 4274 (3)
332 4210 397 4274 EPh·
409 4228 433 4260 V·
446 4215 487 4261 29·
834 4216 845 4280 )
865 4213 927 4263 Luc.
939 4213 986 4264 xiv.
998 4214 1038 4261 26.
1073 4211 1137 4260 Vide
1146 4209 1208 4258 Mat
1219 4221 1243 4254 x.
1255 4208 1298 4254 37.

274 4295 316 4361 (5)
336 4295 391 4344 Gal·
403 4295 436 4345 il·
451 4294 489 4344 ¹6·
805 4299 846 4365 (6)
867 4298 896 4348 L.
908 4315 932 4348 x.
946 4296 1058 4346 consess.
1067 4311 1089 4345 c.
1099 4294 1171 4344 xxiii.

342 4396 343 4400 ’
678 4383 720 4449 (7)
740 4381 852 4433 duania.
863 4385 901 4431 13.
