3046 5262
314 490 371 550 DE
393 488 591 550 ΡΕΟΟΑΤΟ
613 489 803 550 MORTALI
823 489 882 548 ET
902 489 1088 552 VENIALl.
1188 497 1247 554 295

152 670 206 718 tur.
250 659 421 718 Sanctorum
443 665 554 735 patrum
573 657 742 717 documenta
754 667 783 716 et
794 655 990 733 theologorum
1003 662 1150 720 aenmndae
1166 681 1246 723 suam

153 758 331 818 habeutvim
344 759 374 816 in
387 757 511 832 peccatis
531 755 710 816 definiendis.
752 755 898 814 Oaetemm
920 756 1058 831 quidquid
1078 770 1156 819 certo
1168 781 1250 840 argu·

154 866 251 915 mento
264 875 324 916 non
346 856 553 914 demonstratur
569 874 664 932 grave
685 873 743 914 non
762 855 846 912 debet
863 853 946 914 facile
965 869 1114 933 peccatum
1133 862 1250 920 mortale

156 955 315 1032 predicari,-
329 973 365 1013 ne
380 955 481 1012 anima
492 954 602 1026 laqueis
615 954 790 1021 irretiantrr;
810 952 860 1011 sed
881 955 1021 1014 tutissime
1043 957 1197 1020 suademus
1218 971 1250 1018 ut

156 1073 191 1112 ea
204 1055 302 1114 omnia
315 1053 415 1114 sedulo
427 1053 576 1120 evitentur,
590 1071 655 1126 que
662 1053 798 1134 gravioris
811 1055 921 1129 peccati
931 1053 1085 1115 discrimen
1097 1058 1144 1115 val
1156 1060 1250 1136 suspi-

158 1154 271 1211 cionem
284 1153 425 1230 injiciunt.

197 1256 247 1310 32.
269 1251 338 1328 lpse
350 1259 467 1327 peccata
478 1251 600 1308 venialia
612 1252 739 1310 animum
761 1251 896 1329 paullatim
909 1252 945 1310 sd
967 1255 1095 1313 mortalia
1116 1256 1252 1332 patranda

159 1349 326 1428 disponunt,
339 1350 365 1408 si
379 1350 405 1408 ei
418 1349 483 1422 quis
495 1349 584 1410 libere
604 1349 758 1427 indulgeat,
783 1349 854 1408 adeo
873 1360 905 1408 ut
924 1354 1084 1428 saepissime
1104 1355 1255 1431 impleatur

160 1447 234 1516 illud
247 1448 445 1508 Ecclesiastici
457 1447 582 1508 dictim:
599 1457 619 1484 “
631 1450 681 1521 qui
693 1449 804 1525 spernit
816 1447 937 1516 modica,
948 1451 1084 1526 paulatim
1097 1449 1255 1512 decidet.''²

158 1546 307 1620 Equidem
319 1549 469 1614 imminuta
480 1546 614 1605 charitate
623 1547 761 1625 cupiditas
774 1564 860 1624 prava
872 1548 947 1605 vires
961 1549 1089 1624 acquirit,
1100 1553 1255 1628 prasertim

160 1649 192 1707 in
204 1647 243 1704 iis
255 1665 319 1719 que
332 1645 567 1707 consuetudinem
580 1658 609 1702 et
620 1647 825 1722 proclivitatem
839 1646 973 1706 inserunt.
1016 1648 1096 1708 Hinc
1108 1649 1257 1710 mendacia

156 1746 219 1824 joci
231 1745 277 1802 vel
290 1745 379 1804 officii
391 1763 477 1806 causa
489 1744 596 1820 prolata
609 1745 644 1804 ad
663 1747 791 1822 graviora
804 1745 913 1804 sensim
926 1749 988 1804 sine
1008 1765 1094 1806 sensu
1107 1749 1257 1808 homiuem

161 1845 336 1922 disponunt:
358 1841 502 1904 iracundia
521 1842 598 1902 haud
618 1862 748 1920 repressa
760 1852 857 1902 movet
877 1845 1004 1903 animum
1026 1845 1062 1904 ad
1081 1847 1254 1906 vindictam:

162 1953 247 2020 potus
261 1962 398 2002 excessus
420 1943 487 2002 licet
506 1961 610 2019 parvus
630 1942 665 2000 ad
685 1942 846 2001 ebrietatem
859 1940 945 2001 ducit.
988 1942 1133 2004 Caeterum
1146 1947 1256 2005 nudum

163 2051 313 2120 peccatum
326 2044 356 2104 in
370 2061 401 2102 se
413 2042 478 2101 leve
491 2042 523 2099 fit
535 2060 619 2118 grave
632 2059 670 2102 cx
683 2060 761 2099 mera
770 2041 928 2113 frequentia
940 2051 1072 2102 murum:
1094 2044 1171 2117 quod
1181 2045 1259 2106 euim

164 2141 240 2199 levia
252 2141 324 2200 furta
343 2140 495 2214 aliquando
507 2158 622 2217 gravem
641 2139 806 2197 restituendi
815 2140 1016 2217 obligationem
1036 2143 1258 2212 inducantcou·

163 2240 257 2317 tingit,
272 2259 306 2299 co
320 2239 398 2313 quod
407 2239 518 2317 justitia
536 2247 611 2296 vetet
622 2257 684 2296 rem
701 2239 822 2296 alienam
844 2239 969 2308 retineri,
984 2250 1013 2299 et
1032 2243 1136 2318 saepius
1150 2243 1259 2301 furatae

165 2338 280 2398 tandem
292 2358 425 2416 maguam
439 2357 533 2397 rerum
547 2339 670 2415 copiam,
679 2336 725 2396 vel
737 2338 883 2396 materiam
892 2357 978 2412 quam
991 2350 1093 2398 vocant
1105 2343 1259 2402 notabilem

165 2439 315 2497 abstulisse
329 2439 521 2497 conducatur.

205 2541 256 2595 33.
278 2538 432 2595 Peccatum
445 2536 555 2594 macula
567 2535 689 2609 quadam
703 2537 792 2594 inficit
804 2536 937 2605 animam,
952 2555 1072 2611 eamque
1085 2559 1176 2616 poenae
1189 2540 1257 2598 facit

166 2637 331 2694 obnoxiam.
373 2633 499 2694 Macula
511 2635 678 2712 intelligitur
690 2635 788 2692 nitoris
802 2652 859 2705 quo
874 2635 969 2692 anima
987 2646 1084 2694 sancta
1097 2637 1185 2713 fulget
1204 2639 1260 2714 pri-

165 2736 255 2802 vatio,
270 2734 341 2791 adeo
353 2744 385 2790 ut
392 2735 453 2810 jam
465 2753 523 2792 uon
536 2735 573 2790 sit
585 2751 682 2792 coram
689 2731 920 2807 Deopulchraet
929 2732 1058 2792 amanda.
1099 2734 1149 2792 Ex
1163 2735 1260 2811 Scrip

166 2834 238 2891 turis
251 2833 371 2890 mutuati
383 2843 449 2890 sunt
460 2833 585 2910 theologi
598 2831 763 2908 imaginem,
777 2848 833 2903 qua
846 2831 1003 2907 peccatoris
1022 2829 1156 2900 conditio,
1170 2832 1262 2893 donec

168 2932 337 3010 penitentia
350 2932 449 2990 eluerit
461 2931 584 2999 sordem,
594 2923 657 3007 apte
671 2929 848 2988 describitur.
891 2938 911 2966 “
921 2930 1079 3008 Amparum
1090 2933 1170 2991 vobis
1184 2931 1261 3000 est,’‘

170 3031 263 3104 inquit
274 3031 376 3099 focae,
391 3039 410 3066 ‘⁶
420 3030 497 3104 quod
509 3030 647 3106 peccastis
661 3029 690 3088 iu
704 3029 894 3107 Beelphegor,
904 3038 933 3088 et
944 3048 1035 3103 usque
1048 3031 1078 3089 iu
1091 3043 1262 3109 praesentem

169 3130 246 3188 diem
269 3131 380 3189 macula
402 3129 488 3207 hujus
508 3129 623 3188 sceleris
644 3130 674 3188 in
694 3129 773 3188 vobis
794 3126 998 3204 permanetf”²
1039 3132 1126 3198 “Qui
1138 3132 1262 3210 ingredi·

169 3239 225 3297 tur,
240 3231 303 3288 sine
322 3223 471 3287 macula'’³
491 3230 521 3287 in
540 3237 637 3286 monte
656 3237 753 3286 sancto
773 3226 916 3284 habitabit.
959 3235 978 3263 ‘⁶
988 3225 1093 3288 Beatus
1112 3228 1192 3288 dives
1214 3233 1265 3304 qui

169 3329 301 3387 inventus
315 3330 434 3388 estsine
448 3320 606 3385 macula.'’⁴
647 3334 667 3362 ‘⁴
679 3327 712 3384 Si
724 3325 827 3384 laveris
842 3333 869 3382 te
882 3325 968 3393 nitro,
988 3334 1017 3381 et
1030 3325 1265 3403 multiplicaveris

170 3427 220 3485 tibi
234 3428 351 3486 herbam
365 3425 469 3494 borith,
490 3426 630 3484 maculata
651 3445 683 3484 es
706 3427 736 3485 in
758 3424 906 3497 iniquitate
928 3432 976 3480 tua
997 3441 1092 3481 coram
1115 3443 1173 3493 me,
1200 3426 1268 3485 dicit

55 3546 60 3556 ·
170 3519 366 3586 Dominue.''⁵
406 3525 591 3599 “lnquiuatae
617 3533 683 3586 sunt
707 3542 806 3582 eorum
825 3530 855 3580 et
879 3539 961 3580 mene
987 3531 1017 3579 et
1041 3517 1268 3582 couscientia.'’⁶

172 3625 302 3684 Mortem
316 3626 497 3698 animaeque
519 3633 635 3700 peccato
654 3623 792 3699 contingit
804 3620 939 3680 describit
958 3621 990 3679 S.
1013 3621 1115 3680 Petrus
1135 3622 1269 3700 Chryso·

172 3727 267 3800 rogus,
294 3725 444 3783 collatione
469 3723 627 3781 saetacum
650 3731 739 3783 morte
762 3741 819 3796 qua
838 3719 933 3778 anima
958 3739 1106 3798 acorpore
1127 3721 1267 3789 discedit;

175 3822 368 3882 “Recedcnte
382 3824 485 3890 amma,
499 3839 568 3880 mox
582 3822 693 3898 corpori
713 3820 805 3889 secr,
825 3821 979 3897 corruptio,
1000 3821 1130 3898 putredo,
1152 3822 1266 3888 venais,

174 3922 247 3981 cinis
262 3964 271 3989 ‚
285 3921 395 3990 horror,
409 3932 439 3980 et
451 3922 547 3980 omnia
566 3921 629 3978 visu
649 3919 812 3978 detestanda
825 3917 995 3976 succedunt:
1017 3917 1180 3977 discedente
1193 3917 1268 3988 Deo,

174 4022 329 4080 confestim
342 4022 462 4079 venitin
482 4020 607 4079 animam
627 4028 809 4096 peccatorum
829 4018 922 4084 foetor,
942 4017 1085 4093 corruptio
1105 4018 1267 4088 criminum,

173 4121 310 4180 vitiorum
330 4119 459 4196 putredo,
480 4118 661 4178 conscientie
681 4119 798 4185 vermis,
819 4115 972 4174 vanitatum
992 4116 1075 4185 cinis,
1096 4117 1270 4178 infidelitatis

285 4288 296 4351 (
313 4289 325 4352 )
344 4286 413 4336 Eccl.
425 4286 478 4336 xix.
492 4290 514 4336 1.
815 4286 855 4350 (2)
874 4283 951 4333 Josue
962 4282 1022 4334 xxii.
1035 4286 1074 4334 17.

280 4373 321 4438 (3)
341 4372 424 4422 Psalm
433 4371 483 4420 xiv.
492 4371 514 4420 ἓ.
1009 4370 1014 4380 '

283 4456 326 4522 (5)
345 4455 395 4505 Jer.
406 4455 432 4505 ii.
444 4458 485 4504 22.
