3068 5256
444 486 500 546 DE
523 485 696 546 octavo
718 484 970 548 PRAEOEPTO.
1210 491 1263 546 141

164 649 289 709 feruntur
314 651 468 710 scilicetse
483 651 639 710 excusandi
661 671 756 721 eausa,
771 653 817 711 vel
839 654 966 712 utilitatis
989 671 1047 710 suu
1071 662 1119 710 ant
1143 652 1263 718 alienon

163 758 193 806 et
205 749 333 808 dicuntur
346 750 453 810 idcirco
466 751 613 810 officiosa:
634 751 670 810 de
691 754 794 825 quibus
814 752 884 812 olim
904 751 1098 829 disceptatum
1112 760 1156 810 est
1168 761 1265 810 utrum

164 847 313 920 aliquando
325 851 437 908 liceant.
480 851 609 908 Fuerunt
621 859 749 927 tempore
763 852 919 930 Augustini
932 852 982 925 qui
996 850 1177 918 affirmarent,
1193 868 1264 926 pne·

165 949 260 1004 sertim
287 951 312 1006 si
339 949 485 1026 Religioni
511 949 615 1008 utilitas
641 949 707 1008 inde
727 953 905 1027 proveniret:
934 959 1104 1026 quapropter
1130 949 1263 1026 putabant

163 1045 246 1103 licere
261 1066 293 1104 se
307 1049 414 1126 fingere
424 1068 440 1106 e
451 1059 527 1108 secta
536 1050 825 1120 Priscillianistarum,
837 1070 895 1122 quo
908 1050 1019 1108 facilius
1030 1059 1148 1125 possent
1162 1067 1263 1106 arcana

163 1162 224 1216 quae
238 1146 393 1223 pejerando
407 1149 437 1206 hi
450 1151 600 1208 servabunt
612 1147 756 1226 detegere.
798 1151 833 1208 In
853 1148 994 1209 mendacii
1010 1157 1144 1225 patronos
1159 1165 1263 1224 magna

163 1262 228 1301 cum
241 1247 270 1302 vi
292 1248 446 1306 insurrexit
468 1249 655 1326 Augustinus,
669 1249 849 1322 ostenditque
872 1249 949 1308 nullo
970 1265 1098 1321 unquatn
1122 1249 1153 1305 in
1166 1265 1260 1304 rerum

139 1350 271 1435 ‘eventu'
292 1346 471 1406 mendacium
491 1367 555 1406 esse
576 1348 660 1423 culpa
687 1350 833 1407 immune:
855 1366 941 1421 quem
964 1356 1021 1406 tota
1044 1345 1264 1406 catholicorum

165 1435 311 1502 doctorum
327 1448 404 1504 natio
417 1445 552 1525 deinceps
566 1445 665 1506 secuta
677 1458 730 1506 est.

205 1545 272 1601 174.
295 1544 423 1614 Grotius,
445 1547 516 1605 adeo
536 1548 655 1606 celebris
675 1549 750 1606 inter
768 1549 919 1624 scriptores
940 1546 1174 1610 Protestanticos,
1197 1563 1264 1602 cen·

164 1641 314 1700 suitlieere
328 1643 429 1702 falsum
442 1646 577 1722 proferre,
593 1655 612 1682 “
624 1649 737 1718 quoties
749 1665 843 1706 sermo
856 1645 892 1704 ad
905 1665 971 1705 euru
985 1647 1127 1722 dirigitur,
1143 1644 1192 1718 qni
1201 1661 1260 1702 uon

164 1737 312 1816 decipitur,
324 1744 433 1801 etiarnsi
446 1746 542 1802 tertius
556 1746 621 1805 inde
635 1746 735 1806 falsam
749 1747 859 1804 hauriat
869 1743 1118 1821 persuasionem‚”
1132 1755 1162 1802 et
1174 1761 1258 1819 nega·

163 1840 201 1896 vit
216 1848 234 1874 “
242 1841 524 1908 mendacinmstricte
533 1844 651 1912 dictum,
662 1845 692 1903 id
701 1854 744 1908 est
753 1843 945 1919 injuriosum'’
956 1843 1106 1910 committi,
1120 1851 1139 1878 ‘⁶
1149 1843 1261 1915 quoties

163 1947 270 1998 certum
283 1952 327 1999 est
338 1962 406 2001 eum
420 1943 456 2000 ad
469 1962 555 2016 quem
568 1963 662 2002 sermo
676 1953 728 2013 est,
743 1943 877 2002 libertatis
889 1961 947 1999 suae
958 1940 1153 2018 injudicando
1165 1940 1258 1998 loesio-

164 2055 230 2096 nem
245 2057 301 2098 non
323 2061 395 2119 aegre
417 2042 548 2111 laturum,
563 2045 622 2103 imo
642 2045 744 2121 gratias
765 2043 927 2100 habiturum
941 2060 977 2100 eo
990 2042 1118 2108 nomine,
1134 2041 1170 2098 ob
1184 2057 1262 2098 com·

166 2138 283 2198 modum
305 2142 428 2215 aliquod,
453 2141 531 2215 quod
553 2143 619 2202 inde
640 2141 833 2218 assequitur.”
875 2143 1009 2200 Excusat
1030 2141 1116 2200 etiam
1138 2159 1155 2198 a
1177 2139 1263 2216 culpa

165 2237 313 2308 mendacii,
330 2243 471 2314 “quoties
485 2244 535 2315 qui
548 2243 632 2302 habet
640 2245 690 2320 jus
704 2241 921 2320 supereminens
935 2243 966 2301 iu
979 2241 1077 2300 omnia
1092 2242 1158 2317 jura
1171 2240 1261 2297 alteri·

166 2355 209 2404 us,
223 2357 256 2397 eo
266 2341 331 2416 jure
343 2343 420 2400 bono
435 2343 537 2418 ipsius,
551 2345 612 2402 sive
625 2346 751 2421 proprio,
762 2344 823 2400 sive
838 2344 953 2418 publico
966 2339 1083 2400 utitur.'’
1126 2339 1260 2412 Denique

166 2441 304 2508 “quoties
316 2441 374 2498 vita
396 2442 569 2512 innocentis,
591 2451 639 2500 aut
657 2463 708 2520 par
730 2441 838 2516 aliquid
860 2443 940 2501 aliter
960 2441 1076 2508 servari,
1091 2449 1120 2498 et
1142 2439 1212 2498 alter
1228 2439 1262 2496 ab

165 2535 284 2614 improbi
297 2540 429 2598 facinoris
443 2542 616 2620 perfectione
631 2543 710 2601 aliter
722 2544 810 2602 averti
830 2561 889 2601 uon
909 2551 1002 2620 potest
1012 2540 1043 2608 ;”
1064 2539 1262 2612 falsiloquium

166 2637 250 2713 eulpa
269 2658 368 2697 vacare
390 2635 559 2701 coutendit.²
599 2641 743 2702 Henricus
764 2643 800 2700 B.
815 2641 851 2698 L.
865 2642 911 2699 De
926 2640 1056 2705 Cocceii,
1073 2639 1169 2696 Grotii
1188 2655 1261 2712 opus

164 2734 322 2805 illustrans,
340 2737 427 2797 dicit:
450 2750 469 2776 ‘⁸
481 2742 543 2800 Nos
557 2741 737 2800 mendacium
750 2761 802 2818 per
815 2759 848 2798 se
862 2759 920 2800 non
940 2757 1004 2795 esse
1019 2735 1154 2794 delictum
1168 2735 1265 2792 statui·

164 2854 241 2903 mus,
257 2835 308 2893 sed
327 2856 388 2896 rem
409 2839 624 2910 indifferentem,
639 2859 702 2914 quae
726 2837 877 2913 aliquando
899 2839 984 2904 bona,
1000 2835 1069 2908 quin
1089 2834 1260 2901 necessaria,

161 2934 312 3008 aliquando
326 2938 400 2996 mala
411 2959 474 2998 esse
487 2933 630 3017 potest”²
670 2939 842 3001 Puffendorf
848 2940 945 2997 statuit
956 2937 1042 2996 licere
1055 2954 1144 2994 sensa
1157 2943 1254 2992 nostra

163 3032 324 3109 falsiloquio
337 3038 414 3111 quod
427 3039 506 3098 alteri
519 3059 577 3099 nou
590 3050 693 3099 noceat
705 3041 807 3109 celare,
829 3041 940 3113 quoties
955 3038 1025 3096 alter
1043 3037 1092 3114 jus
1105 3054 1165 3094 nou
1179 3034 1264 3092 habet

163 3151 197 3190 ea
210 3129 372 3194 noscendi.³
410 3139 430 3197 J
431 3141 551 3199 eremias
566 3140 677 3217 Taylor
690 3139 773 3198 docet
784 3141 869 3198 licere
882 3139 996 3197 mentiri
1016 3156 1054 3195 ex
1068 3153 1211 3196 consensu
1225 3152 1260 3191 eo

164 3233 271 3293 scilicet
283 3235 361 3309 quod
373 3241 469 3297 statuit
489 3239 607 3298 Grotius
621 3249 714 3317 pacto,
735 3259 792 3312 quo
806 3241 874 3298 alter
887 3237 991 3296 fraudis
1011 3255 1069 3295 non
1083 3236 1216 3293 conscius
1230 3234 1261 3290 iu

165 3350 287 3393 errorem
314 3331 471 3407 inducatur,
499 3338 653 3398 dummodo
673 3340 709 3398 ob
734 3340 885 3398 innoxium
904 3338 991 3395 finem
1017 3335 1063 3392 vel
1084 3335 1173 3411 pium,
1194 3332 1259 3388 fiat:

162 3431 219 3489 imo
232 3445 361 3511 oportere
375 3439 499 3506 mentiri,
513 3440 539 3496 si
552 3457 625 3517 opus
639 3439 676 3497 sit
695 3438 730 3496 ad
744 3439 859 3497 alterius
873 3438 960 3494 vitam
975 3432 1153 3497 servandam,
1168 3430 1213 3487 vel
1227 3429 1262 3485 ad

199 3620 242 3684 (l)
262 3621 359 3675 Grotius
369 3625 463 3691 dejure
475 3625 539 3677 Belli
550 3643 579 3676 ac
590 3628 665 3692 pacis,
678 3629 693 3677 l.
705 3627 739 3676 iii.
751 3643 772 3676 c.
785 3627 802 3675 i·
815 3629 829 3685 ς
844 3625 878 3675 ix.
891 3629 915 3673 et
927 3639 983 3687 seq.

199 3701 241 3769 (2)
261 3707 359 3759 Dissert.
372 3709 477 3760 Prooem.
489 3711 531 3760 xii.
543 3712 559 3761 1.
568 3727 591 3759 v.
602 3727 624 3760 c.
635 3726 658 3760 v.
672 3715 685 3770 §
698 3712 715 3761 i.
727 3711 779 3761 xiii.
790 3727 818 3776 p.
830 3708 888 3759 531.

198 3789 242 3855 (3)
261 3793 345 3843 “Dirc
364 3809 415 3844 oue
426 3793 547 3862 saussete,
561 3794 651 3848 e'ests'
669 3797 789 3862 exprimet
806 3795 901 3846 detelle
919 3791 1034 3851 muniere,
1052 3807 1105 3856 que
1123 3790 1267 3852 ceuxsqui

158 3872 209 3925 l’on
219 3877 285 3940 parle
296 3880 430 3930 entendeut
442 3888 509 3931 autre
520 3882 594 3932 chose
611 3898 659 3946 qne
676 3898 704 3932 ce
721 3881 797 3946 qu'on
815 3898 830 3932 a
852 3882 914 3932 daus
933 3878 1034 3944 l’esprit.
1068 3877 1103 3925 Or
1120 3873 1171 3923 s’ils
1183 3873 1209 3922 n'
1222 3881 1267 3922 ont

159 3975 242 4010 aucun
260 3961 323 4023 droit
340 3964 370 4014 de
387 3967 514 4016 conueitre
531 3983 578 4017 nos
589 3968 704 4032 penaeas,
721 3974 746 4016 et
762 3965 838 4036 qu'eu
858 3967 893 4016 les
910 3966 965 4014 leur
981 3961 1092 4018 cachant,
1109 3975 1143 4008 cu
1159 3959 1196 4007 les
1213 3958 1267 4006 leur

159 4045 299 4108 deguisant,
312 4064 345 4099 on
356 4066 389 4100 ue
400 4051 463 4100 fasse
481 4059 527 4102 tort
544 4051 560 4101 a
577 4069 700 4117 personne
714 4069 721 4112 3
736 4054 762 4118 je
779 4069 811 4102 ne
828 4051 881 4100 vois
897 4065 941 4114 pas
957 4045 1086 4113 pourquoi,
1099 4045 1148 4094 lors
1160 4041 1265 4108 qu’ony
1282 4101 1285 4107 Ι
1314 4069 1316 4073 -

158 4136 245 4181 trouve
263 4148 309 4182 son
328 4142 456 4198 uvantage,
468 4152 500 4186 on
512 4137 604 4187 demit
616 4139 693 4202 parler
708 4137 738 4186 de
750 4139 774 4187 la
785 4134 896 4186 ntanidre
905 4129 978 4196 qu'ils
989 4132 1012 4180 le
1026 4129 1172 4187 souhaitent,
1183 4127 1266 4194 plntdt

160 4231 207 4280 que
219 4231 316 4267 comme
328 4233 361 4268 cn
372 4220 395 4268 le
403 4221 463 4284 juge
474 4219 490 4269 ὲ
501 4238 591 4288 propos
602 4219 758 4272 soi-meme.”
793 4221 829 4270 Le
838 4217 911 4269 Droit
919 4215 949 4268 dc
958 4213 984 4268 lu
994 4215 1094 4266 Nature
1102 4211 1175 4266 eides
1190 4213 1268 4271 Gens,

155 4301 256 4353 trcduit
266 4301 301 4353 du
312 4303 391 4355 Latin
398 4321 451 4372 pur
463 4307 614 4376 Burdeyrcc,
622 4309 637 4358 l.
649 4307 681 4358 ir.
693 4323 714 4358 c.
727 4308 742 4358 i.
756 4311 769 4367 ς
783 4306 833 4356 viii.
843 4321 867 4371 p.
878 4303 938 4354 437.
