3078 5258
612 1225 754 1285 CAPUT
777 1227 831 1286 VI.

500 1459 548 1500 DE
578 1459 942 1500 nlsrnnsartottn.

145 1701 149 1706 ,
218 1637 492 1696 47.D1srnrtsar10
514 1637 616 1697 dicitur
641 1638 778 1699 relaxatio
799 1637 872 1716 legis
896 1638 1022 1716 legitima
1047 1642 1209 1700 auctoritate
1234 1641 1269 1702 ad

179 1745 296 1814 ternpus
309 1737 381 1795 sacta
392 1737 421 1796 in
434 1737 529 1810 aliquo
543 1755 609 1796 casu
624 1739 654 1796 in
667 1756 725 1810 quo
738 1739 786 1796 lex
800 1739 927 1811 alioquin
939 1739 1086 1815 obligaret.
1129 1739 1271 1818 Legitima

179 1835 297 1908 quidem
312 1837 458 1894 auctoritas
471 1831 633 1911 requiritur,
647 1857 698 1914 par
711 1839 739 1896 ei
752 1856 770 1894 a
782 1856 839 1909 qua
850 1836 899 1896 lex
911 1846 956 1896 est
967 1837 1103 1912 profecta,
1114 1841 1181 1911 quia
1195 1839 1270 1898 “lex

181 1936 343 2011 Superioris
363 1954 414 2012 per
433 1936 598 1996 inferiorem
611 1935 671 1994 tolli
683 1955 743 1996 non
755 1929 897 2013 potest.'’¹
937 1935 1016 1994 Eum
1029 1937 1079 2009 qui
1092 1937 1154 1996 tulit
1165 1938 1270 2014 legem,

181 2034 229 2092 vel
243 2034 327 2092 aliurn
340 2035 389 2110 qui
401 2035 522 2102 eandem
536 2037 582 2094 vel
595 2035 734 2113 potiorem
748 2037 834 2094 habet
845 2043 1024 2112 potestatam,
1038 2054 1125 2113 posse
1138 2037 1210 2115 legis
1223 2039 1272 2096 ob-

181 2133 345 2209 ligationem
359 2133 452 2206 aliquo
465 2135 496 2194 in
509 2155 577 2194 casu
591 2135 688 2193 tollere
707 2135 806 2208 liquet,
826 2153 892 2193 nam
914 2143 933 2170 ‘⁴
944 2153 990 2194 res
1009 2153 1062 2212 per
1080 2154 1151 2208 quas
1170 2155 1272 2198 causas

181 2233 313 2301 nasetur,
327 2251 379 2309 per
391 2233 506 2294 easdem
520 2233 692 2302 dissolvitur,
707 2235 764 2293 nisi
773 2232 850 2292 aliud
862 2225 1004 2292 obstet.”²
1029 2235 1168 2302 Quamvis
1178 2245 1272 2296 autem

183 2331 249 2390 ordo
257 2332 427 2409 publicaque
435 2335 542 2409 utilitas
555 2333 660 2409 exigat,
674 2342 705 2391 ut
716 2334 765 2394 lex
774 2334 808 2391 ab
817 2333 949 2392 omnibus
957 2333 1124 2409 plerumque
1134 2343 1271 2404 servetur,

184 2449 264 2488 casus
275 2431 474 2509 tarnenplures
483 2433 565 2492 facile
582 2443 731 2492 occurrunt
742 2435 773 2492 in
787 2433 889 2506 quibus
901 2432 1019 2506 equitas
1027 2435 1150 2511 postulat
1161 2454 1224 2498 cam
1238 2437 1273 2492 ab

183 2531 278 2602 aliquo
291 2533 393 2590 omitti.
436 2533 530 2591 silex
550 2534 580 2590 in
598 2541 774 2592 contractum
792 2533 945 2601 transierit,
967 2534 1065 2606 nequit
1083 2534 1227 2610 legislator
1244 2536 1274 2592 in

185 2648 219 2685 ea
232 2628 409 2705 dispensare,
423 2632 477 2690 nisi
491 2632 598 2709 praevio
611 2631 686 2690 illius
701 2633 783 2708 cujus
792 2632 910 2689 interest
922 2649 1073 2688 consensu.

226 2731 277 2784 48.
298 2728 335 2786 In
347 2731 493 2805 praceptis
506 2731 619 2798 divinis,
635 2730 720 2806 juxta
740 2720 957 2806 probabiliorem
980 2731 1159 2796 sententiam,
1177 2728 1273 2804 judice

185 2827 219 2884 S.
234 2826 386 2902 Alphonso
399 2822 593 2906 antigono?
612 2829 701 2888 homo
724 2827 828 2896 nullus,
842 2825 996 2900 nequidem
1015 2825 1151 2886 Pontifex
1170 2826 1276 2904 Supre-

183 2945 259 2995 mus,
274 2936 369 3002 potest
381 2922 555 3004 dispensare,
564 2947 618 2986 nec
631 2911 709 2986 enim
722 2936 833 2986 constat
844 2945 908 2986 eam
922 2935 1088 3004 potestatem
1103 2947 1118 2984 a
1132 2925 1197 2986 Deo
1210 2946 1276 2986 con·

184 3044 293 3084 cessam
308 3045 381 3084 esse.
402 3027 437 3087 In
450 3029 581 3088 omnibus
595 3027 735 3086 Ecclesia
748 3026 869 3102 legibus,
882 3027 943 3084 sive
957 3046 973 3084 a
986 3026 1166 3104 pontificibus
1176 3029 1276 3105 priori·

185 3124 247 3191 bus,
261 3126 321 3184 sive
335 3145 352 3182 a
364 3129 494 3188 conciliis
508 3128 592 3184 etiam
606 3127 790 3186 oecumenicis
803 3128 878 3194 latis,
895 3126 1025 3205 pontifex
1038 3127 1186 3186 Romanus
1203 3127 1278 3186 valet

185 3223 360 3300 dispensare,
375 3227 457 3286 sicuti
470 3235 625 3286 constater
639 3227 769 3284 omnium
782 3225 978 3302 theologorum
992 3223 1276 3293 consensu,'ettotius

187 3321 326 3381 Ecclesiae
341 3343 392 3400 per
405 3329 502 3386 omnia
515 3325 618 3384 saecula
638 3323 854 3384 consuetudine.
895 3324 959 3383 Imo
980 3323 1125 3402 dispensat
1147 3324 1277 3400 pontifex

187 3422 216 3478 in
230 3423 391 3497 apostolicis
405 3424 550 3492 institutis,
564 3443 627 3496 quae
642 3424 767 3484 divinam
780 3425 921 3501 originem
933 3421 1010 3480 haud
1022 3421 1219 3500 praeseserunt,
1227 3423 1278 3480 sed

188 3521 222 3577 ab
236 3520 392 3596 Apostolis‚
404 3535 548 3599 tamquam
563 3523 750 3582 eeclesiarum
763 3522 928 3586 rectoribus,
943 3529 1008 3578 sunt
1020 3520 1162 3598 profecta:
1184 3538 1220 3576 v:
1242 3540 1277 3596 g:

185 3620 217 3677 in
227 3620 341 3696 jejunio
354 3621 616 3700 Quadragesimali:
633 3643 692 3683 non
706 3631 800 3704 autem
813 3621 843 3678 in
856 3620 891 3678 iis
906 3637 969 3692 quae
982 3619 1114 3698 Apostoli
1127 3639 1143 3678 a
1162 3616 1280 3678 Christo

189 3717 281 3776 edocti
294 3721 518 3798 promulgarunt,
532 3723 607 3781 circa
620 3723 792 3782 oblationem
813 3719 958 3787 sacrificii,
974 3720 1021 3780 vel
1040 3730 1281 3780 sacramentorum

192 3817 385 3877 substantiam.

228 3921 277 3974 49.
298 3919 466 3997 Episcopus
479 3922 580 3994 nequit
591 3921 760 3997 plerumque
774 3919 940 3996 dispensare
953 3919 984 3975 in
995 3917 1106 3993 legibus
1117 3915 1289 3992 pontificiis,¹

192 4033 243 4082 seu
257 4019 442 4080 conciliorum
456 4021 709 4090 ocumanicorum,
720 4018 777 4078 nisi
787 4020 823 4078 iis
836 4019 866 4078 in
876 4034 971 4076 rerum
980 4014 1170 4092 adjunctis‚in
1180 4016 1282 4088 quibus
1386 4046 1388 4051 ·

191 4117 333 4190 pontificis
348 4136 504 4178 consensus
518 4138 555 4178 ex
568 4121 609 4178 rei
630 4129 738 4186 natura,
753 4117 799 4174 vel
821 4134 858 4175 ex
881 4113 1089 4173 consuetudine
1098 4115 1159 4192 jarn
1173 4114 1243 4174 indu
1260 4133 1277 4170 c

355 4335 394 4398 (t)
413 4335 491 4386 Clam.
503 4335 526 4386 2.
538 4333 644 4388 deelect.
678 4331 680 4338 '
874 4330 915 4398 (2)
935 4330 1116 4398 Inttcg.jurtr.

626 4423 668 4486 (3)
688 4420 746 4472 1..t.
759 4437 784 4472 n.
800 4421 854 4469 189.
928 4414 935 4427 '

278 4503 360 4563 Voc.
378 4504 490 4567 1.--17
803 4519 804 4524 ’
