3076 5260
260 463 319 520 388
433 458 490 519 DE
511 456 776 518 FORENSIBUS
796 401 1171 516 OBLIGA'PlONlBUS.

259 626 316 684 eim
325 625 412 703 jurati
424 623 556 682 homines
578 623 726 682 videantur
745 624 772 681 ei
790 623 874 698 juxta
892 622 982 698 leges,
996 619 1043 677 vel
1058 621 1143 696 juxta
1156 627 1220 676 aeta
1239 629 1269 676 et
1288 636 1354 694 pro·

260 723 332 790 bata,
352 722 427 781 baud
450 720 548 780 tulisse
568 723 746 789 sententiam,
773 722 819 779 vel
842 719 918 793 quod
941 737 1005 776 reus
1028 721 1096 776 novi
1118 717 1227 790 aliquid
1240 718 1351 793 alleget.

261 821 340 880 Eum
352 822 382 896 iu
394 811 481 880 fiue'm
494 820 567 878 solet
578 822 620 878 rei
631 819 781 878 advocatus
801 818 908 877 curiam
926 835 1007 876 orare
1021 836 1057 876 ne
1071 817 1211 875 sententia
1229 816 1353 894 prosera-

261 929 315 986 tur,
329 928 358 977 et
369 921 492 978 rationes
513 917 613 976 afferre
627 937 714 992 quare
733 917 779 975 vel
798 926 887 976 totum
903 917 1044 992 judicium
1065 915 1228 974 habendum
1242 916 1280 973 sit
1292 915 1352 971 irri-

262 1027 333 1085 tum,
353 1018 400 1076 vel
419 1018 449 1076 iu
469 1017 577 1075 irritum
596 1009 744 1076 mittatur.¹
784 1015 949 1091 Improbant
971 1015 1066 1090 plures
1089 1013 1216 1088 theologi
1238 1030 1354 1071 omnem

262 1115 482 1190 appellationem
495 1133 512 1170 a
519 1117 597 1192 justa
615 1115 762 1180 sententia,
777 1121 875 1190 utpote
890 1130 925 1169 eo
942 1111 1075 1169 directam
1095 1121 1127 1169 ut
1135 1112 1249 1188 justitia
1261 1110 1355 1168 eluda-

262 1221 315 1278 tur,
339 1221 367 1269 et
385 1212 506 1269 afferunt
526 1213 687 1269 testimonia
709 1212 790 1287 plura
810 1211 913 1283 quibus
934 1209 1138 1287 appellationes
1158 1209 1266 1282 iniquae
1281 1208 1357 1266 dam-

262 1319 363 1368 nantur
374 1305 399 1366 :²
418 1308 469 1366 sed
482 1328 552 1386 paee
566 1328 667 1368 eorum
686 1308 808 1369 dixerim
827 1328 907 1366 reum
927 1326 1012 1384 posse
1032 1309 1112 1368 omni
1125 1308 1254 1366 subsidio
1269 1305 1355 1364 admi-

263 1407 416 1482 niculoque
427 1408 501 1484 legis
512 1411 553 1467 uti
563 1427 621 1480 quo
631 1425 745 1484 poenam
760 1408 868 1475 evadat,
880 1406 958 1464 salva
967 1407 1093 1464 veritate.
1116 1407 1148 1464 Si
1162 1405 1231 1478 quid
1243 1407 1357 1464 latuerit

265 1506 327 1564 vitii
339 1507 369 1565 iu
385 1505 488 1584 judicii
500 1509 619 1574 ratione,
633 1507 730 1578 utique
750 1505 825 1564 valet
845 1504 914 1564 illud
933 1504 1071 1581 proferre,
1085 1523 1121 1563 ne
1134 1506 1278 1562 sententia
1291 1523 1357 1562 eon·

265 1614 399 1676 sequatur
411 1603 564 1663 effaetum:
586 1605 751 1662 sicutenim
765 1611 828 1662 ante
845 1604 986 1682 judicium
1005 1603 1102 1672 latum,
1118 1611 1211 1680 potest
1230 1603 1358 1679 legitima

266 1701 346 1759 omui
364 1704 473 1760 ratione
487 1720 519 1760 se
533 1703 606 1761 tueri
618 1721 654 1760 ne
668 1701 825 1770 damnatum
840 1703 878 1760 ita
890 1710 1000 1779 postea,
1012 1720 1048 1760 ne
1061 1701 1202 1759 damnatio
1215 1701 1301 1759 firma
1314 1702 1359 1767 sit,

266 1807 295 1855 et
304 1801 465 1858 executioni
478 1794 689 1860 demandetur.³
729 1799 874 1873 Equidem
886 1819 999 1876 poenam
1014 1801 1105 1876 alege
1119 1797 1222 1857 delicto
1236 1799 1357 1858 destina·

266 1905 323 1954 tam
336 1915 422 1957 nemo
439 1899 535 1957 subire
555 1899 731 1976 intelligitur,
752 1899 809 1956 nisi
828 1899 907 1956 omni
926 1898 1075 1957 deficiente
1095 1895 1228 1974 prasidio
1248 1915 1307 1970 quo
1326 1915 1358 1954 se

267 2003 394 2053 tueatur:
417 1998 541 2070 satisque
554 1998 587 2055 fit
599 1997 719 2073 publiea
733 1997 851 2073 justitiae
871 1998 896 2054 si
915 1996 1086 2070 quandoque
1105 1997 1256 2072 irrogetur,
1272 1997 1311 2053 ita
1329 2005 1359 2052 ut

266 2109 382 2170 semper
395 2094 517 2154 timenda
536 2097 582 2154 sit.
609 2094 719 2168 Inique
739 2103 832 2152 autem
853 2094 1056 2171 appellationes
1078 2113 1118 2152 eae
1140 2103 1206 2152 sunt
1219 2112 1285 2165 quae
1295 2095 1359 2170 jura

267 2191 360 2248 aliena
371 2190 486 2262 ledum,
500 2194 546 2251 vel
565 2193 694 2254 ordinem
713 2192 860 2270 publicum
879 2194 1052 2262 subvertunt,
1073 2211 1138 2251 oum
1158 2192 1319 2268 disciplinae
1332 2200 1359 2250 et

262 2286 380 2363 justitiae
394 2287 590 2351 detrimento.⁴

308 2387 376 2442 129.
397 2387 476 2445 Reus
491 2391 570 2465 juste
584 2391 685 2465 eapitis
698 2389 845 2448 damnatus
865 2398 975 2449 tenetur
988 2389 1024 2448 ad
1036 2389 1211 2448 subeundam
1231 2405 1357 2465 poenam,

267 2490 295 2538 et
306 2480 371 2541 ideo
385 2481 420 2540 ad
433 2501 481 2542 eas
501 2488 627 2545 actiones
648 2487 709 2544 sine
730 2487 836 2560 quibus
857 2487 975 2564 irrogari
987 2489 1037 2546 vix
1060 2495 1174 2565 potest:
1195 2485 1248 2544 sed
1260 2486 1359 2558 nequit

268 2580 374 2654 aliquid
388 2580 480 2642 faeere
494 2603 551 2658 quo
564 2585 651 2643 vitam
664 2585 719 2642 sibi
732 2585 794 2662 ipse
808 2583 897 2654 tollat,
909 2603 998 2658 quum
1007 2585 1037 2643 id
1050 2585 1169 2644 naturali
1181 2603 1213 2642 se
1223 2583 1358 2642 servandi

268 2679 414 2741 instinctui
427 2692 573 2760 repugnet.
615 2684 681 2740 Suae
695 2684 774 2742 neeis
796 2699 862 2740 reus
882 2683 967 2758 igitur
985 2683 1058 2741 soret
1071 2684 1120 2756 qui
1134 2701 1250 2742 omnem
1263 2683 1358 2740 eibum

270 2787 415 2836 recusaret
427 2797 462 2840 eo
476 2781 596 2840 oonsilio
616 2791 647 2840 ut
666 2791 788 2840 mortem
811 2788 982 2839 arcesseretz
1004 2781 1050 2838 vel
1069 2781 1119 2852 qui
1139 2799 1171 2838 se
1191 2781 1293 2848 cultro,
1316 2781 1360 2838 vel

269 2875 326 2934 telo
340 2876 405 2943 alio,
419 2878 449 2936 in
469 2896 581 2937 earcere
600 2879 750 2938 occideret.
793 2879 928 2938 “Nullus
948 2879 987 2936 ita
1006 2877 1245 2948 condemnatur,’'
1267 2879 1360 2951 inquit

269 2971 301 3028 S.
317 2971 457 3040 Thomas,
479 2983 499 3010 ⁴⁶
511 2975 588 3048 quod
600 2977 661 3050 ipse
675 2979 729 3035 sibi
741 2976 841 3036 inserat
854 2985 985 3045 mortem,
999 2976 1050 3034 sed
1064 2977 1140 3051 quod
1160 2980 1223 3054 ipse
1236 2987 1358 3034 mortem

269 3069 400 3146 patiatur.
442 3069 484 3128 Et
502 3070 566 3149 ideo
586 3089 645 3132 non
658 3081 768 3132 tenetur
780 3073 872 3131 faeere
885 3074 924 3142 id,
935 3075 1010 3134 unde
1024 3094 1101 3134 mors
1114 3084 1268 3150 sequatur:
1283 3073 1361 3148 quod

269 3174 314 3224 est
325 3183 441 3225 manere
455 3169 486 3228 in
497 3171 573 3240 loeo,
594 3169 669 3230 uude
690 3171 806 3230 dueatur
819 3172 855 3230 ad
874 3183 1006 3232 mortem.
1047 3175 1176 3232 Tenetur
1189 3183 1285 3233 tamen
1303 3192 1361 3232 non

267 3265 398 3323 resistere
419 3271 523 3344 agenti,
538 3271 606 3342 quin
619 3270 741 3345 patiatur
753 3265 829 3345 quod
847 3272 958 3348 justum
977 3282 1021 3331 est
1033 3291 1099 3331 eum
1112 3269 1219 3348 pati.”⁵
1260 3273 1357 3338 Quum

268 3382 383 3440 poenam
396 3369 496 3442 eapitis
515 3386 601 3427 nemo
614 3369 786 3444 intelligatur
798 3369 856 3444 pati
874 3364 1001 3439 libenter,
1022 3390 1080 3430 non
1093 3379 1193 3448 peceat
1205 3389 1271 3429 reus
1286 3371 1359 3450 fugi·

305 3599 343 3662 (1)
356 3599 435 3648 “The
446 3603 550 3664 praetioe
568 3602 597 3649 os
610 3601 699 3663 setting
710 3601 776 3651 asida
793 3602 895 3653 verdicts
906 3619 973 3668 upon
987 3605 1089 3665 motion,
1106 3605 1156 3654 aud
1172 3603 1288 3666 granting
1305 3619 1360 3654 new

268 3681 342 3740 trlals,
353 3681 398 3732 has
409 3683 553 3746 superseded
565 3683 606 3734 the
619 3700 662 3734 use
673 3685 765 3736 olboth
777 3694 838 3737 sorts
847 3687 876 3737 os
883 3687 1005 3738 attaiuts.”
1029 3687 1187 3746 Blaelrstone,
1199 3690 1215 3739 l.
1226 3689 1261 3738 iii.
1270 3705 1296 3738 n.
1303 3688 1360 3737 404.

304 3765 346 3832 (2)
360 3766 423 3816 Vide
434 3767 499 3831 apud
512 3767 627 3828 Antoine,
639 3769 719 3819 Tract„
730 3770 761 3819 de
772 3771 845 3834 oblig.
856 3788 878 3820 a.
889 3787 911 3819 v.
925 3775 939 3832 5
952 3773 984 3822 iv.
998 3787 1040 3836 qu·
1053 3773 1077 3824 ii.

305 3853 347 3916 (³)
366 3857 381 3882 ‘⁴
390 3849 532 3900 Wheuever
542 3851 574 3900 he
585 3867 686 3916 appears
698 3853 725 3902 in
738 3869 834 3918 person,
844 3872 911 3921 upon
929 3857 1007 3907 either
1018 3873 1033 3906 a
1050 3859 1137 3923 capital
1154 3873 1181 3908 or
1192 3857 1292 3908 inferior
1302 3874 1358 3908 eon-

266 3935 365 3995 vietion,
376 3935 476 3998 homey
488 3942 512 3984 at
526 3935 575 3984 thie
591 3936 681 4000 period,
699 3953 727 3986 as
737 3939 794 3988 well
811 3955 838 3988 ss
856 3947 880 3990 at
896 3941 935 3990 his
948 3940 1118 4003 arraignment,
1137 3942 1197 3991 offer
1213 3959 1262 4007 any
1274 3959 1360 4007 excep·

266 4018 332 4068 tione
343 4027 368 4068 to
378 4019 420 4068 the
432 4018 583 4080 iudictment,
594 4020 621 4070 in
633 4028 706 4070 emeat
715 4037 742 4070 or
753 4030 808 4088 stay
820 4025 1009 4090 osjudgmeutJ’
1030 4026 1186 4086 Blacletone,
1198 4028 1214 4076 l.
1221 4028 1253 4077 iv.
1265 4043 1292 4077 n.
1302 4030 1358 4080 376.

302 4102 339 4159 (4)
352 4101 390 4151 De
409 4103 552 4168 hujusmodi
569 4105 772 4169 appellationibus
789 4108 861 4172 plene
878 4109 1020 4174 loquiturS.
1038 4110 1156 4172 Thomas,
1174 4115 1197 4162 2.
1209 4116 1232 4160 2.
1245 4128 1287 4179 qu.
1305 4113 1361 4162 lxix.

266 4185 313 4230 art.
321 4180 356 4230 iii.

303 4263 347 4330 (5)
361 4265 385 4312 2.
394 4267 419 4312 2.
430 4280 472 4328 qu.
483 4267 542 4318 lxix.
551 4277 593 4319 ert.
606 4268 637 4319 iv.
650 4270 680 4322 ad
692 4272 835 4328 secundum.
