3078 5258
287 517 347 572 232
511 509 569 570 DE
590 505 874 570 REGULARIUM
895 508 1161 570 PRIVILEGIIS.

287 676 415 754 possint:
437 676 529 751 ipsam
543 684 638 732 autem
651 675 797 734 licentiam
811 676 897 750 gratis
911 675 1041 751 episcopi
1055 673 1221 734 concedant.
1265 678 1376 738 sivero

287 773 378 855 (quod
392 771 476 852 absit)
491 772 661 850 predicator
673 791 794 841 errores,
807 785 854 832 aut
867 773 999 832 scandala
1011 773 1238 832 disseminaverit
1247 776 1276 834 in
1287 796 1376 854 popu·

286 873 355 941 lum,
370 873 482 931 etiamsi
495 874 525 930 in
538 874 711 932 monasterio
725 874 781 940 sui,
796 873 842 930 vel
855 873 970 930 alterius
984 872 1092 932 ordinis
1111 873 1254 949 praedicet,
1269 879 1377 952 episco-

287 971 341 1049 pus
360 971 388 1030 ei
413 971 646 1048 praedicationem
665 971 821 1031 interdicat.
873 971 959 1038 Quod
982 973 1007 1030 si
1029 971 1153 1030 haereses
1174 973 1375 1048 praedicaverit,

287 1081 385 1130 contra
404 1073 469 1128 eum
490 1071 648 1129 secundum
664 1072 738 1148 juris
761 1069 988 1146 dispositionem,
1009 1079 1057 1128 aut
1074 1071 1131 1130 loci
1145 1073 1376 1134 consuetudinem

286 1169 429 1245 procedat,
443 1171 555 1228 etiamsi
569 1168 736 1247 praedicator
748 1171 811 1246 ipse
826 1171 960 1246 generali,
974 1169 1020 1228 vel
1034 1171 1151 1246 speciali
1164 1171 1316 1249 privilegio
1329 1193 1375 1232 ex-

287 1279 415 1344 emptum
429 1287 460 1326 se
474 1287 538 1327 esse
551 1268 755 1345 praetenderem
777 1288 835 1341 quo
850 1287 917 1327 casu
931 1269 1086 1345 episcopus
1106 1269 1274 1329 authoritate
1286 1274 1375 1348 Apos-

288 1367 383 1435 tolica‚
398 1377 426 1424 ct
438 1376 581 1440 tamquam
595 1367 679 1425 Sedis
693 1368 868 1444 apostolice
879 1368 1025 1444 delegatus
1039 1366 1222 1444 procedat.”1
1243 1373 1375 1430 “Nullus

288 1477 382 1524 autem
396 1467 549 1534 saecularis,
563 1469 625 1525 sive
639 1468 786 1544 regularis,
805 1468 890 1527 ctiam
903 1469 933 1524 in
946 1466 1076 1525 ecclesiis
1097 1485 1216 1527 suorum
1233 1470 1371 1539 ordinum,

287 1565 497 1624 contradicente
510 1567 659 1642 episcopo,
674 1566 825 1641 praedicare
849 1559 1050 1642 prasumat''²
1090 1566 1123 1623 Si
1146 1566 1284 1645 denegata
1297 1572 1375 1628 fiterit

287 1666 322 1722 ab
336 1665 473 1740 episcopo
487 1664 656 1731 benedictio,
670 1665 774 1740 poterit
792 1665 931 1742 regularis
945 1667 974 1724 in
984 1664 1114 1722 ecclesiis
1127 1667 1174 1724 sui
1187 1668 1296 1726 ordinis
1309 1689 1374 1746 pre·

288 1761 392 1829 dicare,
412 1763 468 1820 nisi
490 1763 645 1840 episeopus
666 1763 875 1821 contradixerit.
918 1766 976 1823 Per
995 1764 1112 1840 plateas,
1140 1767 1186 1823 vel
1209 1767 1276 1824 alibi
1301 1779 1374 1826 extra

287 1862 423 1920 ecclesias
436 1869 530 1937 potest
541 1863 627 1920 etiam
639 1863 786 1940 regularis,
800 1862 994 1922 benedictione
1003 1862 1081 1921 haud
1093 1866 1191 1938 petita,
1206 1867 1371 1942 predicare3

289 1960 461 2036 predicandi
477 1970 571 2019 autem
585 1960 700 2018 facultas
715 1972 809 2038 potest
821 1962 937 2020 cuilibet
949 1970 1094 2020 tonsurato
1108 1957 1274 2022 committi³
1314 1967 1374 2024 Une

289 2060 430 2116 autaltera
440 2059 502 2116 vice
515 2060 545 2116 in
559 2061 659 2117 alicnis
672 2061 812 2128 ecclesiis,
826 2069 943 2137 rogante
958 2061 1095 2137 parocho,
1107 2061 1261 2139 praedicare
1275 2066 1373 2138 absque

287 2157 418 2232 episcopi
431 2157 555 2223 licentia,
569 2158 595 2214 si
608 2158 693 2233 longe
706 2159 788 2226 absit,
803 2167 832 2215 ct
842 2160 980 2234 regularis
998 2163 1028 2216 in
1042 2161 1143 2218 itinere
1163 2172 1300 2231 versetur,
1314 2166 1371 2221 licet

288 2274 326 2314 ex
340 2255 491 2330 privilegio
507 2254 641 2331 Gregorii
654 2257 739 2314 XIII.
783 2256 1119 2316 contradicente-autem
1133 2261 1281 2337 episcopo,
1295 2264 1373 2320 etiam

289 2362 354 2428 post
366 2353 508 2410 licentiam
523 2354 602 2426 prius
617 2372 795 2422 concessam,
810 2356 949 2413 nonlicet
966 2356 1143 2431 regularibus
1162 2360 1193 2414 in
1207 2361 1305 2417 alienis
1319 2361 1370 2418 Ec·

287 2449 382 2506 clesiis
396 2449 565 2523 praedicam
586 2451 645 2508 imo
659 2470 713 2508 ncc
732 2453 761 2508 in
784 2453 854 2518 suis,
875 2455 901 2509 si
920 2455 1073 2530 episcopus
1094 2456 1156 2532 ipse
1176 2459 1316 2534 praedicet,
1331 2457 1370 2514 vcl

287 2547 453 2605 solemniter
465 2565 560 2606 coram
574 2566 605 2605 sc
619 2549 766 2625 predicari
779 2543 890 2608 faciat.⁴

321 2753 361 2817 (l)
382 2752 448 2802 Sus.
458 2767 481 2800 v.
498 2767 550 2816 cap.
561 2752 587 2802 ii.
599 2752 636 2802 dc.
648 2751 702 2804 rtet
853 2755 896 2820 (2)
915 2755 982 2806 Sese.
994 2755 1063 2806 xxiv.
1074 2773 1128 2826 cap.
1137 2757 1171 2808 it.
1179 2757 1218 2810 de.
1230 2759 1280 2810 ttst

324 2838 364 2902 (³)
383 2837 409 2885 S.
422 2837 496 2902 Alpb.
508 2838 523 2886 l.
535 2837 552 2886 i.
562 2853 619 2902 epp.
631 2837 657 2887 tt
668 2853 694 2888 u.
705 2839 787 2888 cxxiv.

324 2923 366 2986 (4)
386 2921 451 2972 Vide
462 2921 561 2972 Bullam
573 2922 751 2984 GregoriiXV.
763 2921 939 2974 Inscrutadt'li.
