3046 5262
272 468 332 525 292
480 465 536 526 DE
556 461 852 524 PEOCATORUM
872 461 1193 523 DISTINGTIONE.

274 629 331 690 111.
346 629 418 706 Reg.
433 631 495 688 xix.
517 628 641 686 ‘Altaria
653 637 701 686 tua
720 575 927 694 destmxerimt,
948 636 977 684 et
994 626 1146 703 prophetas
1167 636 1231 684 tuos
1253 624 1358 683 occide·

275 737 338 786 runt
357 726 472 802 gladio!
513 727 698 803 Vituperatm
710 727 795 784 etiam
815 725 939 783 maxime
958 733 1106 800 peecatum
1125 726 1313 783 commissum
1331 723 1359 780 in

275 843 412 902 personas
420 826 606 902 propinquas,
621 823 777 882 secundum
785 823 853 882 illud
867 823 999 882 Miohaeoe
1009 822 1080 881 v11.
1095 823 1206 886 ‘Filius
1215 832 1358 880 contume-

274 924 342 982 liam
355 924 423 982 sacit
434 924 522 1000 patri3
543 924 602 982 lilia
614 923 759 998 consurgit
771 921 904 980 adversus
917 929 1035 979 matrem
1049 921 1151 979 suam'
1161 916 1196 948 ”¹
1235 920 1359 996 ‘injuria

275 1021 323 1080 tali
336 1039 466 1099 persone
481 1017 599 1101 (suere)
613 1019 688 1078 illata
701 1022 791 1096 magis
810 1020 949 1078 redundat
960 1021 991 1077 in
1003 1020 1109 1086 Deum,
1123 1017 1278 1076 secundum
1290 1015 1359 1076 illud

277 1119 366 1178 Zach.
380 1119 421 1178 ΙΙ.
443 1130 451 1158 ⁶
463 1120 520 1187 Qui
534 1137 585 1178 vos
599 1119 730 1196 tetigerit,
744 1120 834 1194 tangit
842 1118 979 1195 pupillam
992 1118 1066 1176 oculi
1079 1118 1157 1174 mei.’
1201 1117 1285 1175 Unde
1298 1133 1359 1192 pec-

277 1227 371 1276 catum
390 1219 422 1276 fit
440 1219 552 1296 gravius
572 1235 609 1274 ex
631 1217 686 1274 hoc
711 1215 788 1290 qnod
806 1227 940 1293 peccatur
958 1219 989 1274 in
1011 1234 1163 1294 personam
1185 1217 1278 1292 magis
1300 1214 1361 1272 Deo

277 1317 467 1393 conjunctam,
482 1316 527 1374 vel
538 1315 645 1373 ratione
659 1314 780 1383 virtutis,
793 1315 839 1372 vel
859 1315 966 1373 ratione
985 1315 1083 1374 officii.
1125 1314 1174 1372 Ex
1187 1325 1267 1390 parte
1280 1315 1360 1372 etiam

277 1415 415 1490 suiipsius
428 1413 612 1473 manifestum
626 1423 678 1482 est,
700 1412 776 1486 quod
796 1422 872 1472 tanto
892 1413 995 1484 aliquis
1007 1413 1120 1490 gravius
1133 1421 1243 1487 peccat,
1262 1419 1361 1484 quantu

278 1511 380 1586 aliquis
394 1514 424 1572 in
437 1514 617 1590 conjunctam
630 1530 791 1586 personam,
812 1529 864 1568 seu
883 1511 1002 1569 naturali
1021 1511 1241 1578 necessitudine,
1257 1529 1308 1568 sen
1319 1510 1364 1566 be

278 1609 400 1677 neficiis,
424 1628 475 1668 sen
498 1627 677 1682 quacumque
700 1609 900 1684 conjunctione
923 1611 1092 1686 peccaverit,
1116 1610 1182 1681 qnia
1203 1607 1317 1668 uidetur
1335 1607 1363 1664 iu

276 1707 405 1784 seipsum
418 1709 510 1786 magis
524 1724 651 1784 peecare,
665 1716 693 1766 et
705 1725 757 1782 pro
771 1716 847 1766 tanto
864 1709 977 1784 gravius
997 1716 1106 1784 peccat,
1127 1707 1286 1766 secundum
1299 1703 1365 1764 illud

279 1803 475 1864 Ecclesiastici
487 1807 554 1864 xiv:
577 1805 653 1872 ‘Qui
666 1805 720 1864 sibi
733 1823 857 1879 nequam
869 1816 921 1874 est,
935 1807 982 1864 cui
1000 1807 1092 1864 bonus
1106 1806 1160 1862 erit
1165 1806 1190 1874 Υ,
1224 1805 1276 1862 Ex
1288 1816 1365 1881 parte

279 1903 346 1964 verb
360 1905 485 1982 proximi
498 1914 573 1963 tanto
587 1904 700 1979 gravius
719 1914 862 1981 peccatur,
881 1913 985 1978 quanto
999 1913 1147 1980 peccatum
1160 1905 1256 1981 plures
1271 1904 1364 1979 tangit.

280 2002 321 2062 Et
333 2002 397 2062 ideo
410 2013 556 2080 peccatum
577 2001 654 2074 quod
673 2001 705 2058 fit
724 2003 754 2059 in
767 2021 918 2078 personam
938 2001 1091 2079 publicam,
1113 2013 1182 2079 puta
1201 2021 1312 2080 regem,
1325 2000 1368 2058 vel

280 2101 449 2177 prinoipem,
464 2103 513 2173 qui
526 2101 598 2178 gerit
610 2117 762 2176 personam
776 2102 862 2159 totius
882 2099 1083 2170 multitudinis,
1100 2111 1144 2159 est
1156 2103 1274 2178 gravius
1288 2118 1367 2173 qnam

281 2208 429 2274 peccamm
441 2198 518 2272 quod
531 2199 717 2258 committitur
729 2208 826 2256 contra
837 2217 923 2257 unam
937 2216 1090 2276 personam
1103 2201 1252 2275 priuatam.
1286 2197 1367 2256 Unde

280 2297 440 2372 specialiter
460 2297 561 2356 dicitur
582 2295 681 2356 Exodi
703 2296 784 2354 xxii:
818 2298 967 2375 ‘Principi
989 2299 1090 2374 populi
1113 2298 1153 2355 tui
1173 2316 1232 2356 non
1252 2295 1366 2355 maledi·

282 2394 351 2451 ces!
363 2388 400 2422 ”²
441 2417 446 2427 ·

320 2497 370 2550 2⁷.
391 2492 497 2565 Liquet
509 2501 624 2568 peccata
643 2491 740 2550 omnia
752 2509 811 2548 non
832 2509 896 2550 esse
916 2494 990 2551 inter
1008 2511 1039 2550 se
1052 2511 1192 2560 connexa,
1214 2502 1286 2551 sunt
1297 2493 1369 2551 enim

282 2589 489 2664 quaedamque
503 2591 557 2650 alia
576 2589 742 2659 excludunt,
764 2591 879 2648 avaritia
899 2591 976 2650 euim
997 2593 1149 2668 opponitur
1168 2589 1369 2668 prodigalitati.

284 2689 428 2751 Ceterum
442 2691 528 2750 unius
542 2690 651 2767 peccati
663 2689 756 2766 gravis
770 2689 907 2749 admissio
919 2690 1067 2749 hominem
1083 2710 1164 2750 reum
1177 2691 1334 2756 constituit,
1346 2695 1373 2745 et

284 2798 395 2848 retemae
408 2808 498 2865 poenae
512 2791 679 2856 obnoxium,
694 2788 765 2846 adeo
777 2797 809 2846 ut
821 2789 908 2846 veluti
920 2808 986 2846 reus
996 2790 1126 2848 omnium
1135 2788 1282 2857 habeatur,
1294 2788 1373 2864 juxte

282 2887 355 2944 illud
367 2887 385 2946 J
388 2887 467 2944 acobi
479 2907 486 2943 r
510 2888 721 2958 “Quicumque
742 2894 828 2944 totam
847 2889 941 2964 legem
955 2889 1118 2957 servaverit,
1132 2887 1260 2946 offendat
1280 2895 1372 2944 autem

283 2985 313 3040 in
330 3001 398 3048 uno,
412 2983 501 3040 factus
514 2992 559 3040 est
579 2985 709 3041 omnium
722 3001 788 3040 rens
798 2981 846 3040 =''³
866 2995 886 3022 “
897 2987 965 3056 quia
978 2987 1087 3044 scilicet
1099 3004 1157 3046 uno
1170 2995 1290 3062 peccato
1310 3001 1373 3060 peo-

284 3078 375 3138 cando
387 3079 504 3136 incurrit
516 3097 607 3154 poenae
622 3090 730 3138 reatum
751 3099 789 3140 ex
808 3081 863 3139 hoc
883 3083 961 3154 quod
974 3087 1129 3142 contemnit
1141 3083 1254 3140 Deum:
1277 3102 1317 3140 ex
1330 3100 1373 3139 cn·

280 3179 329 3255 jns
337 3185 501 3253 contemptu
509 3179 641 3253 provenit
649 3179 777 3238 omnium
785 3189 967 3255 peecatorum
973 3176 1116 3240 reatus.’'⁴
1135 3182 1178 3239 Ita
1186 3182 1218 3237 S.
1230 3181 1372 3239 Thomas.

285 3277 342 3338 Est
354 3277 437 3334 etiam
450 3277 524 3334 inter
537 3282 653 3353 peccata
662 3277 743 3354 plura
752 3295 844 3338 nexus
858 3278 939 3336 valde
953 3289 1062 3338 arctus:
1077 3299 1105 3338 v.
1117 3299 1152 3356 g:
1174 3279 1297 3336 ebrietas
1311 3295 1375 3336 cum

285 3375 397 3434 rixandi
409 3375 527 3433 libidine
540 3384 569 3433 et
580 3375 733 3452 cupiditate
755 3395 841 3451 prava
861 3395 938 3453 saepe
952 3380 1143 3437 connectitur:
1166 3378 1283 3434 avaritia
1305 3376 1377 3453 parit

286 3473 380 3536 cordis
402 3472 545 3542 duritiem,
569 3493 711 3534 sacrorum
735 3493 884 3534 munerum
906 3476 1078 3552 neglectum,
1092 3485 1194 3553 praeter
1213 3474 1330 3533 fraudes
1351 3483 1377 3530 et

287 3581 359 3630 artes
380 3572 492 3644 iniquas
510 3572 655 3652 lucrandi:
676 3574 765 3633 libido
786 3593 852 3632 cum
873 3573 958 3632 toedio
980 3576 1181 3634 exercitiorum
1204 3575 1330 3650 pietatis,
1351 3579 1378 3628 et

286 3668 455 3730 hebetudine
468 3671 572 3729 mentis
586 3672 617 3728 iu
629 3659 716 3730 rebus
729 3671 832 3731 diuinis
845 3671 1058 3750 perpendendis
1071 3673 1263 3750 conjungitur.

357 3853 398 3920 (1)
414 3854 436 3903 1.
448 3857 474 3904 2.
485 3869 526 3918 qu.
538 3854 615 3905 lxxiii.
627 3862 671 3906 ert.
680 3855 714 3906 ix.
721 3855 767 3906 sed
774 3861 867 3908 contra
1018 3860 1058 3924 (2)
1077 3857 1178 3916 ibidum,
1191 3857 1265 3924 Κεφ.

356 3937 399 4006 (3)
412 3940 465 3994 Jno.
475 3939 500 3990 ii.
509 3936 548 3988 10.
829 3939 868 4008 (4)
886 3943 906 3988 l.
915 3943 939 3990 2.
950 3956 991 4005 qu.
1003 3942 1081 3994 lxxiii.
1094 3949 1137 3992 ort.
1149 3943 1167 3996 i.
1177 3939 1345 4008 adprimum.
