3046 5262
266 562 326 619 82⁰
511 556 568 617 DE
589 553 799 618 Pssccn'rls
821 552 1109 614 CAPITALIBUS.

264 725 444 786 lactationem
458 724 520 782 talis
533 725 653 800 pcccati,
668 725 706 782 sit
718 731 865 800 peccatum
878 722 1006 789 mortale,
1017 732 1046 780 et
1058 739 1115 780 non
1130 720 1223 779 solum
1238 739 1360 780 consen·

266 841 315 884 sus
329 825 357 882 in
372 833 476 882 aetum.
518 823 559 882 Et
570 823 636 882 ideo
649 839 715 882 cum
730 823 829 882 oscula
847 832 876 880 et
895 821 1044 898 amplexus
1064 821 1231 898 hujusmodi
1244 831 1363 897 propter

265 921 479 982 delectationem
502 923 667 1000 hujusmodi
689 923 770 990 fiunt,
794 939 972 993 consequens
998 920 1140 993 estquod
1162 922 1220 979 sint
1243 929 1361 997 peccata

265 1023 403 1090 mortalia,
415 1031 443 1080 et
455 1023 497 1081 sic
508 1021 602 1080 solum
612 1022 743 1080 dicuntur
752 1016 949 1081 libidinosa.”¹
966 1019 1036 1085 Quae
1047 1019 1147 1078 denuit
1156 1039 1222 1078 cum
1233 1022 1363 1097 periculo

265 1121 398 1199 proximo
411 1121 575 1198 pollutionis
589 1120 708 1180 eandem
722 1122 827 1179 habent
836 1119 990 1177 malitiam:
1012 1120 1071 1176 imo
1085 1137 1158 1191 quae,
1172 1120 1300 1178 ulteriori
1314 1139 1361 1198 pe·

265 1221 354 1280 riculo
367 1221 491 1288 secluso,
506 1220 608 1280 dantur
620 1221 656 1278 ob
670 1219 885 1279 delectationem
906 1218 1049 1282 camalem
1069 1227 1097 1275 et
1116 1219 1282 1278 sensibilem
1297 1239 1360 1294 quae

265 1339 302 1380 cx
315 1319 415 1379 osculo
429 1329 527 1388 oritur,
542 1320 637 1398 gravia
656 1329 732 1388 sunt,
753 1319 852 1398 rejecit
870 1318 947 1376 enim
968 1317 1131 1376 Alexander
1144 1317 1213 1377 VII.
1231 1321 1361 1396 proposi-

265 1421 374 1479 tionem
396 1429 580 1492 sequentem:
603 1419 690 1476 “Est
708 1418 860 1496 probabilis
881 1417 991 1494 opinio,
1011 1435 1074 1489 qnae
1094 1415 1162 1473 dicit
1175 1436 1240 1474 esse
1255 1427 1361 1477 tantum

268 1519 378 1578 veniale
391 1520 521 1578 osculum
541 1519 666 1576 habitum
690 1519 727 1576 ob
747 1517 962 1576 delectationem
984 1517 1126 1574 camalem
1148 1526 1176 1573 et
1196 1518 1361 1576 sensibilem

267 1637 331 1691 quse
344 1637 381 1677 ex
396 1617 494 1679 osculo
507 1619 605 1685 oritur,
619 1617 732 1674 secluso
750 1617 878 1694 periculo
898 1616 1037 1674 ulterioris
1058 1633 1216 1673 consensus
1230 1627 1259 1674 et
1272 1618 1361 1693 pollu-

266 1711 400 1776 tionis.'’²
440 1715 584 1789 Equidem
598 1717 649 1785 uti,
663 1717 756 1790 inquit
769 1717 881 1792 Mayol,
904 1724 923 1751 ‘⁴
933 1732 1090 1772 consensus
1104 1715 1133 1772 in
1144 1713 1362 1774 delectationem

265 1816 406 1874 carnalem
420 1817 537 1876 istorum
552 1826 666 1878 actuum
680 1825 725 1872 est
743 1833 900 1874 consensus
920 1816 951 1872 in
971 1813 1041 1873 illud
1061 1812 1096 1870 ad
1117 1813 1205 1885 quod,
1226 1825 1361 1887 quantum

266 1926 312 1974 est
324 1919 354 1975 in
367 1933 409 1984 se,
424 1915 590 1974 ordinantur
609 1925 744 1983 enatura,
767 1931 869 1991 nempe
891 1913 921 1972 in
941 1913 1134 1981 concubitum,
1149 1914 1195 1970 vel
1216 1911 1293 1973 illius
1316 1915 1362 1972 de

266 2009 495 2074 locationem.”³
536 2015 606 2074 “De
620 2015 726 2073 osculis
738 2024 788 2072 aut
799 2013 976 2090 amplexfflus
997 2013 1133 2071 intereos
1150 2010 1308 2092 (juvenes)
1329 2013 1361 2072 ad

265 2114 469 2174 benovolentia
483 2123 511 2172 et
524 2113 718 2173 familiaritatis
735 2115 816 2190 signa
837 2111 1005 2186 quandoque
1026 2112 1176 2188 usurpatis,
1191 2112 1261 2171 dum
1276 2133 1309 2172 se
1323 2115 1361 2171 vi·

266 2216 360 2281 sitant,
375 2221 423 2272 aut
436 2214 470 2270 ab
483 2213 606 2275 invicem
620 2213 754 2272 recedunt
769 2215 852 2290 juxta
872 2229 981 2270 morem
1002 2213 1099 2288 patriae
1119 2213 1227 2282 absque
1245 2213 1360 2270 libidine

266 2331 325 2380 nou
338 2313 449 2384 loquer,
464 2331 517 2369 nec
530 2312 565 2370 de
579 2313 614 2370 iis
629 2333 691 2385 quoe
705 2329 790 2372 eausa
809 2312 930 2370 levitatis
945 2329 1081 2384 vanaeque
1100 2309 1212 2378 loetitiae,
1234 2312 1360 2370 sistendo

265 2413 304 2470 ibi
330 2411 436 2482 absque
458 2429 545 2486 prava
564 2411 718 2471 intentione
738 2420 766 2467 et
785 2410 969 2469 delectatione
990 2409 1095 2468 carnali
1114 2411 1268 2482 aliquando
1289 2413 1360 2470 inter

269 2527 323 2570 eos
333 2516 520 2568 exercentur:
540 2511 689 2568 nonenim
706 2508 849 2567 excedunt
860 2509 966 2567 limites
986 2511 1094 2587 peccati
1108 2510 1238 2578 venialis,
1253 2520 1286 2567 ut
1299 2511 1362 2568 dicit

268 2610 426 2690 cajetanus
440 2607 475 2666 de
493 2607 650 2685 juvenibus
664 2609 714 2682 qui
727 2610 757 2668 in
778 2609 892 2668 choreis
909 2609 1015 2687 digitos
1031 2609 1161 2666 mulieris
1175 2627 1234 2668 nou
1249 2629 1309 2668 suae
1322 2612 1361 2668 in·

266 2721 400 2785 torquent
411 2709 532 2769 levitatis
546 2703 681 2768 causa.'’⁴
722 2708 861 2768 “Oscula
874 2717 901 2765 et
921 2709 1072 2784 amplexus
1094 2707 1262 2788 (dequibus
1277 2709 1359 2775 idem,

267 2830 300 2869 ac
313 2811 349 2868 ds
363 2811 483 2868 tactibus
497 2810 620 2886 partium
633 2811 817 2868 honestarum
834 2805 1000 2887 dicendum)
1021 2810 1151 2866 excusari
1171 2828 1231 2868 non
1245 2817 1360 2886 possunt

183 2959 191 2972 .
266 2929 283 2966 a
294 2909 409 2968 mortali
420 2911 495 2966 inter
507 2925 644 2984 personas
658 2907 764 2967 diversi
775 2926 874 2975 sexus,
889 2907 953 2964 lacti
968 2909 1004 2966 ob
1014 2907 1230 2966 delectationem
1243 2909 1361 2966 sensibi-

266 3007 323 3064 lem
336 3005 537 3082 persistentem
551 3006 659 3080 inipso
679 3007 778 3064 osculo
797 3017 827 3064 et
846 3007 990 3083 amplexu,
1015 3008 1039 3064 si
1061 3007 1130 3064 fiant
1141 3027 1207 3066 cum
1222 3007 1322 3066 ardore
1335 3018 1360 3066 et

266 3121 356 3170 mora,
368 3102 512 3179 replicatis
530 3101 579 3160 din
593 3104 623 3160 in
637 3122 685 3162 ore
700 3105 817 3173 osculis,
832 3107 950 3182 gustatis
963 3107 1045 3164 labiis
1066 3124 1144 3163 more
1158 3107 1359 3173 columbarum,

264 3203 363 3281 lingua
375 3203 461 3260 unius
485 3203 599 3261 alterius
614 3214 663 3262 ore
674 3214 804 3280 excepta,
816 3215 931 3281 propter
940 3205 1192 3280 praesentissimum
1204 3207 1358 3282 periculum

266 3321 424 3364 consensus
438 3303 468 3361 in
482 3302 698 3364 delectationem
711 3299 913 3362 veneream.’'⁵
933 3303 1040 3363 Oscula
1054 3323 1117 3376 quae
1131 3306 1203 3363 fiunt
1217 3325 1271 3382 pro
1285 3324 1357 3365 more

266 3406 362 3483 patriae
376 3403 450 3461 inter
461 3404 648 3479 propinquos,
670 3406 789 3472 amicos,
813 3405 919 3462 aliosve
940 3405 1087 3472 concives,
1109 3415 1208 3462 carent
1221 3407 1315 3483 culpa,
1336 3406 1357 3461 si

268 3505 341 3563 absit
354 3521 457 3580 pravus
472 3500 601 3562 affectus.
810 3576 814 3585 Ι

306 3607 356 3662 99.
377 3602 537 3677 Amplexus
551 3622 616 3661 cum
638 3621 717 3662 mora
737 3621 821 3680 grave
841 3602 947 3660 habent
965 3603 1134 3678 periculum,
1150 3613 1179 3660 et
1192 3605 1307 3680 culpam
1321 3605 1356 3662 in·

267 3703 374 3762 ducunt
385 3700 531 3767 lethalem,
543 3703 697 3778 praesertim
710 3722 797 3775 quum
808 3701 935 3760 studiose
946 3701 1023 3760 fiant.
1046 3703 1153 3762 Tactus
1168 3704 1354 3761 mamillarum

267 3803 322 3862 nisi
335 3799 434 3860 leviter
447 3800 565 3859 omnino
580 3801 638 3868 liat,
653 3812 697 3858 cst
710 3803 803 3876 gravis
817 3801 911 3877 culpa.
946 3801 1052 3859 Mulier
1066 3820 1225 3878 repugnare
1237 3801 1321 3860 debet
1332 3813 1357 3860 et

267 3904 319 3961 niti
334 3909 447 3961 contra:
470 3919 523 3958 nec
538 3900 613 3958 enim
628 3910 704 3958 caret
716 3900 800 3976 culpa
813 3919 876 3975 quae
890 3901 1040 3976 amplexas
1053 3909 1180 3959 tactusve
1195 3901 1356 3978 hujusmodi

268 4001 398 4060 admittit.
430 4001 594 4060 Excusatur
607 4019 623 4056 a
635 4000 778 4058 nonnullis
792 4019 855 4074 quae
869 4019 927 4077 prae
941 4001 1112 4079 verecundia
1125 4019 1183 4060 non
1201 4001 1312 4069 clamat,
1326 4018 1357 4058 ne

267 4099 381 4157 infamis
396 4101 453 4158 fiat.
480 4101 602 4159 Diuersa
616 4109 659 4158 est
676 4100 786 4178 specics
794 4100 901 4177 peccati
917 4101 942 4156 si
952 4099 1054 4158 mulier
1067 4101 1201 4177 conjugio
1215 4100 1299 4177 ligata
1314 4101 1356 4166 sit;

302 4298 344 4362 (l)
359 4301 382 4345 2.
395 4301 419 4344 2.
428 4313 469 4360 qu.
482 4299 537 4347 cliv.
549 4307 594 4350 art.
606 4297 638 4352 iu.
652 4299 726 4366 Reap.
928 4301 970 4365 (2)
985 4299 1057 4364 Prop.
1070 4301 1102 4347 xl.

305 4384 347 4448 (3)
362 4381 456 4445 Expos.
470 4381 500 4428 vi.
511 4397 579 4445 praec.
592 4389 635 4431 ert.
648 4381 672 4432 ii.
684 4385 729 4433 col.
740 4385 797 4434 781.
841 4410 848 4419 ι

304 4470 346 4538 (4)
360 4467 460 4524 Ibidem,
472 4466 517 4514 col.
527 4469 583 4516 783.
710 4469 751 4531 (5)
766 4468 861 4518 'l'abula
874 4469 933 4518 lxxi.
946 4467 1068 4519 Francisci
1082 4468 1186 4519 Antonii
1195 4485 1210 4518 a
1219 4468 1317 4518 Goritia.
