3068 5256
273 496 330 554 1³4
546 485 602 544 DE
624 482 812 550 SEPTIMO
834 482 1086 544 PRAEOEPTO.

270 667 298 714 et
315 654 368 712 alis
381 653 566 710 instrumenta
576 652 661 710 etiam
672 651 751 726 parvi
761 649 865 708 valoris
876 650 901 707 si
910 649 1120 718 subtrahantur,
1132 643 1280 726 operarius
1294 650 1370 710 diem

270 757 417 829 integrum
432 749 583 820 aliquando
597 770 613 808 a
625 750 720 810 labore
734 748 895 826 impeditur.

318 855 384 910 162.
408 850 442 908 ln
456 849 523 906 furti
537 850 671 926 gravitate
691 846 856 906 estimanda
876 865 1061 924 personarum
1081 846 1210 906 habenda
1229 857 1274 904 est
1290 850 1371 916 ratio,

277 961 415 1024 quatenus
440 949 489 1020 qui
516 946 723 1005 necessitudine
744 956 810 1004 sunt
830 947 983 1022 conjuncti,
1010 947 1177 1021 plerumque
1203 946 1281 1003 haud
1301 947 1373 1006 adeo

275 1069 348 1127 segre
362 1049 457 1106 ferunt
470 1046 575 1119 aliquid
589 1047 642 1104 sibi
655 1066 672 1102 a
684 1045 852 1122 propinquis
865 1044 911 1102 vel
924 1043 1087 1103 domesticis
1101 1045 1214 1104 auferri.
1257 1046 1371 1104 Fratres

273 1163 302 1208 et
314 1165 429 1206 sorores
442 1146 537 1204 minus
552 1154 700 1222 gravamm
712 1147 748 1202 ob
768 1163 802 1202 ea
820 1161 885 1219 que
905 1144 959 1202 sibi
980 1143 1190 1212 subtrahuntur,
1204 1145 1262 1202 nisi
1275 1146 1372 1222 magni

272 1251 329 1306 sint
341 1246 487 1306 momenti.

320 1349 386 1406 los.
409 1345 524 1403 Minuta
537 1343 610 1402 surta
623 1342 772 1415 aliquando
792 1343 928 1400 inunum
949 1342 1112 1400 coalescunt
1131 1359 1169 1399 ex
1188 1341 1308 1400 iurantis
1331 1345 1373 1401 in·

278 1447 424 1506 tentione:
456 1445 506 1516 qui
532 1443 609 1500 enim
629 1443 683 1500 sibi
705 1442 882 1518 proposuerit
901 1441 1053 1500 notabilem
1073 1459 1214 1499 summam
1237 1441 1372 1516 paulatim

280 1546 431 1621 surripere,
453 1544 548 1601 animo
564 1543 623 1618 jam
645 1541 766 1616 graviter
784 1550 892 1616 peccat,
914 1542 1048 1616 gravique
1068 1557 1099 1596 se
1120 1541 1272 1616 obstringit
1294 1551 1371 1598 reatu

279 1645 392 1716 quoties
405 1660 440 1699 eo
460 1642 555 1698 animo
569 1658 686 1715 parvum
701 1636 769 1711 quid
783 1639 894 1715 accipit.
938 1639 996 1698 Sed
1016 1658 1073 1698 non
1092 1657 1198 1697 novum
1217 1639 1374 1698 admittitur

279 1751 427 1818 peccatum
441 1739 561 1816 singulis
574 1739 695 1806 vicibus,
710 1756 798 1810 quum
818 1738 923 1816 singuli
943 1749 1020 1796 actus
1038 1747 1205 1796 censeantur
1217 1757 1312 1814 pravae
1326 1757 1373 1796 vo·

277 1842 393 1901 luntatis
417 1839 549 1898 executio
570 1857 627 1898 una
650 1834 809 1898 continua.¹
851 1838 929 1896 Hinc
949 1837 1018 1898 dicit
1040 1838 1204 1915 Scriptura:
1234 1839 1374 1896 “Statana

279 1940 378 2000 dolosa
392 1940 562 1996 abominatio
577 1948 620 1996 est
632 1937 707 2013 apud
720 1931 927 1996 Dominum.'’²
967 1937 999 1995 Si
1019 1955 1052 1994 ea
1071 1937 1142 1994 absit
1161 1938 1290 2004 intentio,
1311 1956 1373 2013 par·

278 2059 345 2098 vum
362 2037 431 2110 quid
445 2038 601 2112 surripiens
613 2038 685 2094 levis
695 2038 787 2114 culpas
800 2056 866 2095 reus
879 2035 1075 2113 agnoscendus
1090 2037 1151 2104 erit,
1163 2036 1253 2094 donec
1267 2037 1372 2112 saepius

277 2135 397 2195 furando
411 2153 457 2192 res
471 2135 576 2192 alienas
589 2129 720 2192 notabilis
730 2135 832 2204 valoris
846 2136 900 2193 sibi
914 2137 1136 2211 comparaverit:
1158 2135 1251 2212 gravis
1265 2137 1372 2212 quippe

279 2248 323 2294 est
335 2233 419 2309 culpa
432 2251 480 2290 eas
493 2234 596 2309 injuste
611 2233 738 2309 accipere
752 2236 798 2292 vel
811 2236 942 2292 retinere.
985 2234 1064 2292 Hinc
1077 2233 1220 2294 damnarit
1232 2235 1372 2292 Innocen-

283 2336 338 2390 tius
353 2333 408 2389 XI.
423 2332 656 2407 propositionem.
700 2341 719 2367 “
731 2333 800 2390 Non
814 2342 923 2391 tenetur
937 2333 1000 2404 quis
1013 2333 1066 2390 sub
1079 2352 1164 2408 poena
1176 2336 1286 2410 peccati
1300 2352 1373 2392 mor·

284 2433 345 2490 talis
360 2430 507 2487 restituere
521 2429 597 2500 quod
611 2430 732 2488 ablatum
747 2439 789 2488 est
802 2448 854 2506 per
866 2450 956 2507 pauca
968 2431 1050 2499 furta,
1065 2445 1325 2504 quantumcumque
1338 2434 1374 2489 sit

278 2549 383 2606 magna
396 2547 509 2586 summa
531 2524 671 2586 totalis.”³
712 2529 848 2588 Dominis
868 2530 943 2588 laesis
965 2532 1103 2590 restitutio
1122 2531 1287 2608 hujusmodi
1308 2532 1373 2588 saci·

278 2628 351 2688 enda
365 2640 418 2686 est.
450 2626 535 2696 Quod
549 2627 573 2684 ri
587 2627 691 2705 singuli
703 2629 802 2686 leviter
815 2637 922 2688 tantum
934 2630 995 2688 laesi
1008 2630 1123 2698 fuerint,
1137 2631 1232 2706 plures
1247 2631 1373 2710 theologi

278 2741 395 2788 censent
408 2730 444 2786 iis
458 2728 510 2788 sub
524 2729 602 2804 gravi
616 2746 674 2786 uon
687 2747 750 2788 esse
770 2728 934 2787 restituendi
947 2729 1165 2806 obligationem3
1186 2740 1214 2786 et
1227 2731 1295 2788 satis
1309 2747 1373 2788 esse

279 2831 303 2886 si
317 2831 382 2902 quis
396 2826 580 2905 pauperibus,
594 2828 639 2886 vel
652 2829 723 2886 locis
736 2829 792 2904 piis
807 2828 907 2886 tribuat
919 2846 981 2902 quae
995 2829 1099 2905 injuste
1113 2830 1166 2886 sibi
1179 2831 1371 2905 comparavit:

278 2937 306 2981 et
319 2929 348 2982 in
363 2927 418 2982 hoc
434 2926 567 2982 dominos
580 2929 750 2984 consentire.
793 2926 903 2984 Omnes
926 2937 1019 2986 autern
1029 2930 1202 2986 conveniunt
1214 2929 1281 2986 huic
1294 2929 1374 2986 resti·

277 3023 375 3080 tuendi
390 3021 555 3097 obligationi
569 3024 636 3081 satis
650 3023 710 3082 fieri
724 3025 896 3100 pauperibus
917 3027 1008 3085 ablata
1020 3028 1177 3095 tribuendo,
1199 3028 1311 3100 quoties
1325 3027 1373 3085 do·

276 3121 347 3178 mini
369 3120 475 3196 singuli
496 3121 595 3177 incerti
618 3121 732 3190 luerint,
753 3123 799 3181 vel
821 3124 857 3182 iis
878 3127 1016 3184 restitutio
1039 3126 1101 3184 fieri
1122 3137 1244 3199 nequeat
1266 3127 1372 3198 absque

275 3220 353 3296 gravi
367 3218 450 3276 famae
463 3218 509 3276 vel
522 3219 661 3278 bonorum
672 3223 789 3298 jactura.
812 3223 869 3290 Qui
883 3225 966 3300 igitur
978 3235 1080 3284 statera
1093 3225 1192 3285 dolosa
1204 3227 1248 3285 usi
1258 3225 1372 3293 fuerint,

275 3318 321 3377 vel
342 3319 411 3376 alias
436 3328 579 3396 emptores
599 3318 798 3390 fraudaverim,
819 3322 923 3382 debent
945 3325 1087 3393 omnibus,
1108 3345 1180 3397 quos
1201 3327 1322 3401 graviter
1341 3344 1371 3382 se

274 3419 383 3478 laesisse
398 3430 512 3486 norunt,
534 3418 701 3489 restituere3
723 3421 842 3498 singulis
864 3423 958 3491 etiam,
981 3442 1052 3496 quos
1073 3424 1172 3482 leviter
1190 3425 1333 3491 laeserunt,
1347 3425 1371 3481 si

274 3519 425 3578 commode
450 3519 580 3596 possiut;
602 3528 630 3576 et
652 3522 834 3598 pauperibus,
857 3522 902 3580 vel
924 3523 973 3597 pio
996 3524 1085 3599 operi,
1108 3523 1283 3599 impendere,
1309 3541 1369 3595 quae

274 3631 482 3694 congesserunt
504 3621 628 3676 incertos
649 3639 845 3693 quoscumque
872 3621 956 3680 etiam
977 3623 1077 3680 leviter
1097 3622 1261 3680 fraudando.
1304 3623 1370 3680 Ani·

273 3715 508 3772 madvertendum
523 3727 617 3774 autem
631 3719 769 3794 majorem
789 3720 894 3791 requiri
915 3739 1056 3780 summam
1077 3722 1112 3778 ad
1131 3741 1244 3798 gravem
1267 3722 1368 3780 eonsti-

274 3812 407 3872 tuendam
422 3813 487 3870 surti
500 3816 659 3881 materiam,
675 3817 788 3887 quaudo
808 3837 859 3893 per
877 3819 980 3878 surtula
997 3821 1155 3898 surripitur,
1169 3823 1323 3897 praesertim
1344 3820 1367 3876 si

273 3934 289 3970 a
318 3914 452 3982 diversis,
479 3923 508 3970 et
533 3914 645 3990 magnis
674 3914 849 3992 interpositis
882 3921 1017 3994 temporis
1051 3920 1215 3987 intervallis,
1239 3919 1368 3996 surripia-

273 4022 326 4070 tur.
366 4014 397 4070 S.
422 4013 589 4091 Alpbonsus
610 4012 646 4072 de
667 4013 784 4091 Ligorio
806 4028 904 4076 censet
924 4019 1032 4092 “quod
1045 4019 1184 4080 sisuitula
1196 4019 1264 4078 fiant
1276 4019 1364 4078 eidem

335 4225 377 4289 (l)
392 4225 492 4278 Lersius
503 4229 533 4278 do
541 4231 626 4293 just.§
640 4231 664 4280 ii.
676 4249 697 4284 e.
710 4232 751 4284 xii.
763 4232 820 4284 dub.
834 4235 875 4284 vii.
886 4251 910 4284 n.
922 4236 963 4284 40.
1083 4239 1126 4303 (2)
1139 4237 1211 4288 Prov·
1222 4238 1256 4294 xi·
1272 4240 1291 4283 ¹·

694 4319 736 4382 (3)
750 4316 823 4384 Prop.
836 4320 938 4370 rrxriii.
