3078 5258
627 1201 769 1263 CAPUT
789 1201 828 1259 V.

618 1422 666 1462 DE
697 1419 842 1460 POENIS.

222 1606 271 1661 43.
302 1603 494 1661 Ssucrrouns
510 1601 608 1678 legum
628 1620 720 1679 poenae
741 1601 874 1662 dicuntur
894 1620 957 1675 quae
978 1601 1161 1662 violatoribus
1181 1603 1273 1663 inten-

181 1709 284 1759 tantur.
317 1701 470 1775 Equidem
490 1702 604 1764 infirma
622 1702 695 1760 soret
716 1712 745 1760 et
765 1703 843 1762 nulla
864 1702 943 1780 leges
964 1702 1072 1762 ferendi
1091 1711 1229 1784 potestas,
1255 1705 1280 1762 si

170 1801 301 1878 'impune
314 1801 497 1859 violarentur:
519 1811 690 1878 quapropter
711 1820 749 1860 ex
769 1801 842 1876 ipsa,
863 1809 964 1877 sponte
985 1801 1073 1860 veluti
1094 1821 1155 1870 sua,
1169 1802 1281 1860 deriva-

180 1908 227 1957 tur
239 1918 338 1976 poenas
352 1899 522 1959 decernendi
538 1910 566 1958 et
579 1899 722 1978 irrogandi
741 1900 900 1959 auctoritas.
942 1899 1018 1958 Eam
1040 1901 1093 1959 sibi
1115 1909 1281 1977 competere

181 1998 268 2076 plane
281 1998 402 2058 ostendit
420 1999 537 2067 Paulus,
554 1998 711 2059 Corinthiis
732 2002 845 2060 minans
866 2019 898 2058 se
912 1999 991 2076 virga
1010 2017 1147 2059 usurum:
1171 1999 1282 2066 “Quid

183 2096 292 2155 vultist
311 2099 340 2156 in
352 2099 429 2176 virga
442 2099 554 2158 veniam
568 2098 603 2158 ad
616 2118 678 2169 vos,
693 2119 729 2158 an
749 2102 780 2159 in
799 2099 933 2158 charitate
954 2109 982 2156 et
1001 2100 1101 2177 spiritu
1115 2109 1282 2160 mansuetu·

184 2197 260 2255 dinis
270 2189 318 2253 2⁹¹¹
337 2197 414 2256 Alias
428 2197 515 2258 dicit:
538 2200 745 2278 “inpromptu
759 2199 895 2259 habentes
909 2198 1009 2257 ulcisci
1022 2217 1137 2259 omnem
1151 2197 1281 2260 inobedi-

184 2289 344 2356 entiam:”¹
362 2316 447 2371 quam
469 2307 639 2375 potestatem
659 2300 713 2358 sibi
734 2320 750 2357 a
768 2300 895 2358 Domino
916 2298 1008 2358 datam
1025 2307 1122 2377 aperte
1138 2298 1281 2357 declarat:

184 2405 205 2432 ‘⁶
216 2393 282 2455 nam
295 2406 323 2455 et
335 2397 360 2456 si
374 2397 496 2476 amplius
507 2397 613 2472 aliquid
626 2399 758 2477 gloriatus
772 2400 852 2459 fuero
876 2397 911 2459 de
924 2407 1061 2476 potestate
1075 2409 1181 2469 nostra,
1198 2417 1283 2472 quam

184 2494 261 2578 dedit
273 2497 355 2556 nobis
368 2495 513 2557 Dominus
533 2499 563 2556 in
576 2498 802 2568 edificationem,
824 2510 852 2557 et
864 2518 923 2558 non
943 2499 973 2557 in
987 2498 1208 2558 destmctionem
1222 2517 1287 2556 ves·

182 2604 267 2664 nam,
282 2615 340 2654 non
353 2591 564 2656 embescam.'’³
591 2599 688 2657 Poenae
702 2598 769 2657 verd
783 2618 846 2672 quae
860 2599 953 2658 solent
966 2598 1051 2674 adjici
1063 2599 1175 2676 legibue
1190 2596 1282 2656 eccle·

184 2694 310 2752 siastiois
324 2713 448 2754 oensurae
461 2705 535 2765 sunt,
548 2699 658 2757 scilicet
670 2699 821 2774 suspensio
834 2697 1005 2756 clericorum
1018 2699 1052 2754 ab
1065 2697 1169 2754 officiis
1183 2696 1283 2762 sacris,

186 2792 372 2851 interdictum
384 2801 413 2852 et
424 2798 677 2857 excommunicatio
691 2796 727 2855 de
741 2796 843 2869 quibus
858 2797 926 2853 alias
937 2792 1090 2852 dicendum
1104 2795 1168 2852 erit.
1192 2793 1282 2864 Equi·

183 2892 253 2950 dem
267 2892 298 2950 in
310 2893 405 2970 regnis
419 2882 584 2956 ‘Catholicis
598 2897 745 2970 inquibus
759 2895 901 2972 episcopi,
920 2893 1079 2952 faventibus
1093 2892 1283 2980 principibus,

185 3011 268 3051 suam
281 2992 458 3070 explicabant
470 3003 638 3073 potestatem
656 2996 693 3054 ad
712 3014 806 3055 mores
827 2995 950 3074 integros
970 2993 1137 3063 servandos,
1151 2991 1284 3070 quaedam

183 3092 308 3151 leviores
318 3111 410 3170 poena
424 3096 593 3172 temporales
606 3096 716 3173 legibus
730 3096 800 3156 olim
811 3095 927 3174 adjectae
941 3103 1017 3163 sunt,
1030 3104 1062 3154 ut
1074 3093 1198 3171 improbi
1212 3110 1286 3166 quos

195 3191 290 3251 nullus
309 3193 420 3269 pietatis
442 3212 544 3254 sensus
564 3197 636 3254 intra
656 3195 744 3255 officii
762 3195 867 3254 limites
886 3196 997 3262 retinet,
1018 3212 1167 3271 poenarum
1188 3191 1292 3250 saltem

186 3300 265 3350 metu
278 3303 485 3352 coercerentur.
528 3293 563 3352 ld
582 3314 616 3354 eo
636 3297 726 3373 magis
747 3295 864 3372 contigit
882 3293 959 3369 quod
980 3293 1160 3368 exipsorum
1179 3309 1282 3366 regum

188 3405 330 3450 consensu
350 3393 472 3470 plurima
489 3395 616 3463 crimina,
637 3395 804 3454 clericorum
824 3388 1006 3471 prasertim,⁴
1026 3390 1061 3449 ad
1081 3392 1286 3468 episcoporum

190 3489 311 3551 tribunal
320 3489 472 3551 deferenda
484 3488 601 3562 sorent‚⁵
615 3513 677 3568 qua
688 3491 780 3573 poenis
791 3491 940 3571 plectenda
951 3491 1001 3548 lex
1015 3489 1107 3547 civilis
1127 3497 1155 3546 et
1167 3489 1229 3565 ipse
1244 3505 1288 3544 so·

225 3658 268 3724 (l)
282 3662 292 3706 l
309 3658 406 3711 θοι-,ῆι
418 3661 458 3710 21.
595 3662 636 3728 (2)
656 3662 738 3712 acor.
750 3677 775 3710 x.
788 3664 813 3709 6.
973 3658 1014 3723 (3)
1028 3655 1124 3706 Ibidem
1135 3659 1159 3706 8.

224 3745 267 3810 (4)
288 3745 388 3796 Fatetur
395 3745 551 3808 Bingbamus
561 3748 723 3798 ecclesiastiea
734 3747 843 3804 erimina,
855 3753 879 3796 et
896 3745 987 3796 leviora
998 3743 1084 3793 saltem
1093 3742 1239 3793 clericorum
1249 3741 1290 3790 de·

190 3831 254 3891 licta,
265 3833 435 3899 episcopomm
439 3834 533 3898 judicio
544 3843 638 3886 servata
652 3851 712 3884 esse.
746 3832 905 3898 Antiquities,
914 3833 930 3881 l.
943 3847 966 3879 v.
977 3847 1000 3880 o.
1007 3830 1035 3880 ii.

228 3918 271 3983 (5)
286 3917 310 3965 A
321 3918 458 3982 primordiis
469 3920 587 3970 Ecclesim
599 3927 779 3971 consueverunt
789 3918 896 3984 episcopi
908 3916 968 3967 adiri
981 3932 994 3964 a
1006 3914 1119 3964 fidelibus
1131 3912 1186 3960 lites
1197 3924 1255 3960 suas
1266 3917 1291 3960 et

191 4005 366 4055 controversias
377 4008 539 4072 componendi
551 4023 639 4058 causa:
658 4006 723 4071 quod
732 4005 762 4055 ad
770 4004 884 4069 Apostoli
893 4000 964 4051 Pauli
975 3999 1007 4048 sd
1018 3995 1159 4047 Corinthios
1171 3995 1292 4044 monitum

191 4090 263 4140 refert
274 4093 444 4154 Augustinus:
462 4099 477 4122 “
487 4093 622 4144 Constituit
631 4093 719 4142 talibus
728 4092 809 4140 causis
821 4084 995 4138 ecclesiasticos
1009 4081 1146 4146 Apostolus
1158 4079 1296 4143 cognitores

190 4174 216 4225 in
227 4177 279 4226 foro
290 4177 422 4241 prohibens
435 4180 533 4243 Jurgare
550 4175 727 4230 christianos?
746 4171 942 4225 Serm.11iv.in
958 4167 1096 4222 Ps.'oxviii.
1129 4173 1144 4197 “
1157 4165 1234 4215 What
1246 4181 1296 4215 was

189 4261 246 4314 thus
257 4265 341 4326 begun
353 4267 385 4328 by
397 4273 500 4322 sustam,
512 4265 585 4315 while
596 4265 637 4315 the
649 4264 705 4314 civil
722 4275 854 4325 governors
866 4274 929 4307 were
946 4255 1071 4312 heethens,
1088 4269 1138 4303 was
1150 4251 1290 4302 alterwerds

191 4351 325 4402 confirmed
337 4352 386 4401 and
397 4349 544 4400 established
555 4352 587 4414 by
594 4349 650 4409 lew,
662 4347 735 4398 when
746 4345 787 4397 the
796 4360 918 4411 emperors
929 4345 1029 4394 became
1042 4336 1206 4389 Obristisns.’'
1218 4335 1296 4397 Bing-

192 4435 257 4500 hsm,
269 4435 429 4502 Antiquitas,
441 4437 456 4487 1.
468 4437 494 4486 ii.
504 4452 526 4486 c.
537 4435 578 4486 vii.
