3046 5262
259 481 318 538 316
504 477 561 536 DE
582 474 794 536 Puconrls
816 473 1108 534 cartutule-tte.

259 643 330 702 mihi
343 643 538 702 abstinentiam
552 652 582 700 et
593 643 727 702 nocuisse
739 641 942 708 intermissam,
961 651 990 700 et
1003 641 1144 718 profuisse
1158 635 1356 718 repetitam.”¹

259 741 432 801 idomuibus
441 760 517 818 sepe
532 740 769 800 considerandum
784 741 857 818 gule
871 759 984 798 servum
995 759 1053 800 non
1063 759 1148 818 posse
1157 740 1222 798 Deo
1233 741 1356 817 plaeere,

260 841 486 913 quibuscumque
500 840 607 917 fulgeat
627 839 754 898 dotibus:
777 848 796 876 ‘⁶
808 841 832 897 si
852 837 971 898 modum
990 848 1095 898 nature
1115 838 1240 897 debitum
1254 840 1358 898 immo·

259 936 401 996 deratione
416 939 576 998 voracitatis
590 938 722 1006 excedas,
737 948 766 996 et
777 938 931 996 vinolentia
945 947 971 994 te
985 940 1153 1016 ingurgites,
1168 938 1357 1009 quantaslibet

258 1036 356 1098 laudes
371 1037 428 1096 Dei
437 1039 535 1114 lingua
545 1048 592 1098 tua
604 1048 696 1106 sonet,
708 1038 765 1096 vita
777 1030 1004 1112 blasphemat.’'²
1043 1037 1087 1094 lta
1099 1038 1288 1113 Augustinus.

637 1270 736 1346 §VIL
757 1271 805 1329 Da
827 1289 971 1328 uuxunra.

303 1455 352 1508 et.
374 1449 508 1508 Luxuriae
528 1449 643 1508 nomine
664 1449 826 1525 intelligitur
845 1448 995 1523 voluptatis
1017 1463 1145 1505 venereae
1159 1447 1304 1523 appetitus
1318 1446 1357 1502 in·

264 1549 418 1609 ordinatus.
460 1549 538 1606 Inter
549 1565 636 1622 opera
648 1550 741 1606 carnis
755 1567 819 1620 que
830 1549 879 1619 qui
890 1555 979 1622 agunt
991 1563 1113 1622 regnum
1120 1544 1177 1603 Dei
1190 1565 1249 1603 non
1262 1561 1359 1602 conee-

265 1659 394 1718 queutur,
410 1647 445 1703 ab
457 1646 597 1722 Apostolo
610 1638 798 1704 recensemr.³
837 1640 883 1703 De
904 1643 1033 1722 pluribus
1047 1643 1213 1703 criminibus
1227 1662 1291 1716 quae
1304 1643 1358 1699 huc

265 1745 424 1804 reseruntur
446 1746 508 1821 jam
538 1745 660 1821 egimus,
684 1755 798 1802 sextum
818 1743 886 1802 dum
907 1744 1119 1820 explicaremus
1141 1742 1270 1818 decalogi
1291 1759 1359 1816 pra·

265 1852 379 1920 ceptum
391 1838 416 1900 :⁴
435 1861 512 1902 nunc
532 1843 567 1902 de
587 1843 754 1918 pollutione,
775 1841 821 1900 vel
840 1843 875 1899 iis
889 1860 952 1914 que
975 1842 1039 1918 ejus
1060 1841 1220 1917 periculum
1240 1839 1361 1896 afferunt

268 1942 410 2020 agendum
422 1943 566 2018 precipue
580 1951 633 2000 est.

307 2045 355 2098 85.
377 2039 503 2098 Pollutio
516 2057 567 2098 seu
581 2039 715 2097 mollities
729 2048 773 2096 est
786 2019 1029 2096 semiuishumani
1043 2037 1139 2097 fluxus
1153 2038 1262 2109 absque
1274 2037 1359 2102 coint,

267 2139 311 2194 vel
325 2149 405 2196 extra
418 2138 655 2206 mammantibus
675 2137 822 2212 contingit,
837 2138 883 2194 vel
902 2139 974 2196 intra
993 2139 1151 2203 matricem,
1172 2145 1203 2192 ut
1222 2135 1357 2218 soeminis.

267 2234 433 2294 Voluntaria
446 2234 566 2312 pollutio
578 2244 623 2292 est
635 2245 781 2312 peccatum
796 2253 880 2310 grave
900 2243 998 2293 contra
1016 2243 1154 2300 naturam,
1175 2252 1242 2291 nam
1263 2250 1359 2291 semen

267 2331 424 2391 humanum
437 2332 595 2410 prodigitur
608 2332 684 2404 quod
705 2331 740 2389 ad
758 2334 971 2408 generationem
994 2351 1010 2390 a
1032 2332 1100 2390 Deo
1120 2340 1227 2390 naurae
1248 2341 1359 2388 auctore

267 2429 429 2488 ordinatur:
451 2439 622 2505 quapropter
634 2429 735 2487 molles
749 2449 765 2485 a
778 2447 868 2505 regno
887 2431 1027 2489 eoelerum
1039 2423 1255 2488 excluduntur.⁵
1295 2429 1360 2504 ipsa

268 2528 338 2586 ratio
351 2537 379 2586 et
388 2545 488 2586 seusus
501 2528 616 2584 inimus
630 2525 715 2584 dictat
734 2545 798 2584 eam
811 2527 939 2587 illicitam
951 2546 1028 2597 esse,
1043 2547 1128 2602 quam
1148 2529 1244 2586 scelus
1260 2527 1358 2604 ingens

269 2625 369 2684 merito
383 2626 542 2706 designavit
554 2634 638 2704 poeta
647 2625 776 2687 ethnicus
789 2645 796 2682 :

443 2758 458 2783 ‘⁴
467 2751 523 2802 Hoc
534 2748 662 2802 nihilesse
674 2758 761 2815 putas:
780 2750 860 2800 eoelum
870 2757 915 2810 est,
925 2747 987 2799 milri
1001 2749 1079 2811 erede,
1091 2749 1233 2810 sed-ingens

471 2836 601 2896 Quantum
611 2836 653 2885 vix
664 2833 747 2884 animo
758 2833 867 2899 concipis
876 2833 928 2898 ipse
937 2839 990 2884 tuo.

472 2921 556 2982 Ipsam
568 2919 638 2968 crede
650 2919 693 2968 tibi
704 2927 816 2970 naturam
825 2919 903 2968 dicere
913 2933 1001 2979 rerum,

472 3002 543 3052 istud
552 3003 616 3065 quod
628 3002 719 3063 ligius,
728 3003 837 3062 Pontice,
849 3003 1019 3068 perdiehomo
1029 3001 1103 3052 esu’t

271 3115 341 3183 lure
355 3114 513 3186 meritoque
523 3113 667 3173 damnavit
677 3115 861 3175 Innocentius
875 3118 929 3175 XI.
942 3117 1168 3193 propositionem
1181 3124 1359 3188 sequentem:

273 3222 293 3249 “
303 3211 441 3272 Mollities
453 3213 516 3290 jure
529 3223 634 3274 nausa
646 3214 786 3291 prohibita
799 3233 856 3274 non
870 3226 931 3274 est:
952 3215 1029 3274 unde
1042 3216 1067 3272 si
1081 3215 1161 3272 Deus
1175 3229 1240 3272 eam
1252 3233 1311 3272 non
1322 3213 1360 3270 in·

273 3312 445 3380 terdixisset,
460 3331 536 3388 sepe
550 3323 626 3372 esset
637 3315 721 3381 bona,
735 3322 764 3370 et
776 3302 929 3386 aliquando
941 3314 1107 3390 obligatoria
1119 3313 1172 3370 sub
1186 3304 1345 3370 mortali.''⁷

314 3415 363 3471 86.
385 3411 489 3470 Omnis
503 3412 622 3488 pollutio
634 3412 668 3470 ad
683 3411 802 3470 eandem
821 3413 951 3489 speciem
971 3412 1099 3480 refertur,
1118 3419 1294 3489 quapropter
1306 3427 1363 3467 mo·

274 3507 342 3568 dum
356 3517 384 3568 et
396 3511 582 3570 instrumenta
594 3512 737 3587 explicare
751 3529 810 3570 nou
823 3522 872 3590 estv
883 3529 1013 3570 necesse.
1056 3511 1115 3570 Sed
1135 3528 1197 3583 quae
1211 3509 1364 3566 cumcuim

276 3611 426 3684 conjuncta
439 3619 493 3676 est,
508 3611 617 3668 semine
630 3619 709 3675 exus
722 3629 771 3668 ves
785 3610 888 3678 effuso,
901 3609 1039 3668 malitiam
1053 3610 1167 3668 alteram
1181 3608 1283 3666 induit.
1318 3606 1364 3664 Sic

275 3707 359 3766 etiam
371 3708 398 3764 si
411 3725 477 3764 eum
490 3726 577 3782 pravo
590 3707 731 3767 desiderio
745 3708 883 3776 adulterii,
896 3709 944 3766 vel
957 3708 1071 3766 alterius
1084 3708 1212 3777 criminis
1226 3703 1362 3782 patrandi,

275 3805 471 3882 ponjungatur,
485 3806 611 3880 speciem
624 3824 728 3864 novam
740 3808 855 3868 malitie
869 3805 963 3866 habet.

316 3907 365 3963 87.
387 3902 543 3962 Distillatio
562 3903 663 3962 dicitur
690 3905 787 3963 fluxus
814 3906 942 3964 humoris
962 3906 1070 3978 absque
1094 3902 1292 3967 delectatione.
1334 3899 1366 3956 Si

313 4089 353 4150 (l)
369 4088 465 4138 Ocnum.
477 4089 503 4138 in
515 4105 553 4156 ep.
565 4091 595 4142 sd
607 4090 692 4142 Titum
704 4107 725 4141 c.
737 4090 753 4144 i.
961 4092 1004 4157 (2)
1024 4091 1054 4143 in
1066 4089 1108 4143 Ps.
1120 4087 1200 4141 extet

313 4168 355 4231 (³)
375 4169 430 4218 Gssl·
442 4186 465 4219 V·
481 4175 519 4222 ¹9·
936 4183 939 4188 '
961 4175 1001 4238 (4)
1020 4174 1108 4238 Supra,
1120 4189 1144 4238 p.
1158 4172 1213 4220 124.

312 4252 354 4316 (ὅ)
377 4255 457 4303 ¹⁰0r·
470 4255 501 4305 vi·
514 4255 553 4306 10·
954 4259 996 4326 (a)
1016 4256 1270 4324 canapariae.

721 4343 763 4408 (7)
784 4341 856 4407 Prop.
868 4341 926 4392 xlix.
