3078 5258
290 487 346 541 let
617 479 673 538 DE
695 474 1049 537 DISPENSATIONE.
1137 511 1142 518 ·

287 639 492 724 111011111111111.ι
512 643 611 702 Potest
625 651 718 700 tamen
731 640 894 718 dispensare
908 643 938 699 in
952 642 1012 699 suis
1025 643 1144 708 statutis,
1154 640 1199 698 vel
1208 643 1239 700 in
1252 641 1377 721 synodo,

288 746 356 804 cleri
369 743 496 803 adhibito
509 742 640 810 consilio,
654 742 700 799 vel
713 751 802 809 extra,
818 761 835 798 a
855 758 886 796 se
909 741 954 798 vel
974 760 990 796 a
1009 741 1069 796 suis
1082 739 1279 800 decessoribus
1294 741 1376 798 latis:

289 852 308 880 ‘⁴
319 854 347 902 et
369 843 446 902 idem
467 853 561 919 potest
582 839 758 919 Capitulum,
778 841 845 898 sede
859 849 983 906 vacante.
1026 837 1092 897 Hoc
1105 849 1199 897 tamen
1212 859 1269 898 non
1283 848 1379 916 potest

289 943 421 1002 Vicarius
436 941 598 1007 Generalis,
613 941 668 998 nisi
681 957 817 1016 expresse
835 939 868 995 ab
881 939 1018 1014 episcopo
1031 939 1058 996 ei
1071 938 1249 996 concedatur.
1291 939 1378 1013 Epis·

289 1043 355 1118 copi
368 1052 491 1118 possunt
504 1043 588 1100 etiam
607 1039 772 1115 dispensare
786 1039 816 1096 in
828 1037 939 1112 legibus
953 1038 1066 1096 concilii
1079 1039 1260 1120 provincialis
1273 1040 1304 1096 in
1317 1037 1379 1094 suis

289 1140 486 1208 Dioecesibus;
500 1139 586 1198 modo
596 1158 654 1197 non
667 1140 724 1196 sint
736 1137 858 1196 concilio
871 1136 1031 1212 specialiter
1038 1146 1195 1194 reservatae.
1218 1137 1285 1194 Hoc
1299 1139 1377 1195 enim

290 1239 407 1317 expedit
432 1240 466 1298 ad
491 1242 597 1297 bonum
617 1230 793 1314 regimen.”²
834 1234 1012 1294 contradicit
1031 1245 1125 1294 tamen
1146 1235 1306 1302 euarestus,
1328 1236 1377 1308 qui

289 1349 374 1416 negat
395 1339 642 1417 archiepiscopum
663 1337 757 1411 ipsum
786 1353 871 1412 posse
892 1355 908 1392 a
926 1335 1036 1412 legibus
1056 1335 1169 1393 concilii
1194 1336 1377 1410 provincialis

289 1439 463 1514 dispensare,
478 1440 533 1497 nisi
557 1445 576 1473 ‘⁴
587 1445 726 1510 quatenus
746 1435 801 1493 illis
822 1453 990 1492 concessum
1010 1445 1053 1490 est
1065 1453 1210 1510 expresse,
1226 1434 1270 1490 vel
1283 1436 1376 1500 tacite,

289 1548 336 1594 aut
355 1529 611 1595 consuetudine.'’³
652 1534 782 1591 “Potest
806 1543 899 1591 autern
926 1532 1042 1590 inferior
1067 1533 1230 1609 dispensare
1257 1533 1286 1589 in
1311 1535 1377 1610 lege

289 1635 453 1709 superioris,
467 1637 492 1692 si
505 1635 610 1710 inlege
632 1632 800 1710 generaliter
819 1633 995 1708 permittatur
1017 1630 1199 1708 dispensatio,
1222 1651 1258 1688 v:
1280 1652 1330 1708 gr:
1353 1634 1377 1688 si

289 1734 414 1792 dicaturt
437 1733 527 1793 donec
541 1731 751 1810 dispensetur.”
795 1733 953 1790 “Possunt
972 1732 1056 1788 etiam
1070 1732 1199 1810 episcopi
1211 1730 1376 1806 dispensare

288 1837 318 1893 in
328 1831 413 1890 rebus
427 1853 490 1907 que
501 1835 689 1892 communiter
702 1832 845 1900 eveniunt,
856 1831 885 1888 in
895 1831 1022 1908 jejuniis,
1037 1848 1087 1887 esu
1101 1831 1238 1897 ciborum,
1247 1831 1377 1888 observa·

288 1937 366 1992 tione
386 1931 533 2002 festorum,
561 1933 724 1991 recitatione
743 1930 839 2000 oflicii,
861 1931 933 1988 votis
953 1948 1009 1987 non
1030 1928 1212 1986 reservatio.”
1254 1929 1327 1988 Item
1347 1932 1376 1988 in

286 2032 395 2108 legibus
409 2031 503 2088 latisa
523 2032 603 2107 Papa
616 2048 668 2108 pro
689 2031 737 2088 illa
756 2029 914 2105 particulari
936 2029 1073 2095 Dioecesi,
1094 2029 1124 2086 in
1144 2029 1247 2114 quibus
1267 2029 1377 2087 videtur

285 2130 382 2188 relicta
402 2128 518 2186 facultas
539 2127 724 2206 dispensandi
749 2129 824 2187 illius
851 2128 975 2204 prelato.
1017 2127 1089 2185 Item
1109 2137 1202 2203 potest
1221 2131 1377 2206 episcopus

285 2228 449 2304 dispensare
463 2229 493 2286 in
505 2229 616 2307 legibus
629 2229 826 2287 communibus
841 2228 999 2294 Pontificio,
1014 2245 1048 2284 v:
1064 2247 1106 2304 gr.
1120 2228 1151 2285 in
1163 2227 1376 2303 impedimentis

287 2329 468 2395 matrimonii,
492 2329 522 2386 in
545 2326 802 2406 irregularitatibus,
833 2328 862 2383 in
888 2327 959 2384 votis
985 2328 1143 2394 reservatio,
1170 2337 1199 2384 et
1223 2327 1375 2394 similibus,

288 2423 401 2498 quando
415 2444 473 2483 nou
487 2437 529 2484 est
551 2427 641 2484 facilis
665 2423 756 2481 aditus
778 2424 813 2481 ad
834 2425 954 2504 Papam,
969 2435 997 2483 et
1015 2427 1171 2502 periculum
1184 2436 1228 2483 est
1241 2427 1271 2484 in
1284 2447 1373 2494 mora,

288 2523 423 2598 quiahoc
436 2525 553 2601 expedit
566 2525 601 2582 ad
614 2524 894 2582 commonebonum.
918 2566 925 2580 .
948 2567 955 2582 .
979 2566 985 2582 .
1009 2525 1131 2583 Parochi
1151 2535 1272 2601 possunt
1291 2528 1374 2584 etiam

287 2625 452 2701 dispensare
467 2645 533 2684 cum
546 2627 606 2684 suis
620 2625 721 2682 ovibus
735 2625 765 2683 in
783 2624 904 2700 jejunio,
918 2633 946 2680 01
959 2624 1153 2682 observatione
1165 2625 1312 2693 festorum,
1327 2627 1374 2683 ubi

287 2744 344 2784 non
357 2735 402 2782 est
414 2725 504 2784 facilis
517 2743 647 2784 recursus
658 2723 692 2781 ad
706 2722 905 2800 episcopum.”
928 2731 947 2760 ‘⁴
958 2723 999 2780 Et
1008 2723 1037 2779 in
1047 2723 1092 2781 his
1103 2725 1235 2782 omnibus
1247 2723 1375 2783 dicuntur

287 2826 416 2900 episcopi
431 2825 598 2900 dispensare
604 2826 669 2900 jure
682 2823 833 2889 ordinari0,
848 2839 914 2896 cunr
928 2823 989 2880 talis
1003 2821 1119 2879 facultas
1133 2824 1175 2880 eis
1189 2836 1333 2901 competat
1345 2827 1372 2882 vi

287 2923 394 2996 proprii
408 2922 505 2988 officii,
520 2923 565 2978 cui
579 2931 623 2978 est
644 2931 779 2996 perpetuo
793 2921 911 2979 adnexa.
935 2963 942 2978 .
965 2962 972 2977 .
995 2962 1002 2977 .
1023 2920 1064 2978 Et
1082 2921 1147 2980 ideo
1166 2923 1239 2980 bene
1256 2935 1373 3000 possunt

285 3035 348 3074 eam
365 3017 448 3074 alicui
462 3017 601 3094 delegare,
612 3026 644 3074 ut
656 3026 763 3075 certum
777 3016 874 3074 est.'’⁴-
886 3019 920 3076 In
930 3019 983 3077 hac
995 3021 1110 3097 regione
1124 3020 1268 3080 facultates
1279 3025 1371 3099 plures

285 3116 450 3191 hujusmodi
469 3117 667 3184 missionariis,
688 3117 717 3173 vi
740 3115 840 3174 indulti
861 3119 1018 3194 apostolici,
1040 3119 1131 3176 solent
1150 3124 1369 3180 communicari:

285 3213 336 3273 sed
349 3233 401 3272 nec
415 3215 455 3282 hi,
470 3233 523 3273 nec
536 3217 665 3293 episcopi
678 3216 735 3293 ipsi
749 3229 868 3292 possunt
880 3218 1003 3294 generali
1017 3218 1138 3290 quadam
1156 3221 1263 3278 ratione
1277 3223 1370 3280 tollere

284 3314 485 3391 obligationem
499 3315 629 3374 servandi
641 3317 830 3373 universalem
841 3317 979 3375 Ecclesiae
994 3317 1096 3392 legem.

325 3419 381 3494 50..
396 3415 469 3474 Sunt
481 3415 554 3478 inter
566 3415 714 3492 theologos
728 3416 776 3487 qui
789 3417 932 3491 episcopis
956 3417 1111 3492 generatim
1124 3417 1269 3478 vindicent
1281 3431 1370 3496 potes·

286 3525 370 3573 tatem
393 3514 576 3593 dispensandi
599 3516 629 3572 in
653 3517 731 3574 omni
752 3515 816 3591 lege
837 3515 1037 3583 ecclesiastica,
1059 3509 1144 3588 quani
1165 3518 1300 3577 Pontifex
1320 3521 1370 3578 sibi

285 3615 467 3670 relaxandam
491 3633 626 3689 expresse
650 3634 707 3672 non
720 3616 887 3683 reservarit3
908 3633 943 3671 eo
963 3615 1106 3691 precipue
1125 3617 1246 3676 nitentes
1273 3629 1366 3677 textu:

288 3711 391 3776 “Quia
405 3721 499 3769 tamen
513 3713 642 3770 conditor
656 3714 773 3771 canonis
783 3713 845 3788 ejus
860 3714 1064 3772 absolutionem
1075 3716 1130 3772 sibi
1142 3718 1303 3791 specialiter
1315 3737 1368 3776 non

286 3812 411 3878 retinuit,
431 3829 466 3868 00
492 3810 556 3886 ipso
583 3813 758 3868 concessisse
784 3811 895 3871 videtur
913 3813 1072 3871 facultatem
1096 3814 1158 3871 aliis
1178 3807 1368 3874 relaxandi.”⁵

286 3911 521 3970 Animadvertunt
533 3910 617 3968 etiam
630 3911 831 3986 episcoporum
842 3910 1078 3988 jurisdictionem,
1093 3933 1108 3969 a
1122 3913 1186 3972 Deo
1207 3916 1366 3991 profectam,

286 4009 402 4068 liberam
416 4030 541 4079 manere,
556 4009 690 4083 quamdiu
704 4011 848 4070 vinculum
870 4011 1012 4084 quoddam
1025 4013 1052 4070 01
1066 4032 1082 4069 a
1095 4015 1241 4089 superiore
1256 4016 1367 4074 auctori·

320 4243 363 4305 (1)
383 4241 446 4292 Vide
456 4241 588 4294 Susiane
600 4247 646 4308 leg.
659 4250 674 4297 l.
686 4250 716 4298 vi.
726 4265 746 4300 c.
759 4249 807 4299 xiv.
909 4245 952 4312 (2)
971 4247 998 4296 S.
1010 4247 1086 4311 Alph.
1100 4250 1115 4296 l.
1127 4249 1142 4297 1.
1156 4265 1181 4297 n.
1194 4249 1249 4298 190.

319 4324 360 4390 (3)
381 4324 409 4374 L.
422 4326 453 4381 vl·
466 4328 496 4377 de
508 4330 553 4390 leg.
567 4347 587 4378 c.
600 4345 640 4398 xy.
651 4348 676 4383 n.
689 4335 714 4382 4.
910 4332 952 4397 (4)
972 4331 996 4378 8.
1010 4332 1161 4396 Alphonsus,
1174 4333 1189 4382 1.
1201 4333 1216 4382 i.
1229 4350 1252 4382 n.
1267 4333 1319 4381 190.

615 4419 651 4474 (5)
664 4418 724 4481 Cap.
733 4433 818 4480 nuper.
830 4417 859 4466 de
867 4425 928 4467 sent.
940 4431 1059 4466 excomm.
