3146 5266
554 469 611 570 IlE
632 467 918 530 PASSIONIBUS.
1248 477 1286 533 39

186 631 341 698 illatum.”·¹
362 635 427 692 Prae
441 633 508 691 odio
523 634 565 692 ira
573 633 645 692 levis
656 642 709 702 est,
720 651 787 694 noan
802 642 821 671 “
830 635 931 693 odiens
941 635 1164 712 appetitmalum
1172 637 1284 697 inimici

188 740 360 810 inquantum
369 742 413 790 est
422 733 548 791 malum:
560 733 649 792 iratus
663 741 757 790 autem
770 735 877 810 appetit
885 734 992 792 malum
1006 735 1080 812 ejus,
1092 743 1189 794 contra
1199 755 1286 810 quem

191 836 328 902 irascitur,
340 853 399 893 non
412 833 443 890 in
456 841 595 904 quantum
609 840 654 891 eet
663 831 781 900 malum,
792 833 843 891 sed
856 834 1032 906 inquantum
1046 833 1132 892 habet
1144 835 1290 910 quandam

187 935 328 992 rationem
340 934 427 1000 boni3
448 932 557 989 seilicet
571 940 654 1006 prout
675 930 795 988 aestimat
814 932 884 992 illud
897 949 961 988 osse
970 932 1092 1007 justum,
1106 933 1290 1006 inquantum

188 1041 233 1089 est
245 1023 498 1090 vindieativum.”²
539 1029 709 1088 “Vindictae
719 1037 812 1088 autem
821 1031 854 1088 fit
866 1049 918 1107 per
926 1029 1085 1089 illationem
1095 1051 1199 1110 poenae.
1233 1034 1290 1092 Eu

190 1139 285 1189 autem
304 1129 341 1188 de
360 1131 469 1188 ratione
489 1147 591 1204 poenae‚
615 1126 691 1202 quod
711 1128 747 1184 sit
766 1131 904 1188 contraria
929 1129 1075 1197 voluntati,
1095 1139 1124 1188 et
1151 1130 1228 1204 quod
1255 1134 1292 1190 sit

190 1228 333 1296 efflictim,
347 1239 376 1286 et
388 1227 465 1302 quod
478 1246 530 1303 pro
542 1227 638 1299 aliqua
650 1226 735 1303 culpa
753 1227 896 1288 inferatur.
939 1228 980 1286 Et
992 1227 1057 1286 ideo
1071 1227 1157 1286 iratus
1170 1231 1228 1288 hoo
1242 1249 1292 1308 ap·

190 1329 269 1404 petit,
289 1327 381 1385 utillo
399 1327 445 1386 eui
457 1333 664 1386 nocumentum
676 1325 771 1394 infert,
785 1328 924 1405 pereipiat
936 1337 964 1384 et
976 1326 1079 1395 doleat,
1094 1337 1122 1384 et
1135 1328 1212 1399 quod
1226 1348 1292 1407 cog·

191 1435 290 1484 noseat
302 1435 417 1502 propter
429 1426 563 1502 injuriam
577 1425 684 1482 illatam
703 1423 756 1481 sibi
776 1425 831 1484 hoo
851 1427 1012 1502 provenire.
1048 1425 1115 1494 ,Sed
1134 1426 1236 1486 odiens
1256 1427 1292 1486 do

191 1525 249 1582 hoe
269 1526 342 1583 nihil
363 1534 457 1583 curat:
479 1525 547 1597 quia
573 1523 685 1600 appetit
706 1522 813 1582 malum
839 1525 963 1594 alterius,
984 1526 1014 1583 in
1033 1533 1174 1598 quantum
1193 1527 1293 1604 hujus·

195 1615 323 1682 modi-”3

237 1726 287 1779 77.
302 1721 329 1778 A
340 1720 372 1776 S.
382 1719 521 1796 Gregorio
533 1721 580 1778 ire
593 1721 711 1778 effecum
725 1721 767 1778 sie
776 1720 990 1780 deseribuntur:
1007 1731 1026 1758 “
1035 1722 1085 1781 irae
1098 1739 1157 1781 euae
1168 1725 1293 1784 stimulis

195 1837 349 1891 accensum
372 1837 421 1876 eor
445 1819 571 1895 palpitat,
594 1838 696 1896 eorpus
719 1820 823 1886 tremit,
849 1821 947 1896 lingua
971 1839 1003 1878 ee
1029 1821 1176 1898 praepedit,
1203 1821 1293 1881 facies

195 1902 327 1994 ignescit,
348 1926 548 1993 exasperantur
566 1919 651 1986 oeuli,
673 1927 701 1975 ot
722 1936 903 1994 nequaquam
922 1928 1165 1994 recognoscuntur
1184 1917 1296 1979 noti.'’⁴

199 2017 277 2074 “Ira
288 2015 477 2092 intelligentiae
497 2017 590 2075 lucem
610 2016 755 2085 subtrahit,
776 2018 842 2075 o'um
865 2023 989 2078 mentem
1009 2017 1205 2094 permovendo
1225 2039 1295 2080 oon·

165 2101 167 2105 ⁵
195 2108 334 2174 fundiffl
374 2116 459 2191 Saepe
480 2115 675 2175 mainfestatur
693 2117 884 2185 contumeliis,
899 2115 1068 2184 maledictis,
1093 2126 1123 2175 et
1144 2119 1294 2178 vorborum

196 2215 278 2292 copia
287 2231 305 2268 ε-
317 2212 468 2286 aliquando
481 2213 625 2272 silentium
638 2211 745 2274 inducit
756 2233 814 2292 prae
827 2215 916 2273 nimia
928 2213 1134 2292 indignatione.

234 2311 280 2369 De
293 2313 378 2370 variis
391 2311 437 2370 his
448 2311 536 2371 animi
548 2313 680 2381 motibus,
694 2323 777 2390 prout
789 2313 896 2391 regulis
908 2331 1021 2373 morum
1034 2314 1191 2390 subjaoent,
1214 2314 1291 2374 dein·

202 2426 269 2488 ceps
282 2409 436 2470 dioendnm
448 2413 511 2470 erit.

238 2583 280 2648 (1)
299 2585 315 2633 ¹·
326 2586 350 2634 2·
359 2598 400 2647 uu·
411 2584 568 2634 namu.
602 2583 681 2651 Rop.
846 2586 887 2654 (a)
906 2586 1063 2647 naaman.
1076 2587 1108 2636 vi.
1142 2585 1218 2654 neap.

238 2665 281 2732 (3)
300 2668 400 2726 Ibidem.
411 2669 503 2722 aava
536 2667 733 2721 idamaeam.
837 2672 879 2738 (4)
893 2672 924 2724 n.
935 2689 959 2722 v.
970 2669 1060 2722 Moru.
1071 2686 1092 2720 ο.
1104 2671 1172 2720 ma

239 2752 283 2815 (5)
304 2750 407 2802 Ibidem.
