3068 5256
478 489 535 548 DE
558 488 722 556 QUINTO
743 488 995 552 PRAEOEPTO.
1237 501 1291 558 111

200 662 406 726 consequenter
419 651 571 712 dicendum
592 655 645 712 erit
657 656 687 711 in
706 655 784 712 nullo
803 655 899 712 abortu
912 655 1098 716 homicidium
1114 661 1252 718 committi
1263 661 1293 719 :”

198 752 248 808 sed
266 753 411 828 plerisque
433 753 538 828 placuit
557 752 804 828 quadragesimum
825 753 972 830 adsignare
992 755 1068 814 diem
1086 759 1230 828 masculis,
1244 777 1291 818 oc·

197 852 368 925 togesimum
382 851 527 910 foeminis:
550 870 613 923 quae
627 852 696 907 ratio
710 851 882 908 discriminis
897 853 926 909 in
940 852 1029 911 Curia
1041 856 1158 914 obtinet.

237 952 305 1004 118.
326 948 432 1025 Ingens
447 951 558 1006 abortus
569 950 662 1006 scelus
676 951 776 1006 Sixtus
787 949 825 1006 V.
840 953 1016 1025 gravissimis
1026 954 1101 1010 ultus
1115 964 1158 1011 est
1170 953 1290 1030 poenis‚¹

196 1065 265 1118 quas
280 1046 456 1116 aliquatenus
470 1049 608 1124 mitigavit
625 1047 782 1123 Gregorius
802 1049 898 1116 XIV.;
920 1052 968 1121 qui
988 1060 1082 1108 tamen
1101 1054 1197 1110 stamit
1209 1054 1290 1111 abor·

195 1155 254 1215 tum
266 1144 351 1202 soetus
365 1148 481 1204 animati
494 1148 530 1203 iis
550 1148 706 1222 subjacere,
728 1149 1016 1206 excommunicationi
1030 1150 1149 1218 scilicet,
1164 1153 1198 1208 ab
1212 1152 1289 1228 epis·

196 1261 280 1318 copo,
294 1245 341 1299 vel
354 1244 498 1301 sacerdote
512 1245 545 1300 ab
559 1264 594 1301 eo
608 1244 746 1320 delegato,
761 1245 920 1312 solvendae:
942 1257 970 1304 et
983 1247 1176 1322 irregularitati
1191 1249 1289 1308 Ponti-

195 1341 242 1398 fici
255 1337 432 1401 reservatae.²
472 1344 591 1409 Quoties
606 1353 700 1400 eutem
714 1343 748 1398 de
769 1361 872 1416 genere
892 1344 976 1402 foetus
990 1364 1047 1402 non
1065 1355 1184 1414 constat,
1199 1367 1291 1422 poenae

196 1439 229 1494 ab
244 1442 422 1516 octogesimo
436 1441 480 1498 die
494 1451 703 1516 computantur,
719 1441 768 1512 qui
782 1442 891 1499 scilicet
909 1443 1008 1501 foetum
1022 1452 1086 1500 ante
1105 1443 1135 1500 id
1155 1445 1291 1521 temporis

197 1547 370 1614 aeonceptu
393 1540 521 1614 elapsum
541 1540 672 1606 extinxit,
694 1540 819 1594 censuris
833 1542 934 1616 ligatus
953 1561 1011 1598 non
1030 1551 1170 1599 censetur.
1212 1543 1291 1618 Lege

197 1635 273 1691 civili
296 1638 406 1693 abortus
428 1637 592 1714 hujusmodi
614 1635 800 1695 homicidium
823 1639 892 1696 olim
917 1634 1097 1697 habebatur.³
1146 1640 1291 1699 Caeterum

197 1733 282 1789 foetus
305 1735 389 1794 etiam
415 1735 561 1794 inanimati
584 1737 696 1792 abortus
722 1754 805 1810 grave
831 1747 874 1793 est
899 1739 1018 1804 crimen,
1046 1736 1123 1809 quod
1149 1739 1227 1796 nulla
1248 1757 1291 1794 ra·

196 1833 272 1888 tione
291 1835 420 1890 excusari
441 1836 539 1902 valeat,
554 1853 643 1906 quum
662 1835 725 1890 vitae
739 1834 864 1890 hominis
885 1837 995 1890 obstet:
1018 1844 1191 1910 quapropter
1210 1835 1289 1894 dam·

197 1931 275 1986 navit
296 1931 478 1990 Innocentius
504 1935 559 1990 XI.
583 1932 827 2008 propositionem:
860 1933 972 1989 “Licet
993 1950 1143 2007 procurare
1166 1934 1294 1991 abortum

200 2035 263 2084 ante
277 2030 475 2088 animationem
488 2032 582 2098 fietus,
596 2049 633 2088 ne
647 2031 741 2105 puella
754 2017 935 2104 deprehensa¹
950 2030 1065 2107 gravida
1077 2031 1231 2098 occidatur,
1246 2039 1293 2089 aut

198 2122 396 2185 infametur.”⁴
437 2137 457 2164 ‘⁴
467 2129 592 2196 Nobis,'’
614 2129 707 2199 inquit
720 2129 922 2196 Tertullianus,
951 2128 1137 2187 “homicidio
1151 2129 1240 2188 semel
1253 2129 1295 2188 iu·

197 2225 324 2292 terdioto,
351 2226 436 2284 etiam
458 2237 628 2303 conceptum
647 2235 736 2292 utero,
758 2227 826 2284 dum
848 2227 939 2284 adhuc
959 2229 1075 2302 sanguis
1095 2229 1126 2286 in
1146 2228 1295 2285 hominem

198 2322 371 2391 deliberatur,
386 2323 540 2382 dissolvere
554 2326 699 2383 nonlicet.
742 2324 900 2382 Homicidii
920 2325 1060 2382 festinatio
1080 2335 1123 2383 est
1136 2325 1292 2402 prohibere

196 2423 292 2488 nasci:
313 2442 365 2479 neo
379 2423 464 2480 refert
476 2431 570 2480 natam
583 2426 648 2495 quis
662 2423 762 2498 eripiat
775 2425 907 2490 animam,
918 2442 954 2480 an
964 2422 1100 2482 disturbet
1113 2433 1288 2481 nascentem.

198 2519 296 2577 Homo
310 2513 353 2577 est
372 2515 421 2591 ¹qm
441 2521 550 2578 futurus
570 2532 623 2588 est,
643 2539 710 2578 nam
729 2521 835 2578 fruetus
858 2523 888 2578 in
908 2523 1017 2582 semine
1038 2514 1129 2579 est.”⁵
1170 2521 1293 2579 Constat

197 2612 354 2688 numquam
364 2619 450 2674 licere
464 2621 591 2676 abortum
612 2637 771 2693 procurare,
787 2637 875 2689 quum
889 2637 934 2674 res
955 2637 1006 2693 per
1019 2636 1049 2672 se
1064 2619 1138 2675 mela
1151 2620 1187 2673 sit
1199 2619 1293 2691 impe·

200 2715 261 2770 dire
274 2733 310 2769 ne
322 2716 409 2771 homo
423 2726 557 2783 nascatur,
572 2718 621 2788 qui
635 2719 665 2774 in
679 2716 790 2771 semine
806 2717 868 2790 jam
881 2723 934 2770 est.
977 2713 1062 2778 Quod
1077 2715 1157 2768 aivis
1171 2714 1244 2769 facta
1259 2714 1296 2769 sit

200 2812 307 2879 invitae,
322 2828 384 2869 non¹
399 2813 531 2870 audemus
552 2833 615 2871 eam
636 2815 768 2870 damnare
788 2831 887 2869 semen
908 2812 1010 2888 ejicere
1030 2819 1180 2867 conantem
1201 2810 1295 2867 statim

198 2920 264 2986 post
276 2912 392 2977 coitum,
405 2903 531 2969 nondum
544 2915 621 2969 enim
635 2909 771 2987 possidet,
793 2920 821 2966 et
834 2911 919 2967 veluti
938 2910 1052 2967 invasor
1064 2909 1186 2985 injustus
1200 2909 1292 2983 repel-

197 3000 296 3066 liturz⁶
316 3027 397 3066 secus
418 3011 443 3066 si
462 3011 551 3067 semel
564 3011 713 3085 pacificam
726 3010 939 3084 possessionem
960 3008 1120 3064 obtinuerit.
1163 3007 1199 3065 In
1212 3007 1290 3064 coitu

200 3115 291 3164 autem
305 3109 402 3179 utique
416 3117 509 3184 potest
522 3108 659 3182 impedire
674 3127 709 3164 ne
724 3126 823 3163 semen
835 3098 1009 3182 recipiatur.⁷

241 3208 306 3262 119.
328 3207 466 3272 Quaerunt
478 3207 604 3280 theologi
617 3215 710 3263 utrum
724 3206 807 3262 liceat
825 3206 907 3262 matri
927 3205 1072 3279 aegrotanti
1085 3203 1213 3277 praebere
1232 3219 1291 3260 mc·

201 3302 331 3370 dicinmn,
345 3323 412 3362 cum
425 3299 537 3361 abortus
557 3305 693 3380 periculo
729 3302 880 3374 ¹Equidem
894 3304 918 3359 si
939 3303 1023 3358 soetus
1044 3292 1170 3357 nondum
1183 3301 1221 3356 sit
1233 3300 1291 3356 ani·

201 3411 301 3469 matus,
327 3403 410 3459 facile
437 3403 597 3461 concedunt
622 3403 750 3478 plerique
777 3402 862 3458 licere
888 3399 1061 3458 medicinam
1086 3398 1229 3472 porrigere
1256 3395 1292 3453 ad

305 3650 501 3704 Constitutione:
519 3653 687 3706 Effroenatam.

243 3649 255 3796 i
273 3649 285 3798 i
305 3735 410 3786 Constit.
422 3737 499 3786 Sedes
511 3733 659 3802 Apostoliea.
673 3755 739 3788 anno
754 3738 826 3787 1591.

275 3985 286 4048 l

259 3651 269 3695 l

257 3737 272 3779 2

241 3816 269 3879 (3
302 3818 376 3868 “But
388 3821 430 3869 the
448 3821 548 3870 modern
567 3823 614 3870 law
624 3823 685 3870 doth
702 3829 746 3871 not
762 3822 818 3870 look
830 3835 897 3884 upon
914 3818 963 3868 this
975 3819 1068 3867 alienos
1080 3817 1107 3866 in
1119 3817 1185 3879 quita
1201 3831 1228 3863 so
1241 3823 1302 3864 atro·

208 3899 275 3950 oions
287 3918 301 3949 a
313 3903 381 3963 light,
390 3904 538 3968 butmerely
551 3921 578 3952 as
589 3922 604 3953 a
616 3905 719 3955 heincus
729 3901 930 3954 misdemeanor.”
960 3903 1114 3958 Blackstone,
1126 3900 1142 3950 l.
1157 3901 1178 3945 l.
1190 3913 1215 3946 n.
1229 3897 1283 3945 130.

259 3983 274 4030 4
301 3985 373 4050 Prop.
386 3985 426 4035 34.
438 3988 500 4035 inter
512 3977 656 4037 damnatas.¹

271 3819 282 3881 )

242 4073 284 4136 (a)
298 4073 372 4135 Apol.
384 4060 449 4120 en.
474 4061 1036 4136 viaeatur.'ray101‚nue.uub.1.n.a1.
1065 4067 1120 4116 v01.
1129 4067 1153 4116 a.
1165 4083 1190 4131 p.
1205 4065 1263 4115 ese.

240 4159 277 4218 (6)
296 4157 332 4204 lta
341 4156 460 4214 Sanchez,
473 4157 522 4206 12.
536 4158 598 4206 Dist.
611 4157 651 4204 22.
665 4173 689 4207 n.
705 4160 742 4206 17.
755 4155 848 4204 Contra
860 4153 939 4211 stentit¹
949 4151 975 4200 S.
988 4151 1131 4217 Alphonsus
1142 4151 1173 4200 de
1184 4149 1239 4212 Lig.
1253 4150 1268 4199 1.
1277 4151 1302 4197 9.

213 4254 238 4287 n.
248 4241 305 4288 954.

241 4325 281 4390 (7)
301 4323 327 4372 S.
341 4322 497 4388 Alphonsus,
509 4323 607 4374 ibidem.
