3076 5260
332 532 769 613 DE10BL1GATIONIBUS
790 533 1080 595 OLERIOORUM.
1194 541 1252 596 343

164 700 232 760 dum
256 700 351 758 Deum
369 699 543 758 ....fonna
565 701 631 758 facti
652 701 746 777 gregis
769 720 806 759 ex
832 695 976 760 animo.”¹
1016 703 1078 760 Eos
1098 699 1256 778 presertim

165 809 275 878 spectat
287 799 402 858 concilii
420 798 582 858 Tridentini
603 799 765 858 decretum:
788 808 808 835 ‘⁴
821 799 897 858 Ounr
910 811 1053 886 praecepto
1066 801 1163 860 divino
1177 820 1257 859 man·

167 899 262 956 datrnn
279 899 316 956 sit
335 898 477 966 omnibus,
493 899 595 970 quibus
619 917 685 955 cura
706 900 861 957 animamm
875 901 1029 958 commissa
1042 909 1094 968 est,
1108 917 1177 958 oves
1191 919 1257 960 suas

167 983 332 1074 agnoseere,
347 1015 399 1072 pro
416 996 463 1054 his
479 997 649 1054 sacrificium
666 997 778 1065 offerre,
793 998 927 1070 verbique
942 997 1032 1056 divini
1045 997 1256 1074 praedicatione,

167 1103 410 1155 sacramentorum
423 1093 676 1163 administratione,
691 1116 723 1154 ac
734 1097 873 1155 bonorum
888 1098 1016 1155 onmium
1030 1115 1148 1174 operum
1162 1115 1258 1156 erem·

167 1196 215 1270 plo
226 1213 360 1270 pascerc3
381 1211 552 1270 pauperum,
563 1195 736 1268 aliarumque
750 1195 953 1253 miserabilium
966 1214 1151 1272 personamm
1161 1215 1258 1256 curam

167 1304 315 1370 paternam
334 1310 442 1370 gerere,
463 1301 492 1350 et
516 1293 547 1352 in
573 1303 674 1351 caetera
693 1295 791 1354 munia
815 1295 965 1370 pastoralia
990 1295 1171 1354 incumbere:
1194 1313 1256 1372 quae

168 1394 267 1452 omnia
279 1409 456 1464 nequaquam
469 1391 503 1450 ab
516 1392 553 1450 iis
571 1393 697 1468 praestari
709 1401 737 1450 et
754 1391 869 1468 impleri
891 1404 1021 1469 possunt,
1036 1395 1085 1465 qui
1108 1395 1188 1470 gregi
1199 1373 1258 1452 ‘suo

168 1509 227 1549 non
240 1491 396 1568 invigilant,
410 1509 504 1564 neque
518 1492 666 1558 assistunt,
679 1491 731 1550 sed
747 1493 986 1549 mercenariorum
1004 1510 1083 1550 more
1104 1490 1256 1550 deserente

168 1591 357 1648 Sacrosancta
364 1589 500 1666 Synodus
514 1608 564 1647 eos
574 1571 716 1657 admonet,
728 1598 756 1646 et
765 1589 899 1658 hortatur,
913 1599 945 1647 ut
957 1590 1119 1647 diuinorum
1133 1607 1257 1666 praecep·

169 1698 260 1746 torum
273 1707 426 1756 memores,
441 1687 564 1760 factique
577 1688 669 1746 forma
682 1689 787 1765 gregis,
798 1689 828 1748 in
837 1688 948 1764 judicio
961 1697 990 1744 et
1004 1689 1117 1746 veritate
1130 1698 1257 1763 pascant,

169 1796 197 1845 et
214 1779 363 1864 regant.”²
403 1785 536 1844 Desierat
555 1786 661 1844 idcirco
683 1804 734 1844 eos
755 1784 901 1862 “obligari
923 1783 958 1843 ad
971 1785 1150 1862 personalem
1164 1787 1194 1843 in
1207 1804 1259 1846 sua

169 1885 289 1944 ecclesia
308 1883 355 1943 vel
377 1883 492 1942 dioecesi
510 1882 703 1952 residentiam,
724 1883 773 1943 ubi
791 1883 919 1961 injuncto
939 1885 993 1941 sibi
1011 1901 1129 1942 munere
1143 1882 1259 1962 defungi

170 1994 330 2042 teneantur:
351 1999 444 2054 neque
456 1983 556 2041 abesse
570 2001 667 2058 posse,
681 1984 787 2041 nisiex
801 1983 904 2050 causis,
919 1992 947 2040 et
960 1983 1052 2041 modis
1066 1982 1258 2060 infrascriptis.

171 2083 247 2140 Nam
258 2081 501 2172 cumflflhristiana
511 2081 641 2150 charitas,
652 2101 756 2160 urgens
769 2082 935 2150 necessitas,
946 2080 1039 2140 debita
1048 2079 1217 2151 obedientia,
1227 2102 1260 2141 ac

172 2179 287 2239 evidens
301 2181 442 2240 Ecclesiae
456 2180 683 2258 velReipublicae
692 2182 797 2240 utilitas
812 2181 922 2252 aliquos
937 2200 1152 2254 nonnumquam
1161 2183 1260 2240 abesse

171 2279 323 2357 postulent,
346 2289 374 2338 et
399 2281 531 2356 exigant3
553 2279 680 2338 decernit
704 2279 803 2338 cadem
829 2279 1015 2338 Sacrosaneta
1041 2278 1188 2358 synodus,
1210 2281 1260 2338 bas

169 2380 302 2455 legitime
316 2380 450 2439 absentie
464 2397 565 2436 causas
579 2398 595 2436 a
608 2378 779 2440 Beatissimo
797 2379 928 2447 Romano
943 2379 1094 2448 Pontifice,
1108 2389 1156 2436 aut
1168 2399 1184 2436 a
1197 2381 1262 2439 Me·

170 2477 349 2554 tropolitano,
363 2479 419 2546 vel,
429 2496 464 2536 eo
475 2479 602 2546 absente,
613 2465 793 2555 suffraganeo
803 2479 941 2556 episcopo
949 2481 1100 2553 antiquiori
1109 2477 1261 2546 residente,

171 2578 219 2650 qui
232 2575 309 2635 idem
329 2577 544 2652 Metropolitani
563 2578 720 2635 absentiam
741 2578 859 2653 probare
880 2577 1000 2646 debebit,
1021 2579 1051 2636 in
1070 2578 1184 2654 scriptis
1199 2597 1262 2636 esse

170 2675 367 2752 approbandas
379 2718 386 2734 .
398 2717 405 2733 .
419 2717 425 2732 .
437 2675 473 2732 ad
481 2675 605 2735 eundem
621 2685 716 2735 tamen
729 2694 794 2734 cum
808 2676 931 2734 concilio
942 2676 1111 2751 provinciali
1126 2677 1263 2751 spectabit

166 2773 297 2851 judicare
310 2772 344 2830 de
356 2774 476 2832 licentiis
490 2794 507 2832 a
519 2775 614 2844 se,vel
627 2794 644 2832 a
656 2774 837 2851 suffraganeo
850 2772 969 2841 datia,et
982 2773 1088 2842 videre,
1102 2792 1138 2831 ne
1152 2775 1216 2846 quis
1227 2793 1262 2832 eo

166 2873 232 2950 jure
247 2872 390 2940 abutatur3
411 2881 438 2929 et
451 2883 482 2931 ut
494 2874 587 2950 poenis
598 2873 743 2932 canonicis
758 2881 881 2930 errantes
895 2865 1094 2948 puniantur.”³
1135 2872 1263 2949 Urgente

173 2971 369 3046 persecutione
382 2991 440 3030 non
453 2972 538 3032 debet
549 2974 702 3050 episcopus
720 2972 851 3030 deserere
872 2990 987 3049 gregem
1001 2973 1048 3030 oui
1060 2973 1180 3050 pastoris
1194 2991 1264 3049 prae-

171 3071 262 3128 sentia
279 3071 316 3129 sit
338 3073 515 3130 necessaria:
537 3072 614 3144 quod
636 3073 662 3129 si
675 3072 702 3129 ei
718 3071 881 3148 provideat,
903 3071 1000 3129 licebit
1022 3072 1156 3150 aufugere
1172 3070 1263 3130 donec

171 3179 324 3244 tempestas
338 3169 421 3228 fuerit
433 3165 557 3228 sedata.⁴

210 3271 258 3329 34.
280 3268 432 3344 Synodum
446 3267 636 3328 dioecesanam
645 3269 794 3340 quotannis
808 3267 894 3326 debet
907 3267 1048 3326 celebrare
1057 3266 1082 3325 ε’
1106 3277 1135 3325 et
1147 3268 1261 3327 visitare

172 3367 337 3426 dioecesim:
361 3377 380 3404 ‘⁴
391 3368 574 3436 Patriarchae,
589 3369 741 3434 Primates‚
755 3366 982 3443 Metropolitsni,
998 3376 1026 3424 et
1047 3366 1176 3443 episcopi
1198 3385 1263 3443 pro·

172 3466 263 3542 priam
282 3465 428 3526 dioecesim
451 3485 503 3542 per
522 3467 645 3544 seipsos,
669 3476 716 3523 aut
735 3467 760 3524 si
779 3466 905 3542 legitime
926 3464 1057 3542 impediti
1077 3465 1193 3532 suerint,
1213 3484 1265 3540 per

172 3583 256 3622 suum
280 3567 440 3642 generalem
464 3565 623 3634 Vicarium,
646 3573 694 3622 aut
721 3565 915 3632 visitatorem,
936 3566 962 3623 si
989 3563 1139 3637 quotannis
1167 3571 1263 3630 totam,

173 3673 288 3741 propter
300 3665 364 3740 ejus
377 3662 565 3734 latitudinem,
580 3665 694 3723 visitare
712 3683 770 3723 non
783 3672 924 3740 potemnt,
939 3663 1040 3721 saltem
1052 3662 1190 3739 majorem
1201 3663 1266 3739 ejus

173 3772 293 3837 partem,
308 3763 345 3820 ita
365 3773 468 3833 tamen,
483 3773 515 3822 ut
527 3773 583 3822 tota
595 3763 776 3841 bienniolper
795 3781 837 3830 se,
855 3762 903 3820 vel
922 3764 1080 3824 visitatores
1103 3779 1170 3819 suos
1190 3779 1266 3818 com-

172 3861 291 3937 pleatur,
305 3862 417 3922 visitare
431 3881 490 3921 non
503 3855 762 3939 pretermittant.''⁶

212 3965 261 4018 35.
283 3959 432 4019 Tenentur
452 3961 583 4038 episcopi
602 3959 637 4018 ad
658 3960 880 4019 confirmationis
901 3970 1108 4020 sacmmentum
1132 3956 1273 4016 adminis-

174 4058 302 4118 trandum
329 4059 400 4117 adeo
425 4060 590 4134 frequenter
615 4069 646 4119 ut
666 4061 749 4136 copia
769 4060 806 4117 sit
827 4059 958 4117 fidelibus
986 4059 1054 4117 illud
1078 4057 1266 4134 suscipiendi.

211 4263 252 4328 (l)
275 4265 286 4312 l
300 4263 353 4312 Pet.
366 4278 389 4310 v.
398 4260 422 4310 2.
726 4263 766 4326 (2)
785 4261 850 4310 Sese.
864 4261 933 4311 xxiii.
943 4279 996 4327 cap.
1008 4263 1024 4312 i.
1037 4263 1067 4312 de
1076 4266 1172 4316 reform.

210 4346 250 4412 (3)
272 4347 371 4396 ibidem.
722 4349 762 4412 (4)
782 4347 808 4393 S.
820 4346 910 4396 Thom.
923 4347 946 4395 2.
959 4347 984 4396 2.
999 4365 1039 4414 qu.
1052 4351 1150 4401 clxxxv.
1163 4362 1206 4403 art.
1217 4369 1240 4403 v.

216 4433 258 4498 (5)
278 4431 344 4482 Sese.
356 4430 423 4482 nir.
434 4447 486 4498 cap.
494 4432 519 4482 ii
530 4431 560 4482 de
573 4429 614 4481 ref.
729 4433 768 4498 (6)
788 4430 888 4492 ibidem,
900 4447 921 4482 c.
933 4431 966 4481 iii.
