3202 5258
273 451 332 504 394
452 445 508 504 DE
529 440 795 514 FORENSIBUS
816 442 1187 504 OBLIGATIONIBUS.

275 609 445 668 Cavendum
467 609 553 668 etiam
573 627 609 668 ne
627 608 790 668 mercedem
809 611 977 687 ampliorem
991 629 1025 668 00
1038 628 1124 682 quam
1138 611 1235 668 statuit
1246 611 1306 678 lex,
1322 611 1370 668 vel

273 708 449 768 cousuetudo
461 717 585 784 receptu,
598 709 734 784 exigant:
750 728 816 768 nem
825 727 963 770 excessus
973 709 1162 768 restituendus
1176 709 1258 777 foret,
1267 722 1367 786 utpote

274 827 340 866 curu
360 808 464 885 injuria
483 807 575 866 1100110
594 817 722 866 exactus.
765 810 853 868 Varia
874 818 943 866 sunt
961 807 1127 867 officialium
1147 809 1327 884 publicorum
1340 819 1369 866 et

274 907 432 966 forensium
444 908 571 974 nomina,
585 907 786 981 varianturque
800 909 906 974 munia,
920 926 973 984 pro
986 908 1116 966 locorum
1129 907 1301 966 diversitate.

317 1009 384 1064 tte.
400 1005 539 1064 Refereus
550 1005 651 1064 dicitur
664 1009 713 1078 qui
727 1010 780 1066 sub
788 1007 919 1065 tribunali
926 1006 1029 1064 sedens
1035 1008 1158 1065 breviter
1167 1015 1245 1064 notat
1251 1016 1280 1063 et
1288 1007 1373 1064 refert

275 1123 337 1176 que
359 1124 375 1162 a
398 1106 513 1164 testibus
534 1105 675 1172 dicuntur,
696 1107 742 1164 vel
762 1125 825 1179 quae
846 1105 1000 1164 afferuntur
1019 1108 1261 1172 instrumentum
1277 1122 1370 1163 eausae

273 1203 381 1268 merita,
403 1212 435 1260 ut
449 1203 590 1280 judiciam
612 1204 727 1262 feratur.
769 1206 876 1262 Peccat
895 1213 990 1261 autem
1012 1207 1038 1262 si
1059 1222 1111 1261 sua
1124 1203 1307 1280 negligentia,
1323 1201 1369 1260 vel

274 1302 397 1366 inscitia,
411 1300 457 1358 vel
469 1302 590 1376 partium
605 1301 710 1369 studio,
724 1303 830 1375 aliquid
843 1304 939 1360 minus
953 1312 1082 1360 accurate
1095 1301 1210 1360 reserat.

317 1402 384 1456 143.
400 1399 574 1456 Secretarius
584 1401 777 1476 juramentum
788 1403 938 1467 ministrat,
949 1402 1135 1460 instrumenta
1147 1401 1205 1458 litis
1220 1401 1249 1457 in
1263 1400 1370 1457 scrinio

274 1506 378 1563 servat,
397 1497 503 1574 judicis
527 1499 697 1558 sententiam
718 1500 886 1566 transcribit,
910 1509 939 1556 et
958 1500 1119 1559 authentica
1139 1498 1223 1557 trudit
1243 1499 1369 1574 partibus

275 1595 453 1656 documenta.
496 1596 604 1656 Fidelis
618 1598 655 1655 eit
673 1607 702 1656 et
715 1607 860 1656 accuratus
873 1606 994 1672 eportet,
1015 1608 1043 1655 et
1056 1600 1169 1670 utrique
1188 1596 1369 1654 contendenti

276 1713 386 1766 equus.

317 1798 384 1852 144.
406 1794 575 1852 Procurator
587 1796 699 1854 clientis
712 1797 757 1853 sui
769 1795 885 1854 nomine
899 1805 1053 1870 comparet,
1068 1805 1097 1854 et
1109 1796 1206 1852 omnia
1218 1801 1297 1868 parat
1308 1793 1369 1851 litis

275 1894 471 1958 instrumenta,
486 1893 588 1964 quibus
603 1893 755 1952 advocatus
769 1895 861 1971 possit
873 1911 933 1951 reru
947 1912 1055 1970 gerere.
1097 1891 1185 1970 Apud
1206 1910 1259 1948 nos
1286 1891 1372 1948 advo·

275 2001 354 2049 catus
363 1992 464 2068 junior
475 1989 537 2048 haec
550 1993 609 2049 obit
621 1995 728 2059 munia,
743 2001 771 2049 et
789 2001 940 2065 utrumque
954 2010 1059 2050 munus
1072 1991 1179 2051 idcirco
1192 1989 1270 2048 idem
1284 1990 1371 2048 habe·

278 2098 330 2146 tur.
373 2091 446 2157 Qus
459 2090 544 2165 igitur
557 2089 592 2148 de
606 2089 742 2149 advocato
756 2091 830 2148 dictu
842 2100 918 2156 sunt,
929 2092 1197 2166 procuratorietiam
1212 2107 1372 2147 accommo-

277 2187 478 2264 daripossunt.

319 2291 387 2346 145.
409 2287 508 2344 Scriba
528 2286 661 2362 pleraque
675 2288 749 2363 apud
763 2306 816 2346 nos
829 2289 1015 2346 iustrumenta
1025 2288 1150 2354 conficit,
1164 2289 1266 2360 quibus
1276 2303 1372 2344 rerum

277 2386 434 2458 proprietas
449 2383 639 2452 transferatur,
654 2387 700 2444 vel
720 2387 784 2458 quis
804 2386 838 2444 ad
859 2387 968 2458 aliquid
988 2385 1179 2463 prestandum
1200 2404 1231 2442 se
1253 2384 1369 2460 obliget.

279 2479 374 2538 Debet
387 2481 472 2557 igitur
485 2481 587 2538 callere
608 2483 746 2541 rationem
769 2502 803 2540 ea
824 2484 995 2542 conficiendi
1017 2494 1049 2541 ut
1064 2484 1130 2560 lege
1143 2485 1265 2550 valeant,
1279 2492 1308 2540 et
1319 2501 1373 2558 pro

277 2598 356 2637 more
370 2579 493 2656 diligens
507 2579 542 2636 de
556 2580 637 2638 titulo
650 2582 795 2640 instituere
809 2601 930 2640 examen
944 2585 975 2640 in
987 2584 1100 2641 scriniis
1114 2583 1247 2658 publicis,
1262 2589 1293 2639 ut
1305 2598 1373 2638 000-

277 2686 355 2737 catur
367 2688 462 2736 utrum
476 2679 601 2736 exomni
615 2688 692 2755 parte
705 2679 814 2738 validus
829 2681 875 2738 sit.
962 2719 963 2722 =

321 2780 387 2834 146.
409 2777 551 2843 Tabellio,
568 2794 619 2832 seu
631 2779 768 2846 notarius,
782 2797 898 2854 operam
917 2781 1074 2856 prasertim
1097 2777 1237 2855 impendit
1249 2777 1372 2834 cambia·

276 2873 351 2932 libus
372 2875 575 2952 presentaudis
595 2883 627 2930 ut
646 2885 827 2951 acceptentur
848 2886 876 2934 et
894 2878 1050 2944 solvantur,
1070 2887 1100 2934 et
1118 2874 1370 2953 protestationem

278 2971 355 3038 10011,
367 2991 430 3044 quae
444 2973 586 3047 publicem
599 2973 810 3042 obtinetfidem,
819 2992 853 3032 ea
865 2993 924 3033 000
932 2975 1021 3032 fuisse
1037 2983 1190 3051 acceptata,
1201 2974 1246 3032 vel
1256 2970 1374 3032 soluta.1

279 3068 352 3126 Hace
364 3071 528 3146 protestatio
541 3071 666 3146 exigitur
685 3071 799 3144 quaudo
812 3071 847 3128 de
870 3073 994 3130 externis
1015 3074 1200 3133 cambialibus
1222 3075 1325 3148 agitur,
1338 3080 1371 3127 ut

277 3166 313 3225 lis
334 3167 469 3245 deinceps
490 3170 541 3226 rite
562 3163 756 3228 instruaturz²
780 3179 897 3228 externa
917 3180 1010 3230 autem
1031 3171 1199 3247 plerumque
1219 3181 1372 3229 censentur

279 3284 343 3337 quae
358 3269 449 3326 001νο
463 3268 583 3345 alicujus
598 3267 694 3326 Status
709 3267 745 3325 ad
758 3269 849 3327 civem
868 3270 898 3328 10
922 3267 1009 3328 altero
1032 3269 1112 3327 Statu
1133 3279 1292 3327 versantem
1306 3269 1374 3327 diri·

280 3361 410 3440 guntur.³
435 3367 469 3424 In
482 3366 637 3425 Louisiana
650 3368 774 3427 notarius
789 3367 904 3426 conficit
917 3377 1098 3426 testamenta:
1113 3379 1142 3426 et
1153 3369 1258 3440 ubique
1272 3369 1374 3426 iustru-

316 3622 356 3684 (1)
376 3629 391 3650 ‘⁶
400 3619 455 3668 The
468 3620 596 3670 certificate
605 3619 633 3668 01
646 3636 661 3667 0
672 3619 764 3681 foreign
777 3628 870 3684 notury,
882 3621 960 3669 under
972 3620 1011 3670 his
1020 3620 1087 3670 hand
1098 3620 1146 3670 und
1158 3619 1208 3670 0001
1220 3619 1249 3668 01
1261 3618 1339 3676 office,
1350 3618 1379 3666 01

281 3705 322 3753 110
335 3712 501 3768 presentment
511 3706 543 3768 by
555 3705 607 3754 him
619 3705 670 3758 010
680 3704 721 3753 bill
735 3721 762 3753 or
773 3713 838 3762 note,
850 3706 885 3753 for
897 3714 1039 3770 acceptares
1051 3722 1077 3755 or
1093 3713 1219 3769 paymeut,
1232 3702 1280 3754 aud
1294 3703 1323 3752 of
1336 3703 1376 3752 his

280 3797 370 3853 protest
381 3790 477 3838 thereos
491 3790 526 3839 for
537 3798 741 3854 non-acceptsnce
757 3807 785 3839 or
795 3800 980 3854 non-payment,
993 3792 1014 3839 10
1033 3791 1140 3840 received
1159 3793 1187 3840 10
1196 3791 1227 3841 011
1239 3799 1326 3847 conns,
1342 3790 1375 3850 by

280 3873 321 3922 the
333 3890 408 3936 usage
421 3875 468 3924 und
481 3875 557 3924 under
573 3875 614 3924 the
633 3883 744 3938 courtesy
762 3875 790 3924 01
807 3877 911 3934 0011000,
924 3893 951 3925 00
974 3875 1137 3940 presumptive
1157 3876 1273 3924 evidence
1292 3873 1375 3922 0111ιο

279 3957 350 4008 tact.”
386 3959 473 4008 Kent's
484 3961 580 4009 Corum.
592 3961 639 4008 rol.
651 3959 683 4008 iii.
695 3960 739 4008 100.
749 3961 809 4010 xliv.
820 3977 846 4010 0.
855 3963 895 4020 94,
912 3970 976 4010 0010.

316 4045 355 4103 (2)
368 4045 469 4094 Ibidem.

316 4127 359 4189 (3)
379 4135 393 4157 “
403 4128 432 4176 10
444 4126 560 4177 Buelruer
570 4143 591 4176 c.
603 4128 692 4192 Finley
705 4128 731 4176 dt
743 4129 800 4178 Van
818 4128 888 4187 Leur,
900 4132 916 4176 2
929 4124 1020 4176 Peters'
1041 4125 1073 4176 U.
1090 4125 1117 4172 S.
1138 4125 1198 4188 Rep.
1220 4124 1277 4181 586,
1290 4122 1308 4170 it
1324 4136 1377 4170 was

279 4209 385 4268 decided,
403 4210 456 4259 that
466 4213 520 4260 bille
533 4213 562 4263 of
569 4213 695 4274 exchunge
704 4213 787 4263 drawn
805 4214 831 4262 10
843 4229 891 4262 000
902 4219 971 4270 stete,
981 4227 1014 4260 00
1025 4226 1128 4276 persen·
1141 4209 1218 4272 living
1228 4209 1255 4258 iu
1267 4205 1377 4264 another,

280 4310 343 4344 were
355 4303 379 4344 to
392 4296 420 4344 be
429 4298 519 4346 treated
532 4314 558 4346 00
567 4299 659 4359 foreign
671 4297 751 4348 bills.”
786 4297 886 4348 Ibidem.
