3068 5256
640 1215 781 1277 otPuT
801 1219 839 1276 V.

563 1445 602 1484 DE
617 1443 709 1484 remo
722 1444 898 1486 PRAEGEPTO·

247 1641 296 1694 33.
317 1635 413 1692 “Eoo
427 1652 484 1692 surr
497 1635 640 1692 Dorrrrrns
660 1635 745 1693 Dnrs
765 1635 873 1692 rurs.”
915 1636 988 1694 Haec
1001 1639 1088 1695 verba
1101 1655 1163 1710 quae
1178 1637 1298 1696 Hebraei

205 1736 330 1811 primum
343 1741 513 1810 praeeeptum
533 1733 690 1809 designent,
710 1732 835 1790 indicant
854 1734 919 1792 Deo
936 1737 1032 1793 omnia
1044 1736 1093 1793 illa
1111 1737 1210 1793 munia
1230 1754 1295 1811 per·

203 1833 347 1899 solvenda,
362 1849 424 1904 quae
438 1849 579 1890 summam
598 1833 660 1908 ejus
680 1831 857 1906 majestatem
876 1841 905 1888 et
923 1832 1127 1908 perfectionem
1140 1821 1252 1899 decent,
1268 1843 1296 1890 et

207 1949 271 2002 quae
284 1929 426 2006 postulant
437 1930 585 1988 innumera
604 1931 635 1987 in
647 1947 700 1988 nos
720 1928 821 1986 collata
839 1930 988 1988 beneficia.
1030 1929 1202 2006 lntelligitur
1215 1931 1303 2007 igitur

205 2028 335 2103 praecipi:
358 2027 500 2104 “Diliges
520 2028 677 2088 Dominum
697 2027 794 2085 Deum
814 2037 893 2086 tuum
914 2047 951 2086 ex
964 2037 1022 2088 toto
1043 2028 1128 2087 corde
1148 2037 1206 2096 tuo,
1222 2037 1301 2087 etex

205 2134 260 2182 tota
273 2128 434 2193 animante,
454 2135 538 2183 etex
557 2134 614 2183 tota
632 2125 795 2184 fortitudine
812 2120 905 2183 tua.”¹
946 2128 1044 2194 Quum
1066 2137 1160 2185 autem
1180 2137 1298 2185 tractatu

205 2224 321 2298 speciali
333 2224 369 2282 de
383 2223 545 2300 Religione‚
559 2232 588 2280 et
599 2232 713 2283 tractatu
733 2225 768 2282 de
787 2225 933 2300 virtutibus
953 2225 1135 2301 theologicis,
1156 2242 1191 2282 ea
1209 2224 1300 2300 expli·

203 2339 265 2378 care
279 2323 423 2399 sigillatim
436 2323 467 2381 in
487 2323 582 2380 animo
602 2323 647 2390 sit,
667 2341 784 2380 necesso
806 2333 919 2380 nonest
937 2325 968 2382 in
989 2325 1024 2381 iis
1045 2323 1299 2399 impresentiarum

204 2419 356 2478 immorari.
384 2420 530 2496 Populum
542 2420 728 2478 lsraeliticmn
742 2421 923 2498 AEgpptiaoae
937 2422 1018 2480 Deus
1032 2423 1138 2497 eripuit
1151 2420 1298 2487 servituti3

201 2535 254 2575 nos
268 2535 284 2574 e
298 2519 458 2594 captivitate
471 2518 579 2593 peccati
590 2518 732 2575 liberavit:
754 2529 923 2595 quapropter
935 2529 1027 2596 grates
1041 2521 1069 2578 ei
1081 2517 1200 2577 reddere
1215 2535 1297 2594 opor·

202 2623 252 2682 tet,
267 2623 296 2670 et
308 2617 378 2692 grati
390 2616 477 2673 animi
490 2617 649 2674 testimonia
662 2635 748 2692 opera
760 2619 868 2675 virtutis
883 2619 1027 2676 exhibere.

244 2715 295 2768 34.
318 2713 420 2770 “Non
433 2731 559 2772 nennors
571 2733 646 2772 onos
659 2733 787 2772 enmuos
807 2733 907 2771 cornu
926 2714 1002 2772 Μεθ’
1043 2713 1185 2770 Vetantur
1198 2711 1298 2786 plures

203 2809 244 2867 dii
258 2809 381 2878 colendi,
396 2828 483 2882 quum
496 2830 567 2870 unus
587 2812 668 2870 Deus
689 2811 886 2888 agnoscendus
907 2813 953 2880 sit,
967 2812 997 2869 in
1018 2809 1105 2868 tribus
1125 2817 1219 2866 tamen
1235 2825 1298 2885 per·

202 2909 292 2977 sonis,
305 2909 347 2965 uti
360 2907 432 2966 fides
446 2908 608 2969 Christiana
628 2909 719 2968 docet.
761 2909 831 2968 Ideo
850 2919 943 2968 autem
963 2917 1070 2968 vetatur
1090 2909 1120 2968 in
1132 2909 1301 2966 universum

202 3024 237 3063 ne
250 3005 347 3081 plures
360 3006 400 3064 dii
413 2993 548 3076 colantur,
562 3007 639 3080 quod
652 3009 779 3066 nonnulli
798 3027 848 3065 eos
870 3009 1003 3076 colerent,
1023 3009 1109 3066 etiarn
1124 3007 1231 3080 absque
1245 3007 1297 3065 im·

203 3105 342 3179 aginibus,
355 3105 397 3161 uti
409 3104 444 3162 de
458 3107 579 3179 antiquis
593 3106 731 3164 Romanis
746 3117 836 3164 narrat
849 3101 967 3165 Varro.²
1007 3107 1152 3173 Quoniam
1167 3105 1298 3181 polythe·

202 3202 291 3262 ismus
307 3204 370 3280 jam
388 3205 559 3276 ubicumque
581 3203 691 3263 Christi
711 3205 812 3283 religio
834 3207 944 3262 invecta
963 3214 1016 3274 est,
1036 3205 1152 3282 penitus
1173 3204 1300 3262 sublatus

203 3309 255 3367 est,
269 3299 304 3358 de
318 3319 352 3358 eo
366 3299 504 3360 disserere
517 3319 575 3360 non
589 3311 679 3360 vacat.

243 3402 293 3456 35.
315 3407 335 3434 ‘⁴
345 3400 415 3459 Non
428 3401 515 3459 facies
528 3402 580 3458 tibi
594 3401 732 3478 sculptile,
752 3401 829 3459 etc.”
871 3399 944 3474 Haec
964 3398 999 3456 ed
1019 3408 1136 3464 statuas,
1151 3405 1180 3453 et
1197 3398 1298 3472 imagi·

210 3512 272 3564 nes,
286 3516 355 3569 quas
368 3508 465 3574 gentes
480 3498 607 3557 solebant
625 3500 742 3576 fingere,
761 3508 792 3555 ut
811 3499 879 3556 deos
900 3515 967 3554 suos
987 3502 1197 3560 venerarentur,
1217 3493 1301 3569 plane

203 3593 375 3653 referuntur:
396 3597 541 3685 namdfinis
554 3596 752 3673 prohibitionis
762 3598 929 3673 explicatur,
940 3595 975 3652 iis
988 3593 1080 3651 verbis
1095 3610 1158 3666 quae
1172 3610 1298 3667 sequun-

204 3700 267 3750 tur:
290 3700 310 3728 ‘⁶
320 3713 377 3752 non
390 3695 518 3756 adorabis
531 3714 574 3765 ea,
588 3715 681 3770 neque
695 3689 797 3754 οοίθε.3
837 3697 916 3754 Hinc
935 3702 1089 3772 arguuntur
1108 3693 1143 3752 ab
1159 3693 1299 3770 Apostolo

242 3863 279 3922 (1)
292 3859 367 3910 Dent.
379 3862 410 3914 vi.
422 3865 447 3910 5.

241 3945 283 4010 (2)
297 3945 374 4009 Apud
385 3945 411 3995 S.
424 3947 491 4009 Aug.
500 3947 515 3998 l.
524 3949 556 3998 iv.
568 3949 598 3998 de
609 3949 654 3999 civ.
665 3948 713 4000 Dei
724 3966 745 4001 c.
758 3951 826 4000 xxxi.

245 4030 287 4094 (3)
306 4029 412 4093 “Boing
427 4033 521 4096 placed,
532 4049 559 4082 rs
571 4033 589 4082 it
605 4034 635 4094 is,
653 4050 743 4097 among
757 4035 819 4084 such
837 4039 947 4098 precepta
964 4045 991 4079 rr
1008 4033 1101 4092 respect
1112 4025 1153 4076 tho
1165 4025 1303 4092 Atmightm

204 4113 253 4162 and
264 4113 316 4166 thot
325 4114 405 4164 honor
416 4117 464 4166 rod
475 4125 567 4168 esteem
578 4118 660 4168 which
671 4135 709 4169 we
726 4119 804 4180 ought
822 4126 848 4166 to
864 4117 927 4165 ha've
938 4115 975 4164 for
991 4113 1059 4172 him;
1076 4113 1125 4162 end
1137 4111 1210 4172 being
1222 4127 1300 4162 more·

202 4213 259 4248 orer
274 4199 440 4264 immediately
456 4202 568 4252 followed
587 4203 647 4253 with
658 4203 700 4254 the
717 4202 865 4268 prohibition
882 4202 911 4250 of
923 4201 1022 4263 bowiog
1039 4199 1112 4249 down
1130 4205 1156 4248 to
1172 4197 1239 4248 them
1251 4195 1302 4246 and

200 4283 298 4345 serriog
308 4283 391 4344 them;
409 4301 436 4334 as
447 4285 500 4336 thet
517 4287 539 4336 is
549 4287 610 4337 with
621 4287 663 4337 the
676 4287 787 4352 jealoury
800 4287 828 4335 of
842 4286 905 4348 God,
914 4285 1063 4346 concerning
1074 4283 1113 4333 his
1129 4297 1187 4331 own
1197 4281 1277 4330 honor
1289 4295 1296 4338 ς

200 4365 220 4416 it
230 4366 252 4417 is
262 4367 290 4418 in
301 4367 389 4419 reasoti
400 4377 425 4419 to
433 4371 463 4420 be
475 4371 596 4422 extendod
613 4387 646 4422 no
657 4371 746 4422 further
764 4373 823 4422 than
840 4373 882 4423 the
901 4370 1038 4432 forbidding
1050 4368 1078 4418 of
1090 4366 1152 4418 such
1168 4366 1260 4427 imogee
1272 4378 1299 4411 ae
