3076 5260
274 507 333 564 350
429 499 508 559 ,ΒΕ
530 494 890 558 OBLIGATIONIBUS
911 489 1245 552 RELIGIOSORUM.

275 666 327 728 sed
340 666 388 740 qui
401 665 430 722 in
445 663 578 722 societate
590 662 660 720 Iesu
676 674 740 720 vota
753 659 893 735 simplicia
906 659 1070 725 emiserunt,
1084 656 1223 715 hahentur
1236 657 1297 714 veri
1310 656 1364 714 Re-

275 767 379 844 ligiosi,
393 765 433 822 uti
446 762 569 820 declarat
582 761 740 838 Gregorius
753 758 837 818 XIII.
851 759 946 816 bulla:
968 766 988 793 ‘⁸
998 756 1185 816 decendente
1195 752 1364 813 Domino.”

278 864 424 924 Solemnis
437 873 501 920 vota
514 861 646 919 dicuntur
659 879 722 932 que
743 861 778 916 ab
798 857 931 915 Ecclesia
951 858 981 914 in
994 865 1162 932 perpetuum
1176 863 1365 930 acceptantur.

277 963 397 1024 Plurirni
417 971 484 1020 suut
505 959 618 1018 ordines
641 959 671 1016 in
694 958 827 1018 Ecclesia
848 957 920 1013 votis
943 955 1068 1012 adstricti
1088 953 1124 1010 ad
1146 952 1265 1012 colenda
1287 954 1365 1010 varia

276 1063 387 1142 pietatis
402 1060 556 1120 exercitia:
578 1077 614 1116 ex
628 1077 684 1131 qua
697 1058 831 1116 varietate
845 1052 1025 1132 pulchritudo
1046 1063 1074 1112 et
1091 1055 1197 1112 utilitas
1218 1053 1367 1130 religionis

276 1163 376 1220 elucet.
419 1160 460 1218 Ut
472 1158 563 1216 valeat
574 1157 714 1232 professio
734 1157 879 1232 reIIgicsa,
901 1172 1019 1212 neeesse
1029 1159 1030 1162 ’
1040 1161 1084 1210 est
1096 1161 1127 1209 ut
1139 1169 1248 1210 vovens
1263 1170 1367 1208 annum

276 1261 419 1319 decimum
432 1265 545 1315 sextum
558 1256 645 1312 aetatis
659 1255 819 1331 impleverit
829 1249 851 1321 ;1
873 1262 901 1310 et
912 1261 944 1310 ut
957 1252 1028 1310 faeta
1041 1253 1079 1309 sit
1091 1261 1156 1326 post
1168 1270 1277 1308 annum
1297 1251 1367 1308 iute-

277 1377 358 1438 grum
371 1369 400 1416 et
412 1357 575 1415 continuum
588 1355 733 1430 tyrocinii,
748 1352 825 1426 quod
842 1352 1008 1410 novitiarum
1023 1351 1130 1408 dicunt.
1172 1350 1305 1409 Duarum
1318 1350 1367 1406 ho·

277 1477 372 1518 rarum
394 1455 562 1531 interruptio
587 1451 692 1510 sufficit
714 1463 745 1509 ut
766 1452 938 1529 tyrocinium
964 1451 1065 1508 iterum
1092 1450 1289 1525 Incipiendum
1314 1451 1367 1506 sit:

279 1559 389 1616 sedicet
402 1557 426 1612 ai
440 1555 503 1627 quis
512 1552 608 1611 habitu
629 1551 769 1628 deposito,
792 1561 965 1609 conventum
978 1547 1127 1607 deserendi
1141 1550 1246 1617 animo,
1268 1567 1322 1625 per
1341 1547 1370 1605 id

279 1653 413 1731 temporis
427 1652 549 1729 spatium
562 1652 719 1718 recesserit,
734 1651 816 1708 debet
828 1669 933 1707 annum
946 1650 1087 1724 iutegrum
1100 1646 1235 1724 deinceps
1250 1649 1280 1706 in
1295 1656 1370 1722 tyro·

278 1754 354 1813 cinio
367 1769 492 1818 manere,
506 1761 538 1808 ut
550 1749 641 1806 valeat
653 1742 819 1826 professio.²

317 1856 366 1911 51.
381 1850 481 1908 Obstat
493 1849 703 1906 matrimonium
716 1857 942 1906 consummatum
951 1847 1090 1905 nevaleat
1099 1847 1241 1923 professio
1255 1848 1368 1905 virente

277 1953 398 2030 conjuge
412 1949 495 2017 facta,
509 1950 616 2020 absque
637 1949 700 2025 ejus
720 1966 863 2006 consensu
875 1941 898 2003 :³
918 1965 980 2020 quae
999 1945 1120 2022 proinde
1140 1947 1233 2004 mariti
1254 1964 1370 2004 consor·

279 2053 348 2109 tium
361 2058 489 2126 repetere
502 2057 604 2124 potest.
647 2047 796 2105 Professic
815 2065 873 2105 non
894 2047 967 2104 valet
979 2047 1005 2104 si
1025 2046 1074 2102 fiat
1086 2047 1126 2112 vi,
1147 2047 1192 2104 vel
1213 2055 1303 2113 metu,
1324 2044 1370 2102 vel

279 2147 385 2216 fraude;
400 2156 429 2206 et
441 2146 521 2204 datur
530 2146 646 2204 facultas
661 2146 833 2204 reclamandi
845 2147 917 2203 intra
930 2146 1156 2218 quinquennium
1170 2165 1186 2202 a
1198 2145 1245 2203 die
1259 2145 1369 2221 profes·

281 2244 398 2306 sionis.⁴
438 2246 496 2312 Qui
517 2246 783 2320 quomodocumque
803 2246 949 2323 coegerint
968 2245 1091 2317 aliquam
1114 2244 1254 2320 virginem
1275 2245 1372 2302 velvi-

280 2348 376 2412 duam,
407 2353 454 2402 aut
473 2346 557 2402 aliam
577 2363 786 2417 quamcumque
805 2346 955 2404 mulierem
985 2345 1111 2412 invitam,
1134 2342 1169 2401 ad
1189 2343 1373 2400 emittendam

279 2443 487 2522 professionem
501 2443 670 2499 anathemati
690 2437 863 2520 subjacent!
903 2444 973 2501 Non
994 2444 1068 2502 valet
1087 2444 1227 2520 professio
1241 2445 1265 2501 si
1281 2443 1374 2502 obstet

280 2541 515 2620 impedimentum
529 2538 605 2612 quod
619 2541 648 2598 in
663 2541 761 2598 ordine
785 2542 834 2600 illo
848 2543 997 2599 essentiale
1011 2543 1182 2601 declaratum
1205 2552 1259 2600 est.
1304 2542 1372 2600 Non

281 2644 355 2702 valet
367 2642 423 2700 nisi
435 2642 486 2700 fiat
498 2640 573 2719 apud
585 2639 745 2717 legitimum
767 2641 961 2718 Superiorem,
982 2641 1027 2699 vel
1047 2643 1170 2715 aliquem
1184 2643 1231 2699 cui
1251 2642 1325 2700 facta
1339 2643 1375 2698 sit

279 2745 395 2803 facultas
408 2741 485 2800 illam
507 2730 707 2818 acceptandi;⁶
726 2761 792 2800 nam
806 2751 851 2799 est
869 2741 956 2798 instar
968 2750 1136 2811 contractus,
1153 2751 1182 2799 et
1201 2761 1239 2799 ex
1252 2752 1371 2814 utraque

281 2853 360 2919 parte
374 2859 533 2900 consensus
547 2841 707 2912 requiritur.
769 2918 770 2926 ἵ

320 2945 368 2997 5-2.
390 2939 539 2998 Professio
552 2939 584 2995 fit
597 2957 743 3016 expresse,
758 2950 832 2998 certa
845 2941 994 2998 verborum
1016 2939 1116 3008 forma,
1126 2941 1210 3018 juxte
1227 2941 1374 3014 quodlibet

278 3038 455 3094 institutum:
471 3037 522 3092 sed
535 3047 564 3092 et
575 3037 670 3094 tacita
686 3038 827 3113 professio
841 3040 924 3106 valet,
936 3058 999 3112 quae
1016 3039 1047 3095 fit
1064 3040 1217 3116 tripliciter.
1243 3045 1269 3097 l.
1286 3059 1372 3113 quan-

279 3132 315 3193 do
333 3133 396 3207 quis
410 3143 476 3210 post
488 3153 593 3192 annum
617 3135 791 3212 probationis
805 3133 896 3194 induit
909 3137 1103 3214 professorum
1122 3140 1259 3208 habitum,
1269 3154 1272 3159 ·
1281 3149 1310 3196 et
1325 3158 1375 3216 per

275 3357 323 3408 and
336 3357 510 3422 punishment;
528 3358 571 3406 but
583 3357 635 3406 that
647 3375 684 3408 we
696 3359 725 3406 be
737 3357 868 3407 charitable
879 3367 904 3408 to
917 3359 957 3409 tha
969 3360 1056 3422 degree
1068 3360 1096 3409 of
1110 3361 1195 3424 giving
1207 3363 1239 3412 all
1255 3349 1335 3428 raray.
1347 3379 1372 3412 or

277 3443 329 3493 that
340 3459 378 3492 wa
390 3451 428 3493 act
440 3460 484 3492 our
495 3443 597 3506 chastity
610 3445 664 3507 bya
677 3444 799 3508 perpetual
811 3443 910 3494 celibate
922 3461 962 3495 ara
974 3455 1017 3496 not
1026 3448 1101 3496 lawsz
1113 3448 1157 3498 but
1165 3449 1201 3497 for
1213 3448 1255 3498 the
1263 3448 1372 3499 outward

277 3529 417 3592 expression
429 3544 518 3575 waere
532 3528 621 3591 wholly
636 3537 658 3575 at
672 3529 765 3592 liberty;
783 3529 832 3578 and
844 3529 880 3578 for
891 3530 932 3578 tha
944 3530 1030 3592 degree
1048 3532 1075 3580 of
1089 3532 1130 3580 the
1142 3532 1234 3582 inward
1247 3550 1328 3595 grace,
1338 3549 1373 3581 we

277 3629 317 3661 are
329 3621 354 3661 to
364 3613 393 3660 be
406 3610 453 3660 still
468 3613 578 3675 pressing
589 3613 706 3662 forwerda
718 3613 822 3662 towards
834 3613 859 3672 it,
872 3631 908 3662 we
920 3614 993 3676 being
1005 3616 1099 3685 obliged
1116 3617 1184 3666 todo
1196 3634 1223 3665 so
1233 3619 1266 3681 by
1279 3618 1321 3667 the
1332 3635 1373 3668 na·

276 3707 329 3746 tura
347 3696 376 3744 of
388 3697 429 3744 the
441 3697 519 3757 thing,
537 3699 567 3759 by
581 3697 621 3745 the
633 3699 774 3762 excellency
789 3699 817 3747 of
831 3699 872 3748 tha
891 3701 990 3759 reward,
1008 3703 1039 3765 by
1053 3701 1093 3750 the
1110 3701 1279 3752 exhortatione
1291 3705 1321 3752 of
1334 3705 1374 3753 the

277 3783 367 3848 gospel,
379 3782 409 3844 by
420 3778 463 3829 'the
476 3783 585 3845 example
595 3783 624 3830 of
637 3784 700 3844 good
710 3800 774 3842 man,
786 3786 817 3848 by
834 3801 880 3834 our
891 3787 944 3835 love
956 3795 981 3836 to
993 3787 1057 3846 God,
1069 3790 1100 3852 by
1114 3805 1159 3838 our
1171 3789 1261 3838 desires
1273 3791 1302 3838 of
1316 3791 1375 3854 hap·

276 3869 365 3934 pineas,
378 3867 425 3916 and
437 3867 467 3930 by
481 3866 522 3915 the
531 3867 629 3935 degrees
639 3868 668 3916 of
680 3867 773 3932 glory.'’
802 3871 899 3934 Jeremy
912 3871 1011 3936 Taylor,
1023 3873 1117 3924 Ductor
1129 3875 1311 3936 Dubitantium,
1321 3877 1334 3924 l.
1348 3877 1372 3925 ii.

277 3971 298 4001 c.
311 3955 334 4002 3.
344 3971 367 4018 p.
380 3955 436 4002 451.
770 3974 775 3977 ’
965 3977 968 3984 ·

313 4039 354 4102 (l)
369 4036 437 4086 Trid.
450 4037 515 4086 Sese.
525 4052 581 4085 xxv.
594 4053 646 4102 cap.
656 4053 695 4086 xv.
708 4037 738 4086 da
750 4037 911 4101 Regularibus
924 4049 948 4090 et
960 4039 1115 4092 Mouialibus.

326 4123 356 4186 ¹2)
371 4121 413 4170 Sic
428 4123 525 4172 resolvit
537 4123 562 4171 S.
576 4121 655 4186 Cong.
667 4124 743 4175 Cone.
755 4133 815 4175 teste
828 4125 947 4188 Fagnano
960 4127 989 4178 ad
1005 4144 1059 4194 cap.
1088 4129 1128 4180 Ad
1140 4137 1256 4180 nostram.

328 4205 356 4266 3)
371 4201 432 4266 Cep.
443 4205 475 4252 iii.
487 4215 511 4255 et
522 4223 574 4270 cap.
584 4205 624 4270 nii.
637 4209 667 4256 de
679 4217 810 4258 consecrat
820 4210 919 4275 conjug.

327 4290 355 4350 l)
366 4281 447 4338 Cone.
457 4289 525 4340 Trid·
541 4291 606 4341 Sese.
620 4311 677 4345 xxv.
690 4311 742 4362 cap.
756 4295 805 4345 rix.
815 4296 844 4345 de
857 4296 917 4357 fleg.
929 4303 954 4346 et
965 4297 1036 4347 Mon.

324 4375 352 4439 5)
373 4371 471 4432 Ibidem,
483 4391 534 4440 cap.
548 4377 612 4428 xviii.
884 4384 923 4447 (6)
941 4382 1002 4450 Cap.
1014 4383 1065 4434 xiii.
1076 4383 1107 4434 de
1118 4385 1221 4448 regular.
