3076 5260
453 466 510 528 DE
532 467 660 532 HERIS
680 469 739 530 ET
758 471 989 534 MANGIPIIE.
1208 481 1264 537 371

179 648 264 689 nam:
285 631 310 688 si
324 630 401 688 enim
414 633 591 708 percusseris
605 651 671 693 eum
684 635 773 712 virga,
787 653 845 696 non
858 639 1003 698 morietur.
1052 638 1101 698 Tu
1112 640 1192 716 virga
1204 657 1267 717 per·

178 729 266 786 cuties
280 747 356 796 eum,
370 739 399 786 et
411 731 534 790 animam
548 733 611 809 ejus
625 731 660 789 de
673 733 783 792 inferno
800 735 952 796 liberabis!
974 737 1015 796 Et
1028 735 1142 796 Eccles.
1157 739 1262 798 xxxiii.

179 826 298 884 dicitur:
322 827 430 886 ‘Servo
443 829 582 889 malevolo
596 839 701 889 tortura
714 841 743 890 et
755 834 930 910 compedes.’
939 830 973 864 ”¹
1001 835 1105 902 “Quia
1117 836 1267 898 filiussub·

179 925 253 984 ditur
265 927 395 1002 potestati
408 929 504 1003 patris,
519 939 548 988 et
560 947 659 987 servus
672 933 802 1006 potestati
822 931 949 992 domini:
970 935 1047 992 licite
1060 943 1155 1011 potest
1168 936 1265 994 verbe·

178 1043 239 1082 rare
253 1033 333 1101 pater
350 1025 442 1084 filium
456 1036 485 1083 et
504 1026 637 1087 dominus
651 1047 765 1088 servum
786 1049 871 1089 causa
893 1033 1075 1092 correctionis
1095 1042 1125 1090 et
1137 1032 1265 1112 discipli·

179 1117 273 1181 noe.'’²
313 1121 457 1183 Caeterum
471 1125 626 1185 moderatio
646 1135 689 1183 est
708 1127 885 1187 adhibenda:
908 1129 1007 1188 “dicit
1022 1131 1098 1190 enim
1111 1131 1266 1206 Apostolus

179 1221 214 1278 ad
227 1221 339 1298 Ephes.
353 1223 391 1279 vi.
414 1223 495 1282 ‘Vos
509 1235 603 1301 patres
617 1225 704 1287 nolite
718 1226 753 1284 ad
767 1227 940 1288 iracundiam
953 1246 1105 1304 provocare
1118 1229 1193 1287 filios
1204 1249 1266 1288 ves·

179 1319 257 1377 tros.'
298 1320 339 1378 Et
351 1321 424 1378 infra
436 1323 548 1380 subdit:
572 1323 632 1382 ‘Et
651 1342 713 1392 vos,
736 1324 866 1394 Domini,
889 1327 989 1404 eadem
1010 1325 1093 1386 facite
1104 1329 1206 1397 servis,
1224 1346 1266 1386 re·

182 1419 324 1476 mittentes
338 1413 479 1478 minas.’'³
499 1420 589 1497 Igitur
601 1421 758 1480 cavendum
771 1441 808 1480 ne
821 1443 905 1498 poena
914 1425 1101 1500 irreparabilis
1114 1424 1265 1502 infligatur,

178 1535 241 1589 quae
255 1519 369 1576 nonnisi
383 1537 400 1574 a
412 1537 544 1594 suprema
556 1529 692 1595 potestate
705 1521 856 1598 irroganda
869 1524 921 1580 est.
964 1531 983 1558 “
995 1521 1076 1580 Sicut
1088 1530 1182 1580 autern
1195 1523 1264 1582 civi·

177 1623 218 1672 tas
238 1625 281 1672 est
293 1617 417 1692 perfecta
436 1619 634 1685 communitas,
655 1621 694 1677 ita
712 1621 846 1696 princeps
865 1621 985 1678 civitatis
1004 1619 1090 1678 habet
1108 1620 1261 1696 perfectam

178 1721 344 1789 potestatem
357 1715 516 1774 coercendi.
558 1716 599 1775 Et
617 1715 682 1774 idco
695 1727 790 1795 potest
802 1717 931 1794 infligere
945 1734 1044 1795 peenas
1058 1719 1265 1794 irreparabiles,

178 1813 286 1870 scilicet
305 1815 459 1872 occisionis
482 1815 528 1872 vel
546 1815 742 1874 mutilationis.
784 1818 871 1875 Pater
891 1825 984 1874 autem
1004 1825 1033 1874 et
1051 1813 1193 1886 dominus,
1215 1819 1265 1890 qui
1345 1866 1349 1876 .

178 1921 304 1986 presunt
316 1907 430 1972 familiae
444 1911 615 1982 domestice,
631 1932 694 1986 quae
708 1923 751 1972 est
770 1915 934 1991 imperfecta
952 1915 1149 1982 communitas,
1162 1914 1267 1974 hebent

178 2009 370 2084 imperfectam
377 2008 546 2088 potestatem
557 2011 716 2081 coercendi,
724 2012 880 2072 secundum
889 2013 1009 2070 leviores
1016 2029 1127 2088 peenas,
1136 2029 1199 2084 quae
1207 2031 1266 2072 uon

178 2108 303 2166 inferunt
319 2110 500 2185 irreparabile
519 2119 729 2169 nocumentum.
771 2111 813 2170 Et
830 2109 996 2186 hujusmodi
1009 2119 1052 2167 est
1064 2107 1268 2168 verberabam

178 2203 224 2262 Ad
237 2205 368 2266 dominos
387 2209 460 2266 intra
478 2208 584 2271 limites
604 2209 801 2276 continendos,
814 2209 928 2268 libertas
950 2209 1014 2284 lege
1034 2209 1122 2268 veteri
1135 2197 1267 2268 decemc-

179 2304 258 2362 batur
271 2324 366 2375 servo,
381 2307 405 2364 si
419 2325 486 2364 eum
499 2307 583 2371 oculo
603 2305 723 2365 dentevc
737 2299 772 2365 ab
785 2307 855 2366 hero
876 2308 1049 2383 percutiente
1062 2307 1167 2383 privari
1179 2309 1267 2368 conti-

178 2404 265 2478 gerit:
289 2405 353 2464 “st
376 2407 547 2481 percusserit
570 2405 714 2481 quispiam
737 2405 851 2467 oculum
874 2406 948 2462 servi
967 2407 1012 2462 aui
1028 2416 1083 2469 ,aut
1104 2405 1225 2474 ancille,
1239 2416 1268 2463 et

178 2500 273 2559 luscos
286 2520 336 2560 cos
350 2503 457 2572 fecerit,
471 2504 593 2562 dimittet
604 2523 654 2562 eos
667 2505 770 2562 liberos
780 2522 832 2579 pro
842 2503 926 2565 oculo
939 2522 1027 2576 quum
1040 2507 1121 2563 emit.
1142 2503 1267 2562 Dantem

180 2617 296 2672 quoque
319 2601 344 2658 si
358 2602 515 2658 excusserit
536 2619 628 2667 servo,
643 2602 689 2658 vel
701 2602 809 2659 ancillae
830 2619 899 2669 suae,
922 2601 1051 2660 similiter
1072 2601 1195 2661 dimittet
1216 2619 1266 2660 eos

179 2692 335 2754 liberos.”⁵
376 2697 433 2764 Qui
446 2692 813 2773 percutiendo'interfecerit
824 2717 949 2766 servum,
962 2717 1027 2758 reus
1049 2698 1135 2757 caedis
1148 2699 1267 2758 habeba·

181 2803 246 2867 tur:
269 2794 318 2866 qui
332 2803 425 2852 tamen
444 2814 529 2872 poena
547 2788 681 2853 immunis
702 2807 769 2865 erat,
790 2799 901 2869 quoties
914 2815 1012 2856 servus
1026 2795 1087 2854 dies
1102 2795 1209 2870 aliquot
1221 2815 1267 2856 su·

179 2901 290 2968 perstes
317 2891 410 2960 fuerit,
433 2891 568 2952 damnum
594 2895 672 2952 enim
696 2895 773 2968 quod
794 2914 882 2971 opera
904 2897 966 2974 ejus
989 2895 1093 2954 amissa
1114 2895 1269 2971 patiebatur

179 2991 276 3059 herus,
292 2991 321 3048 in
338 3009 451 3066 poenam
470 2993 646 3050 censebatur.
689 3002 708 3030 “
721 2994 778 3060 Qut
790 2995 960 3070 percusserit
981 3012 1096 3052 servum
1118 3011 1201 3051 suum
1221 2994 1267 3052 vel

181 3089 312 3148 ancillam
326 3091 415 3166 virge,
430 3100 461 3150 et
471 3091 574 3150 mortui
590 3090 695 3150 firerint
707 3094 737 3152 in
757 3095 886 3152 menibus
900 3093 973 3169 ejus,
987 3093 1114 3152 cuminis
1127 3111 1192 3150 reus
1206 3093 1268 3152 erit.

182 3187 236 3244 Sin
249 3197 341 3246 autem
355 3207 413 3247 uno
426 3190 473 3248 die
493 3191 539 3247 vel
560 3189 669 3248 duobus
690 3191 887 3265 supervixerit,
910 3208 969 3247 nou
989 3189 1145 3265 subjacebit
1164 3207 1267 3266 prenae,

184 3287 251 3358 quia
263 3289 385 3362 pecunia
398 3288 475 3346 illius
489 3279 581 3344 est.”⁶
1006 3333 1010 3340 .

220 3387 268 3442 96.
290 3386 388 3444 Servis
399 3385 574 3444 matrimonii
587 3382 716 3450 ineundi,
727 3384 845 3458 ejusque
854 3383 966 3460 juribus
979 3382 1087 3452 utendi,
1097 3383 1213 3444 libertas
1227 3403 1270 3444 re·

181 3481 335 3555 linquenda
345 3492 398 3552 est,
412 3485 599 3542 salvatamen
613 3482 675 3539 heri
683 3482 748 3558 jure
761 3480 797 3538 ad
806 3499 920 3558 operam
934 3483 1028 3540 servi:
1050 3500 1103 3541 nec
1117 3483 1193 3542 enim
1205 3484 1272 3545 licet

183 3583 271 3639 servis
279 3584 398 3660 nuptias
411 3581 576 3642 contrahere
590 3587 687 3638 contra
704 3580 899 3638 rationabilem
920 3579 982 3638 heri
994 3579 1178 3652 voluntatem,
1192 3583 1227 3642 iis
1241 3585 1272 3642 in

182 3697 275 3739 rerum
289 3681 430 3757 adjunctis
444 3682 474 3738 in
498 3681 599 3752 quibus
613 3679 647 3734 ab
660 3697 747 3756 opera
766 3697 852 3752 quam
871 3687 1001 3756 praestare
1021 3679 1113 3750 debet,
1133 3682 1273 3740 abstraha-

184 3788 238 3836 tur.
281 3779 371 3838 Porro
382 3788 519 3852 quantum
532 3796 577 3836 res
591 3778 697 3846 sinunt,
708 3795 804 3836 curare
818 3775 1174 3857 debentheriutconjugas
1188 3779 1273 3838 simul

183 3887 339 3944 morentur,
352 3878 398 3938 vel
411 3896 442 3936 se
456 3878 580 3936 invicem
590 3875 731 3936 invisendi
744 3877 864 3936 habeant
875 3878 998 3952 copiam,
1012 3888 1041 3936 et
1052 3887 1084 3937 ut
1096 3878 1171 3936 filios
1184 3893 1271 3952 penes

232 4070 241 4114 1
274 4067 297 4116 2.
310 4071 334 4117 2.
345 4084 387 4132 qu.
396 4069 446 4118 lxv.
457 4075 501 4118 art.
513 4067 538 4117 ii.
549 4066 599 4116 Sed
610 4073 704 4116 contra.
813 4065 855 4132 (2)
875 4065 976 4125 Ibidem,
989 4063 1143 4130 Respondes.

230 4155 246 4200 3
273 4151 374 4212 Ibidem,
385 4152 415 4202 sd
427 4151 562 4204 secundum
573 4152 609 4201 sic
620 4149 764 4216 proceditur.

230 4245 247 4290 4
274 4239 708 4303 Ibidem,adsecundumdioendum.
878 4238 919 4302 (5)
934 4235 1131 4286 attonuere.

275 4325 464 4378 Deutxxi.20.
891 4385 893 4388 Ι
995 4345 1007 4390 3
