3076 5260
371 493 429 556 nh
449 494 715 558 FORENSIBUS
738 492 1108 556 OBLIGATIONIBUS.
1228 501 1287 558 3711

195 667 238 716 tur
250 676 379 720 munere.
412 660 646 738 lmo'justissime
659 661 873 739 prohibeturne
886 670 989 738 sponte
1001 661 1096 722 oblata
1107 659 1194 730 dona,
1208 661 1287 721 nullo

196 758 327 836 apposito
341 777 436 827 onere,
458 780 474 819 a
493 760 664 838 litigantibus
687 754 886 837 accipiantur,¹
905 761 944 818 ob
961 761 1121 837 periculum
1139 779 1177 820 ne
1195 760 1288 837 judex

196 857 254 918 ullo
268 876 384 935 prorsus
396 869 480 936 pacto
497 879 513 918 a
529 861 605 937 juris
624 870 653 920 ct
670 861 787 938 justitia
810 861 921 920 munite
942 860 1075 920 declinet.
1118 859 1288 919 Consonant

197 959 299 1016 veteris
312 957 400 1034 Legis
414 957 600 1018 documenta:
623 959 724 1018 “Non
745 959 867 1035 accipies
888 978 1051 1036 personam,
1073 977 1127 1020 nec
1147 977 1285 1018 munera:

197 1057 263 1129 quia
276 1075 393 1115 munera
405 1068 548 1116 excecant
556 1059 656 1118 oeulos
666 1061 836 1136 sapientum,
848 1066 877 1114 et
885 1068 996 1118 mutant
1003 1060 1088 1118 verba
1095 1050 1289 1136 justorurn.”²

197 1154 283 1223 Quod
296 1157 321 1214 si
330 1157 422 1234 judex
438 1175 542 1216 munus
555 1159 705 1218 extorscrit
717 1160 754 1217 ob
766 1158 938 1242 sententiam
955 1158 1113 1226 serendam,
1125 1157 1197 1216 illud
1209 1157 1289 1215 msti-

197 1265 275 1314 tuere
289 1254 381 1324 debet,
395 1274 484 1328 quum
496 1256 601 1334 injuste
614 1260 652 1316 sit
671 1267 827 1333 sumptum.
870 1257 917 1316 De
935 1258 1107 1335 obligatione
1120 1255 1289 1316 restituendi

186 1353 315 1413 'munera
328 1363 430 1432 sponte
443 1355 544 1424 oblata,
558 1365 587 1414 et
598 1357 677 1414 nulla
688 1355 797 1432 adjecta
809 1355 982 1424 conditione,
1003 1375 1061 1415 uon
1074 1365 1117 1412 est
1129 1376 1188 1414 una
1199 1355 1290 1414 omni·

197 1472 246 1513 um
260 1455 418 1512 sententia:
441 1454 524 1512 nobis
538 1454 739 1513 non'videntur
759 1452 922 1513 necessariis
942 1453 1126 1522 restituenda,
1149 1473 1238 1526 quum
1256 1453 1289 1512 li-

199 1555 266 1611 bere
279 1553 385 1612 volenti
398 1573 432 1611 ea
445 1553 510 1611 dare
524 1555 627 1631 injuria
639 1574 698 1613 non
711 1554 761 1612 fiat
773 1552 950 1628 accipiendo.

240 1655 307 1710 110.
329 1653 480 1725 inquisitio
499 1655 640 1731 generalis
660 1673 696 1712 an
715 1655 795 1730 leges
816 1662 973 1721 serventur,
988 1652 1019 1710 fit
1039 1671 1055 1708 a
1071 1651 1180 1728 J'udioe,
1194 1651 1223 1708 vi
1244 1652 1290 1709 sui

197 1745 359 1820 muneris?
378 1751 429 1810 sed
446 1753 510 1830 jure
534 1753 655 1830 Anglico
676 1760 705 1810 et
724 1753 894 1810 Americano
914 1752 975 1809 fita
992 1751 1093 1828 juratis
1115 1751 1290 1815 hominibus,

198 1851 248 1922 qui
260 1849 411 1910 duodecim
432 1852 534 1910 saltem
554 1871 672 1911 numero
694 1871 759 1910 esse
772 1851 886 1918 debent,
900 1849 946 1908 vel
968 1849 1004 1908 ad
1027 1867 1173 1908 summum
1191 1849 1291 1925 viginti

199 1948 283 2007 tres.⁴
310 1951 450 2028 Specialis
464 1952 612 2026 inquisitio
625 1951 660 2010 de
674 1952 793 2011 crimine
804 1947 952 2027 cujusdam
961 1949 1022 2007 fieri
1031 1948 1139 2019 nequit,
1152 1947 1209 2005 nisi
1223 1965 1293 2024 pru·

199 2051 316 2108 cesserit
328 2051 454 2120 infamia,
469 2052 516 2110 vel
528 2051 740 2127 semiprobatio,
761 2051 807 2108 vel
826 2050 919 2126 gravis
940 2047 1034 2120 aliqua
1046 2065 1132 2104 causa
1143 2041 1168 2104 :⁵
1187 2047 1292 2124 injuria

199 2149 276 2207 enim
289 2150 414 2223 alioquin
427 2151 508 2209 fieret
520 2151 647 2209 innoxiis
667 2149 842 2217 hominibus,
863 2133 1026 2224 suspicione
1038 2145 1166 2205 criminis
1186 2155 1292 2204 temere

197 2248 233 2305 iis
247 2249 361 2326 injecta.
404 2247 553 2309 Consonat
565 2249 727 2309 constitutio
741 2249 920 2315 Americana,
935 2255 1019 2322 prout
1031 2245 1182 2304 emendata
1195 2234 1265 2302 est⁶

240 2351 307 2406 111.
330 2348 463 2420 Equuleo
477 2349 546 2409 olim
560 2350 739 2422 torquebatur
758 2367 836 2417 reus,
858 2344 1083 2425 praecedentibus
1105 2355 1200 2404 umen
1220 2331 1292 2402 indi·

200 2447 252 2505 oiis
266 2448 443 2524 gravissimis
457 2450 594 2517 criminis,
609 2457 641 2508 ut
653 2467 690 2506 ex
706 2449 769 2525 ejus
789 2447 969 2507 confessione
989 2444 1073 2522 plena
1094 2445 1175 2503 lieret
1194 2443 1294 2521 proba·

199 2545 248 2603 tio.
292 2546 325 2602 si
345 2547 467 2618 equuleo
485 2547 618 2604 liberatus
631 2547 842 2603 consessionem
855 2546 1017 2610 retractarit,
1032 2547 1135 2602 iterum
1148 2542 1295 2614 torqueba-

203 2653 266 2700 tur:
288 2642 339 2699 sed
352 2646 376 2702 si
398 2645 479 2702 tertio
493 2652 580 2701 tortus
603 2663 634 2701 ac
655 2643 814 2711 consessus,
838 2641 918 2699 tertio
940 2650 1127 2708 retractasset,
1150 2640 1294 2698 absolutus

201 2739 400 2801 dimittebatur.
443 2743 505 2800 Viri
519 2742 653 2811 illustres,
668 2742 714 2798 vel
727 2742 757 2799 in
770 2741 904 2820 dignitate
919 2738 1073 2807 constituti,
1087 2739 1228 2806 doctores,
1241 2739 1294 2797 mi·

199 2839 274 2909 lites,
288 2860 383 2910 senes,
398 2843 570 2918 impuberes,
590 2833 779 2920 praegnantes,
795 2850 823 2898 et
843 2838 970 2899 nondum
991 2837 1163 2898 confirmatas
1183 2847 1295 2914 apartu

199 2940 322 3013 equuleo
337 2943 461 3016 torqueri
474 2942 638 3014 nequibant.
672 2940 690 2999 J
693 2960 742 2999 ure
755 2941 878 3018 Anglico
890 2958 956 2998 reus
969 2938 1142 3016 respondere
1155 2954 1291 2996 recusans

200 3039 276 3098 haud
289 3041 411 3116 equuleo
425 3041 614 3116 torquebatur,
629 3041 680 3100 sed
699 3043 730 3099 in
748 3059 860 3100 carcere
881 3039 966 3099 dorso
982 3041 1094 3117 jacens,
1109 3038 1176 3098 ferri
1188 3055 1295 3116 magno

234 3267 273 3330 (l)
289 3265 347 3328 ch.
362 3265 426 3316 xviii
440 3270 453 3325 §
467 3265 497 3315 de
508 3264 570 3313 offic.
589 3264 682 3329 presid.
696 3272 718 3312 et
731 3263 790 3324 Leg.
803 3261 834 3312 vi.
854 3267 868 3321 §
882 3262 912 3310 de
925 3261 987 3310 offic.
999 3277 1110 3326 procons.
1122 3268 1147 3310 et
1165 3259 1300 3308 authentis.

202 3354 237 3404 Ut
241 3356 337 3420 judices
348 3354 400 3404 sine
410 3369 508 3418 quoque
518 3350 641 3413 suffragio.
661 3349 722 3414 Gap.
733 3367 755 3399 x.
765 3351 795 3399 dc
808 3349 848 3400 vit.
861 3357 885 3398 et
893 3347 990 3398 honest
1002 3363 1024 3396 c.
1033 3347 1067 3396 xi.
1079 3346 1108 3396 de
1121 3346 1262 3410 rescriptio
1274 3347 1298 3393 6.

237 3441 278 3508 (2)
292 3440 366 3490 Dent.
377 3439 424 3489 xvi.
441 3441 478 3487 19.
648 3437 690 3500 (3)
703 3433 765 3498 Cep.
778 3434 793 3482 i.
804 3433 833 3482 de
844 3432 906 3482 offic.
915 3431 970 3498 jud.

239 3528 279 3591 (4)
297 3524 464 3592 Grurtdjurg.
494 3523 556 3572 Vide
569 3521 633 3586 apud
646 3520 801 3577 Blockstone‚
814 3520 828 3567 l.
840 3519 873 3568 iv.
885 3533 910 3567 n.
920 3516 977 3566 303.

239 3613 281 3678 (5)
297 3611 358 3674 Gap.
367 3610 418 3659 xxi.
430 3617 454 3658 et
464 3607 529 3656 xxiii.
542 3604 687 3655 demutat.

239 3698 281 3764 (6)
301 3695 381 3743 “The
395 3692 461 3755 right
477 3692 505 3742 ol
518 3691 560 3741 the
572 3690 657 3754 peoplc
670 3697 694 3738 to
706 3689 736 3736 be
754 3703 837 3736 secure
849 3685 875 3735 in
888 3685 949 3734 their
967 3667 1077 3749 persouh,
1087 3681 1187 3740 houses,
1204 3695 1298 3746 papeia,

202 3781 251 3832 and
262 3780 352 3838 effectu
364 3778 460 3840 against
469 3777 644 3826 unreasonablo
656 3773 766 3822 seorches
775 3771 823 3820 and
835 3775 947 3830 seizures,
959 3770 1020 3819 shall
1032 3775 1075 3818 not
1086 3769 1115 3817 be
1127 3766 1239 3824 violatae
1251 3765 1300 3814 and

203 3883 236 3917 no
248 3875 365 3916 warrants
377 3865 438 3915 shall
449 3863 522 3920 issue,
535 3863 579 3911 but
596 3877 661 3925 upon
677 3859 789 3925 probable
801 3874 881 3915 cause,
894 3855 1024 3920 supported
1041 3856 1073 3919 by
1090 3853 1147 3903 oath
1159 3868 1186 3901 or
1198 3851 1302 3901 affirma·

205 3955 264 4014 tion,
276 3953 324 4003 and
343 3949 497 4017 particularly
510 3947 648 4009 describing
665 3947 707 3995 the
724 3947 792 4010 place
812 3954 836 3994 to
855 3947 883 3992 be
904 3941 1026 3996 seorohed,
1043 3939 1091 3989 and
1104 3939 1144 3988 the
1156 3954 1257 4002 persons
1274 3953 1302 3986 or

206 4039 288 4102 things
300 4048 325 4088 to
336 4040 366 4087 be
375 4034 479 4086 seiaed.''
496 4033 588 4084 Article
600 4031 632 4082 iv.
651 4029 833 4080 Ametrdmertte
844 4032 868 4077 to
884 4023 1056 4076 Corastitution
1067 4022 1100 4091 of
1110 4021 1201 4073 United
1212 4022 1301 4072 mata.
1346 4085 1348 4089 ,

204 4125 269 4174 “No
282 4139 368 4190 person
381 4121 443 4170 shall
455 4124 484 4170 be
496 4119 552 4170 held
563 4126 589 4169 to
601 4123 695 4167 ansvler
713 4117 776 4166 sora
793 4115 881 4178 capital
900 4129 927 4162 ot
938 4111 1067 4162 otherwise
1084 4109 1207 4160 insamous
1218 4109 1301 4168 crime,

204 4211 287 4260 unless
299 4225 332 4257 on
344 4225 358 4256 a
369 4211 533 4271 presentment
551 4219 580 4252 or
590 4203 735 4252 indictmeut
753 4201 781 4248 oi
795 4215 809 4247 a
821 4198 897 4260 grand
912 4198 979 4261 Jury,
996 4193 1119 4259 exceptio
1132 4209 1200 4244 cases
1211 4194 1302 4255 arising

205 4297 232 4345 in
244 4295 285 4345 tho
297 4294 353 4344 land
367 4309 393 4342 or
404 4292 475 4342 nauel
494 4290 578 4347 forces,
596 4305 622 4337 or
633 4287 658 4337 in
672 4287 713 4336 ths
730 4285 824 4344 utilitia,
836 4285 907 4332 when
926 4282 950 4332 in
963 4283 1043 4332 actuul
1055 4281 1155 4340 service,
1167 4279 1192 4330 in
1205 4280 1263 4330 dote
1277 4279 1305 4328 os

207 4395 257 4430 war
269 4395 296 4428 or
307 4378 389 4443 public
400 4372 515 4437 danger.''
545 4372 637 4422 Artiole
651 4387 672 4422 v.
