3146 5266
278 470 317 526 66
626 462 683 522 DE
704 461 818 523 LEGE
839 459 1010 522 VETERI.

317 633 367 688 22.
389 629 525 695 Quamvis
546 629 677 705 abrogata
696 628 814 688 omnino
834 628 870 684 sit
888 626 937 684 lex
956 624 1106 692 Mosaica;
1127 643 1191 698 que
1211 635 1307 686 tamen
1321 645 1372 686 na·

280 737 346 786 turae
360 735 500 805 precepta
512 726 647 802 decalogo
666 727 855 792 continentur,
876 733 964 782 totam
983 724 1042 780 vim
1063 741 1145 783 suam
1165 725 1303 795 obtinent,
1326 745 1375 785 na·

279 825 365 884 turale
376 827 453 886 enim
462 827 511 903 jus
524 833 685 901 temporum
698 825 882 895 locorumque
896 820 1106 880 vicissitudines
1119 841 1178 884 nou
1191 825 1307 899 patitur,
1325 824 1377 882 sed

278 923 356 983 idem
378 924 483 997 ubique
505 932 533 981 et
555 941 668 1000 semper
691 931 795 980 manet·
837 922 1034 993 Quacumque
1052 921 1111 998 juri
1135 921 1255 980 naturali
1282 921 1376 981 addita

278 1024 458 1099 reperiuntur
469 1023 499 1080 in
508 1021 653 1100 decalogo,
666 1020 885 1078 Christi-fideles
895 1038 953 1078 non
964 1018 1149 1095 adstringunt.
1193 1021 1375 1098 Praeceptum

279 1120 385 1179 idcirco
393 1121 428 1179 de
439 1121 561 1178 Sabbata
575 1119 722 1187 servando,
731 1137 781 1177 seu
790 1118 825 1176 de
835 1119 954 1194 septima
961 1116 1007 1175 dio
1017 1116 1075 1174 Dei
1084 1118 1172 1176 cultui
1179 1117 1308 1188 diemde,
1315 1121 1377 1197 jam

280 1221 366 1278 cessit
378 1219 539 1295 apostolica
558 1219 626 1296 legi,
650 1237 687 1276 ex
709 1217 850 1276 Ecclesia
871 1214 1076 1275 consuetudine
1099 1217 1297 1286 innotescenti,
1321 1236 1378 1290 qua

281 1317 358 1376 diem
388 1317 580 1386 Dominicam,
606 1317 727 1393 primam
753 1316 862 1374 scilicet
887 1313 1070 1372 hebdomadae
1097 1313 1183 1383 diem,
1211 1316 1241 1372 in
1267 1314 1377 1372 Christi

280 1415 400 1474 Domini
412 1415 583 1492 resurgentis
596 1415 773 1481 memoriam,
787 1415 842 1490 piis
855 1413 987 1489 operibus
996 1411 1133 1471 dicamus.
1176 1411 1375 1481 daemonia,

282 1532 334 1571 seu
346 1515 416 1572 ritus
429 1513 552 1582 Judaioi,
567 1532 619 1570 nos
628 1513 705 1572 haud
717 1513 909 1588 obstringunt:
930 1529 978 1568 eas
988 1511 1073 1587 igitur
1082 1510 1378 1579 servare‚Jndae0rum

282 1613 379 1679 instar,
392 1628 430 1670 ex
452 1611 522 1668 salsa
534 1612 669 1686 opinione
689 1629 737 1667 eas
756 1611 912 1667 etiamnum
931 1610 1038 1685 vigere,
1059 1628 1136 1668 error
1149 1611 1222 1668 soret
1240 1619 1268 1668 et
1280 1629 1377 1686 super·

282 1709 374 1766 stitio:
395 1708 462 1767 licet
475 1716 568 1766 tamen
581 1708 720 1766 Ecclesia
734 1727 782 1765 eas
795 1709 840 1764 vel
860 1707 972 1775 imitari,
987 1707 1033 1764 vel
1046 1707 1189 1777 adhibere,
1203 1717 1300 1785 utpote
1314 1727 1377 1782 qua

283 1805 379 1866 Deum
391 1808 495 1865 habent
516 1817 668 1875 auctorem,
692 1815 720 1864 et
738 1825 801 1880 qua
815 1807 913 1864 referri
935 1815 1055 1881 possunt
1077 1805 1113 1863 ad
1125 1806 1192 1864 fidei
1207 1805 1377 1865 Christianae

282 1907 428 1983 mysteria.
471 1904 614 1965 Ceterum
636 1903 748 1964 nullum
766 1907 851 1964 ritum
869 1905 997 1962 invenias
1020 1903 1096 1980 apud
1115 1902 1305 1972 Christianos,
1327 1909 1379 1978 qui

283 2023 349 2063 cnm
361 2006 459 2063 ritibus
472 2005 491 2063 J
492 2004 599 2063 udaieis
613 2006 732 2063 omnino
742 1996 918 2061 concordet.l
958 2002 977 2061 J
978 2001 1111 2062 udicialia
1118 2014 1260 2080 praecepta
1272 2003 1378 2062 nullam

284 2102 342 2159 vim
364 2104 500 2160 obtinent.
551 2102 636 2167 Quod
658 2104 682 2158 si
702 2104 835 2178 princeps
854 2101 900 2158 vel
921 2101 1079 2176 respublica
1104 2101 1198 2179 legem
1221 2102 1300 2170 ferat,
1323 2121 1378 2174 qua

286 2198 393 2271 aliquid
405 2200 440 2258 iis
454 2199 594 2258 sancitum
617 2208 759 2268 statuatur,
775 2201 837 2277 ejus
850 2201 893 2257 vis
916 2219 933 2256 a
954 2208 1092 2275 potestate
1112 2201 1248 2277 principis
1262 2219 1313 2258 seu
1325 2203 1378 2259 rei-

285 2298 414 2374 publicae,
425 2308 587 2357 nonautem
597 2299 684 2375 alege
694 2298 810 2375 Moysis
820 2298 998 2356 derivabitur.
1041 2298 1091 2356 Sic
1101 2317 1164 2370 quae
1178 2299 1291 2376 vigebat
1303 2300 1379 2376 apud

285 2396 394 2472 Anglos
407 2396 543 2456 vadiutio
556 2397 645 2475 legis,
657 2397 748 2469 quain
761 2397 928 2470 quibusdam
941 2414 1035 2456 rerum
1048 2396 1197 2473 adjunctis,
1212 2398 1261 2470 qui
1270 2399 1376 2476 juravit

286 2512 316 2550 re
330 2493 487 2554 immunem
501 2513 564 2554 esse
578 2514 632 2554 aere
646 2494 748 2563 alieno,
762 2496 808 2553 vel
821 2513 851 2552 re
870 2496 925 2554 alia
944 2513 1007 2568 quae
1027 2496 1068 2553 illi
1087 2496 1284 2572 imputabatur,
1300 2499 1379 2555 abso·

284 2592 360 2651 lutus
374 2593 518 2663 evadebat,
531 2595 649 2654 minime
663 2594 801 2652 nitebatur
821 2593 885 2670 lege
899 2594 1039 2661 Mosaica,
1063 2596 1191 2666 quamvis
1214 2596 1241 2652 ei
1265 2596 1305 2652 sit
1316 2614 1379 2672 per·

286 2692 389 2751 similis
401 2712 408 2750 ε
431 2694 493 2751 “Si
506 2691 820 2767 quiscommendaverit
829 2693 961 2770 proximo
969 2710 1021 2750 suo
1031 2693 1151 2758 asinum,
1161 2693 1274 2761 bovem,
1285 2712 1379 2762 ovem,

286 2800 315 2848 et
326 2808 413 2850 omna
421 2794 584 2870 jumentum
598 2792 633 2850 ad
649 2791 816 2860 custodiam,
831 2801 859 2848 et
871 2800 1013 2850 mortuum
1026 2791 1120 2858 suerit,
1134 2800 1182 2849 aut
1193 2790 1378 2861 debilitatum,

286 2889 332 2946 vel
345 2899 459 2965 captum
472 2893 507 2947 ab
519 2892 657 2958 hostibus,
681 2891 832 2962 nullusque
854 2890 910 2947 hoc
930 2887 1039 2956 viderit,
1050 2889 1250 2964 jusjurandum
1273 2891 1326 2947 erit
1348 2893 1379 2949 iu

287 2983 392 3052 medio,
406 2986 483 3056 quod
495 3005 554 3045 non
576 2986 734 3044 extenderit
746 3006 862 3046 manum
884 2986 993 3044 adrem
1007 2987 1131 3063 proximi
1145 2988 1208 3046 sui:
1230 2989 1379 3065 suscipiet·

288 3100 344 3154 que
358 3081 490 3142 dominus
499 3086 703 3162 juramentum,
717 3094 746 3142 et
758 3087 806 3144 iile
819 3084 935 3144 reddere
949 3103 1008 3143 non
1018 3079 1183 3161 cogetur.”²

322 3268 364 3336 (l)
384 3268 494 3321 Ocnsule
506 3271 697 3334 elegantissimas
708 3272 799 3322 litteras
807 3271 934 3322 Wiseman
945 3269 1111 3338 nngoyndsr.

321 3351 362 3418 (Ξ)
382 3353 463 3404 Erod.
480 3356 541 3407 xxii.
562 3354 600 3406 10.
634 3357 698 3406 Vide
716 3355 885 3407 Blackstcne’s
896 3355 1096 3416 Commentarios,
1108 3357 1123 3406 l:
1136 3357 1161 3416 ³,
1172 3371 1194 3406 c.
1208 3359 1247 3416 lt,
1259 3363 1283 3406 et
1300 3371 1323 3406 c.
1339 3353 1381 3415 22,

288 3440 303 3497 ς
316 3437 348 3487 vi.
360 3452 447 3507 woger
457 3437 490 3508 of
495 3437 552 3492 low.
