3078 5258
498 536 555 595 DE
576 535 931 600 DISPENSATIONE.
1204 547 1260 602 lss

155 707 215 778 qui
229 723 280 780 per
292 704 501 781 simplieitatem
509 700 556 761 vel
569 703 755 780 ignorantiam
765 704 859 762 literas
868 723 884 762 a
894 704 975 762 nobis
985 703 1147 781 impetrant,
1159 706 1259 784 hujus·

154 804 242 872 modi
267 803 408 862 oredimus
435 801 636 860 discretionem
659 781 863 870 adhibendam
883 813 915 860 ut
936 803 967 860 hi
989 805 1040 875 qui
1063 805 1150 880 priori
1171 805 1258 864 modo

155 903 309 962 falsitatem
323 902 499 979 exprimunt,
513 900 558 958 vel
572 903 753 977 supprimunt
772 903 928 968 vennam,
948 902 978 959 in
992 921 1050 961 sue
1065 905 1257 980 perversitatis

158 1021 288 1079 paenam,
314 1003 425 1060 nullum
453 1020 490 1059 ex
515 1000 571 1058 illis
597 1000 686 1057 literis
708 1000 891 1059 commodum
917 1003 1258 1075 coaequamus-Inter

156 1101 230 1159 alios
244 1111 350 1168 autem,
365 1103 417 1174 qui
436 1099 584 1176 posteriori
603 1098 689 1156 ruodo
708 1099 803 1157 literas
823 1101 985 1176 impetrant,
1006 1099 1140 1159 duximus
1160 1101 1256 1161 distin·

157 1198 315 1276 guendum,
330 1219 393 1272 quae
407 1200 514 1257 falsitas
528 1207 661 1276 suggesta
674 1198 767 1265 suerit,
783 1199 827 1256 vel
842 1217 904 1272 qua
918 1200 1021 1258 veritas
1034 1201 1072 1259 sit
1084 1217 1253 1276 suppressa:

157 1317 227 1356 nam
240 1299 265 1354 si
278 1299 342 1357 talis
355 1317 493 1375 expressa
505 1299 541 1355 sit
560 1297 676 1364 salsitas,
690 1297 737 1356 vel
757 1297 858 1354 veritas
878 1298 1025 1367 oceidtata,
1040 1317 1103 1372 quae
1124 1302 1253 1372 quamvis

158 1397 267 1456 suisset
285 1398 378 1466 tacita,
399 1397 445 1456 vel
465 1415 612 1473 expressa,
626 1413 680 1454 nos
701 1395 887 1455 nihilominus
907 1397 1008 1455 saltem
1025 1399 1054 1456 in
1074 1397 1165 1456 forma
1177 1417 1261 1458 com·

157 1498 243 1554 muni
262 1497 359 1554 literas
383 1496 571 1564 dedissemus,
595 1494 742 1571 delegatus
764 1513 822 1554 non
845 1513 967 1567 sequens
987 1495 1106 1554 sormam
1121 1496 1150 1554 in
1162 1496 1253 1556 literis

158 1597 235 1672 ipsis
257 1597 426 1671 appositam,
450 1594 607 1654 secundum
630 1594 759 1653 ordinem
771 1595 844 1671 juris
866 1595 898 1653 in
920 1613 1006 1652 causa
1032 1594 1177 1671 procedat.
1220 1597 1252 1655 si

156 1692 230 1752 verb
244 1693 471 1771 per'hujusmodi
484 1695 614 1752 salsitatis
628 1694 854 1769 expressionem,
862 1693 907 1750 vel
920 1695 1155 1770 suppressionem
1168 1695 1253 1755 etiarn

155 1794 295 1861 veritatis,
310 1793 396 1851 literae
410 1793 515 1852 fuerint
527 1795 692 1869 impetrate,
713 1811 769 1864 qua
782 1793 866 1850 tacita
879 1793 924 1850 vel
944 1811 1081 1868 expressa
1094 1811 1147 1852 nos
1161 1793 1253 1852 nullas

157 1911 274 1970 prorsus
287 1893 382 1950 literas
396 1891 586 1960 dedissemus,
602 1890 761 1968 adelegato
774 1909 832 1949 non
846 1900 890 1948 est
903 1891 1082 1962 aliquatenus
1096 1891 1252 1967 proceden-

159 1986 279 2050 dum.'’1
319 1991 562 2064 Quotiescumque
584 1991 669 2068 igitur
683 2009 767 2048 causa
783 1987 967 2068 principalis
988 1989 1173 2067 dispensandi
1186 1999 1254 2048 tem·

158 2108 232 2166 pore
246 2103 434 2165 porrectarum
448 2109 567 2167 precum
580 2109 639 2148 non
651 2090 788 2178 subsistit,
803 2089 880 2148 nulla
892 2091 945 2147 erit
958 2088 1149 2166 dispensatio:
1171 2107 1253 2148 secus

158 2191 185 2248 si
198 2207 284 2247 causa
305 2198 413 2248 tantum
436 2199 549 2248 moveat
568 2188 603 2246 ad
625 2181 737 2247 facilius
760 2188 993 2264 dispensandum.
1035 2188 1099 2248 Imo
1123 2191 1254 2247 sisausa

158 2289 332 2365 principalis,
344 2307 418 2361 quae,
433 2288 502 2348 dum
516 2305 616 2366 preces
630 2289 851 2365 porrigerentur,
865 2287 1044 2355 subsistebat,
1060 2297 1124 2346 ante
1137 2305 1254 2346 conces-

158 2406 220 2446 sam
233 2387 487 2465 dispensationem,
503 2391 565 2446 sive
579 2406 595 2444 a
609 2387 772 2462 Superiora,
787 2388 849 2444 sive
869 2386 1037 2462 adelegato,
1058 2385 1180 2454 deficiat,
1194 2405 1252 2446 non

156 2486 231 2544 valet
244 2488 419 2564 dispensatio
431 2506 438 2555 ;
460 2486 625 2546 conceditur
638 2488 744 2562 quippe
760 2494 780 2521 “
791 2496 929 2559 quatenus
943 2487 969 2543 si
982 2487 1020 2544 ita
1039 2485 1113 2542 est.”
1156 2486 1215 2543 Sed
1228 2489 1253 2545 si

156 2605 296 2644 concessa
305 2589 367 2664 jam
381 2587 601 2663 dispensatione,
624 2594 775 2657 antequam
796 2585 861 2657 quis
882 2603 916 2641 ea
934 2594 1037 2650 stetin,
1052 2602 1138 2642 causa
1147 2595 1252 2653 cesset,

156 2686 377 2742 controvertitur
389 2695 482 2742 utrum
495 2704 527 2742 ea
540 2681 632 2743 adhuc
645 2685 746 2742 valeat.
790 2684 938 2741 Sententia
950 2681 1094 2738 affirmans
1108 2685 1175 2739 satis
1189 2699 1253 2756 pro·

154 2783 263 2841 babilis
288 2783 409 2849 videtur,
432 2784 519 2842 ablato
538 2785 648 2842 scilicet
668 2782 741 2858 legis
762 2781 886 2846 vinculo,
910 2797 945 2836 eo
966 2779 1047 2853 ligari
1068 2779 1132 2849 quis
1155 2780 1254 2850 nequit

157 2881 294 2959 amplius,
309 2892 337 2939 et
351 2890 370 2917 “
380 2881 481 2941 saonam
495 2882 620 2960 legitime
633 2881 777 2940 retractari
790 2897 848 2937 non
868 2875 959 2944 debet,
973 2877 1040 2936 licet
1059 2895 1142 2934 casus
1156 2887 1254 2953 postea

157 2982 280 3049 eveniat,
296 3001 311 3038 a
325 3000 382 3054 quo
397 2999 453 3040 non
467 2984 560 3058 potuit
573 2972 752 3039 inchoari.'’²

198 3084 247 3139 56.
270 3079 375 3138 Cessat
388 3080 574 3158 dispensatio,
589 3081 615 3136 si
634 3091 734 3156 postea
747 3077 859 3150 deficiat
870 3076 1006 3145 conditio,
1020 3078 1073 3136 sub
1087 3096 1152 3150 qua,
1167 3079 1251 3136 tacite

158 3179 257 3238 saltem
270 3180 422 3249 intellecta,
444 3180 497 3239 fuit
515 3197 670 3239 concessa:
693 3198 729 3236 v:
752 3197 786 3254 g:
808 3179 833 3236 si
854 3177 917 3250 quis
937 3177 974 3234 ob
994 3176 1126 3235 afflictam
1147 3178 1251 3237 valetu-

158 3277 254 3337 dinem
267 3280 419 3338 obtinuerit
431 3279 676 3357 dispensationem
698 3298 714 3335 a
735 3277 798 3354 lege
816 3275 932 3353 jejunii,
953 3274 999 3331 vel
1018 3275 1052 3332 ab
1073 3274 1169 3332 officio
1182 3279 1252 3333 reci·

159 3378 252 3447 undo,
271 3389 423 3436 restaurata
437 3379 597 3438 valetudine
617 3378 756 3438 tenebitur
771 3376 912 3453 jejunare,
933 3381 963 3431 at
981 3372 1109 3432 officium
1122 3375 1249 3432 recitare.

159 3475 219 3536 Sed
232 3478 256 3535 si
270 3478 306 3534 ob
325 3477 509 3536 uehementes
522 3479 615 3536 carnis
629 3495 701 3550 quos
722 3471 1033 3552 patiebaturstimulos,
1055 3472 1168 3546 petierit
1187 3474 1251 3544 quis

157 3585 186 3632 et
198 3577 351 3634 obtinuerit
363 3575 608 3653 dispensationem
623 3596 639 3634 a
657 3585 724 3634 voto
744 3573 878 3632 castitatis
899 3571 935 3629 ad
955 3569 1166 3628 matrimonium
1186 3590 1253 3629 oon·

158 3674 335 3744 babendum,
359 3679 464 3752 poterit
482 3677 553 3736 illud
575 3677 656 3744 inire,
678 3673 790 3732 etiamsi
807 3673 868 3749 jam
893 3688 952 3729 non
977 3669 1077 3728 eadem
1101 3671 1252 3730 tentatione

158 3775 298 3850 agitetur:
320 3793 385 3832 narn
400 3776 524 3834 conditio
537 3795 597 3835 non
610 3775 767 3833 adnectitur
780 3771 995 3848 dispensationi.
1077 3795 1079 3802 s

198 3878 248 3932 57.
271 3873 394 3931 Cessare
417 3885 512 3951 potest
532 3875 706 3952 dispensatio
723 3879 779 3950 per
799 3871 1017 3932 revocationem
1037 3868 1257 3946 dispensantis,
1342 3857 1344 3863 ¹

157 3973 204 4030 cui
213 3973 279 4030 licet
288 3974 325 4031 ob
333 3975 443 4050 justam
457 3993 573 4034 causam
583 3994 646 4032 earn
656 3973 836 4053 rescindere:
858 3989 916 4033 nou
926 3969 1000 4028 valet
1009 3978 1104 4024 tamen
1114 3966 1254 4026 inferioris

160 4070 268 4146 praelati
282 4075 435 4140 revocatio,
450 4074 506 4135 nisi
525 4093 607 4147 aequa
627 4075 655 4132 ei
676 4071 846 4146 suffragetur
858 4070 946 4134 rstio;
967 4084 1020 4124 nec
1040 4067 1118 4124 enim
1141 4067 1254 4144 dispen·
1307 4085 1309 4088 ·

155 4170 238 4228 sandi
251 4171 297 4229 vel
315 4174 468 4232 revocandi
481 4173 599 4232 facultas
612 4175 639 4232 ei
653 4193 669 4232 a
681 4171 841 4248 legislatore
863 4165 1025 4226 concredita
1044 4175 1184 4238 censetur,
1198 4170 1254 4227 nisi

154 4271 234 4345 juste
254 4272 424 4330 exercenda.

192 4441 234 4503 (1)
258 4439 287 4488 e.
300 4438 382 4506 seper
394 4438 523 4501 rrimus
535 4441 676 4506 aceepit.
889 4441 929 4505 (2)
948 4437 1008 4501 Rec-
1021 4437 1059 4486 ⁷³·
1076 4435 1221 4502 Jurisint·

689 4540 742 4596 17t
