3146 5266
264 489 300 543 12
514 481 571 541 DE
593 480 776 542 ACTIBUS
798 481 1096 541 VOLUNTARIIS.

262 652 368 723 absque
379 648 501 725 periculi
514 649 691 734 suspicione,
703 648 748 706 vel
762 648 864 706 saltem
872 649 981 719 absque
996 648 1111 706 abortus
1119 645 1275 716 voluntate,
1284 648 1353 706 licet

262 748 407 822 quoddam
422 748 495 806 soret
516 748 687 826 periculum,
703 747 782 821 quod
795 749 826 805 in
847 748 882 804 iis
903 765 998 804 rerum
1019 746 1161 825 adjunctis
1183 747 1272 804 vitare
1293 765 1350 806 non

262 849 411 906 tenebatur
423 847 565 917 medicus,
581 847 675 904 sebres
691 865 811 925 corpore
826 845 968 905 deducere
983 855 1093 904 tantum
1106 845 1236 904 studens.

305 951 352 1004 16.
374 946 461 1004 Juvat
482 948 514 1004 S.
530 947 653 1004 Thomae
674 947 727 1004 huc
747 946 782 1004 de
802 965 833 1004 re
852 946 968 1003 recitare
982 947 1083 1003 verba:
1109 945 1351 1003 “Nocumentum

261 1046 407 1122 tripliciter
417 1064 448 1102 se
459 1046 562 1105 habere
573 1054 665 1122 potest
675 1045 710 1103 ad
720 1054 877 1120 peccatum.
920 1043 1097 1117 Quandoque
1112 1045 1188 1100 enim
1199 1063 1351 1102 nocumen-

262 1154 322 1202 tum
337 1144 414 1217 quod
427 1145 557 1221 provenit
569 1162 607 1201 ex
620 1153 747 1225 peccato,
758 1154 802 1202 est
814 1143 966 1220 praevisum
976 1152 1005 1199 et
1017 1143 1175 1201 intentum:
1197 1143 1270 1199 sicut
1285 1161 1351 1200 cum

261 1243 365 1316 aliquis
380 1242 486 1316 aliquid
499 1250 631 1319 operatur
643 1244 738 1300 animo
749 1242 870 1301 nocendi
881 1241 968 1309 alteri,
982 1250 1014 1299 ut
1026 1240 1169 1299 homicida
1181 1241 1227 1298 vel
1240 1241 1301 1299 fur:
1323 1250 1351 1297 et

261 1351 327 1418 tunc
338 1341 442 1399 directe
456 1343 595 1413 quantitas
603 1342 767 1399 nocumenti
777 1340 896 1416 adauget
905 1341 1067 1416 gravitatem
1079 1341 1196 1416 peccati,
1209 1340 1275 1411 quia
1285 1349 1350 1397 tunc

258 1449 461 1499 nocumentum
475 1449 519 1498 est
536 1458 586 1515 per
600 1457 631 1495 se
652 1440 792 1516 objectum
802 1439 923 1516 peccati.
967 1438 1144 1510 Quandoque
1159 1447 1250 1496 autem
1264 1457 1349 1496 nocu-

258 1550 387 1596 mentum
400 1548 444 1595 cst
456 1539 618 1614 praevisum,
633 1537 685 1594 sed
698 1557 754 1595 non
765 1538 921 1594 intentum:
938 1538 1011 1594 sicut
1023 1556 1088 1594 cum
1100 1537 1200 1609 aliquis
1212 1538 1348 1593 transiens

257 1656 308 1713 per
317 1656 425 1714 agrum,
434 1634 702 1712 utoompendiosius
713 1635 795 1693 vadat
803 1634 1050 1702 adsornicandum,
1060 1635 1348 1693 infertnocumentum
1410 1671 1413 1678 ·

257 1736 303 1792 his
318 1745 458 1808 quaesunt
471 1736 609 1792 seminata
618 1735 648 1791 in
662 1715 739 1811 agro,
754 1736 884 1801 scienter,
898 1733 965 1792 licet
978 1752 1036 1792 non
1049 1735 1144 1791 animo
1161 1733 1300 1792 nocendi:
1322 1743 1350 1790 et
1392 1739 1397 1754 '

257 1833 299 1892 s'ic
313 1834 398 1892 etiam
418 1835 557 1907 quantitas
576 1835 739 1891 nocumenti
757 1841 889 1910 aggravat
909 1843 1066 1909 peccatum,
1081 1831 1131 1890 scd
1145 1831 1295 1890 indirecte:
1319 1833 1348 1889 in

257 1942 393 2005 quantum
409 1933 517 1990 scilicet
537 1951 574 1990 ex
594 1932 735 1989 voluntate
755 1933 875 1989 multum
895 1931 1028 1988 inclinata
1043 1931 1079 1988 ad
1092 1930 1265 2007 peccandum
1286 1950 1349 2008 pro-

257 2030 340 2097 cedit,
356 2030 434 2100 quod
447 2031 548 2102 aliquis
560 2047 618 2086 non
629 2031 818 2104 praetermittat
828 2027 919 2086 facere
931 2028 1063 2087 damnum
1076 2031 1129 2087 sibi
1143 2028 1188 2087 vel
1201 2030 1258 2097 alii,
1273 2029 1349 2103 quod

257 2128 424 2204 simpliciter
437 2146 495 2186 non
508 2127 601 2183 vellet.
645 2126 823 2199 Quandoque
837 2135 929 2184 autern
941 2138 1142 2186 nocumentum
1156 2146 1208 2186 nec
1223 2138 1266 2185 est
1278 2148 1347 2204 prae·

255 2227 361 2293 visum,
373 2245 426 2283 nec
440 2228 596 2284 intentum:
619 2235 647 2282 et
660 2233 726 2284 tunc
741 2227 765 2283 si
779 2245 830 2302 per
844 2226 974 2284 accidens
988 2245 1018 2284 se
1029 2227 1130 2284 habeat
1142 2227 1177 2284 ad
1190 2237 1347 2303 peccatum,

255 2343 314 2382 non
325 2335 457 2400 aggravat
466 2332 614 2401 peccatum
626 2324 729 2382 directe
739 2346 747 2394 ς
760 2324 811 2382 sed
819 2334 934 2401 propter
943 2327 1142 2402 negligentiam
1154 2325 1349 2383 considerandi

256 2434 427 2480 nocumenta
440 2442 502 2496 quae
514 2424 651 2496 consequi
662 2434 788 2499 possent,
800 2425 972 2500 imputantur
981 2424 1090 2481 homini
1104 2424 1138 2480 ad
1149 2443 1262 2499 poenam
1274 2425 1348 2481 mala

256 2540 319 2594 quae
334 2522 468 2580 eveniunt
480 2530 581 2598 praeter
594 2523 656 2598 ejus
668 2523 861 2590 intentionem,
877 2524 902 2580 si
913 2522 994 2580 dabat
1003 2541 1117 2598 operam
1128 2522 1168 2579 rei
1179 2521 1291 2579 illicitae.
1314 2523 1347 2578 Si

254 2619 322 2679 verd
337 2631 539 2678 nocumentum
556 2640 607 2697 per
621 2639 652 2678 se
669 2632 802 2696 sequatur
812 2641 848 2679 ex
859 2631 922 2679 actu
934 2621 1051 2697 peceati,
1062 2620 1128 2677 licet
1141 2639 1199 2677 non
1212 2621 1248 2676 sit
1258 2621 1347 2678 inten-

255 2730 325 2788 tum,
347 2738 400 2777 nec
424 2721 586 2796 praevisum,
608 2719 712 2779 directe
733 2732 879 2799 peccatum
898 2729 1045 2797 aggravat;
1078 2721 1144 2791 quia
1161 2737 1346 2793 quaecumque

255 2838 351 2893 perse
370 2829 582 2890 consequuntur
595 2818 631 2876 ad
644 2831 801 2894 peccatum,
817 2821 957 2893 pertinent
974 2818 1183 2891 quodammodo
1202 2816 1237 2874 ad
1255 2819 1345 2895 ipsam
1415 2854 1424 2872 .

255 2917 364 2992 peccati
377 2917 521 2990 speciem:
544 2925 613 2990 puta
626 2916 651 2970 si
665 2917 766 2987 aliquis
780 2915 891 2990 publice
912 2915 1072 2982 fornicetur,
1094 2917 1220 2988 sequitur
1232 2916 1346 2973 scanda-

253 3015 313 3070 lum
333 3013 537 3089 plurimorum
560 3012 638 3085 quod
652 3015 781 3085 quamvis
802 3014 864 3088 ipse
884 3032 941 3070 non
962 3013 1095 3082 intendat,
1117 3033 1171 3072 nec
1192 3015 1262 3073 forte
1276 3034 1345 3092 prae-

254 3111 357 3179 videat,
370 3111 473 3169 directe
486 3130 537 3186 per
547 3111 601 3168 hoc
613 3121 778 3187 aggravatur
793 3105 990 3187 peccatum.’'l

297 3215 344 3270 17.
379 3218 398 3244 “
410 3209 475 3290 Hic
494 3209 637 3266 advertere
658 3211 799 3287 oportet,''
823 3211 914 3282 inquit
934 3212 965 3268 S.
987 3211 1163 3288 Alphonsus,
1193 3212 1298 3286 “quod
1317 3222 1348 3270 ut

253 3309 356 3381 aliquis
369 3307 487 3366 effeetus
499 3327 622 3380 sequens
633 3307 713 3366 suain
725 3327 840 3366 causam
849 3310 911 3385 jam
925 3311 1081 3368 voluntarie
1094 3312 1226 3386 positam,
1242 3311 1348 3369 dicatur

253 3419 281 3464 et
295 3409 357 3484 ipse
369 3407 543 3464 voluntarius
558 3406 693 3465 indirecte
709 3409 740 3466 in
758 3427 852 3475 causa,
865 3418 893 3464 et
908 3410 993 3465 simul
1003 3410 1155 3484 imputetur
1173 3410 1207 3467 ad
1217 3411 1348 3468 meritum

252 3507 298 3564 vel
326 3506 505 3574 demeritum,
532 3506 585 3562 tria
611 3525 776 3565 concurrere
798 3506 916 3564 debent:
962 3511 989 3564 1.
1011 3507 1087 3579 quod
1108 3528 1195 3585 agens
1216 3508 1347 3584 ponendo

254 3624 368 3662 causam
387 3603 520 3672 advertat,
540 3605 639 3662 saltem
658 3608 688 3663 in
704 3607 832 3672 confuso,
849 3605 1013 3682 hujusmodi
1031 3607 1161 3664 effectum
1179 3608 1237 3665 fore
1256 3625 1293 3664 ex
1303 3607 1350 3664 illa

254 3721 340 3759 causa
357 3710 564 3771 sequuturum:
593 3708 623 3758 2.
646 3702 722 3775 quod
738 3704 829 3778 possit
845 3703 981 3779 impedire
998 3705 1081 3762 talem
1092 3706 1224 3763 effectum
1235 3725 1349 3764 causam

254 3799 396 3857 tollendo:
442 3803 471 3855 3.
494 3797 570 3870 quod
590 3808 716 3857 teneatur
741 3801 838 3858 tollere
861 3802 907 3858 vel
926 3803 1003 3859 illam
1022 3822 1079 3861 non
1099 3823 1214 3879 ponere.
1256 3804 1299 3862 Ita
1315 3805 1347 3862 S.

255 3899 386 3956 Thomas
401 3901 427 3954 l.
440 3904 469 3955 2.
482 3917 530 3970 qu.
543 3901 592 3954 20.
609 3908 659 3955 art.
674 3904 703 3956 ὃ.
717 3899 765 3955 ubi
786 3900 840 3956 ait:
864 3901 1010 3958 ‘Eventus
1029 3921 1151 3974 sequens
1174 3945 1181 3960 .
1205 3945 1211 3960 .
1235 3946 1242 3961 .
1264 3904 1290 3959 si
1307 3914 1350 3961 est

255 3997 463 4073 praecogitatus,
482 3996 664 4054 manifestim
677 4007 729 4065 est,
745 3996 821 4070 quod
840 3999 916 4056 addit
932 4000 966 4057 ad
984 4001 1134 4058 bonitatem
1152 4003 1197 4059 vel
1214 4002 1349 4059 malitiam

255 4104 343 4151 actus.
388 4093 465 4151 Cum
485 4095 562 4152 enirn
583 4096 684 4169 aliquis
706 4097 818 4172 cogitat,
840 4097 916 4168 quod
936 4117 973 4156 ex
993 4117 1078 4174 opere
1099 4118 1151 4157 suo
1171 4100 1259 4157 multa
1275 4102 1350 4158 mala

251 4179 482 4282 possunthequi
500 4211 554 4250 nec
570 4203 685 4271 propter
697 4195 752 4252 hoc
766 4195 887 4263 dimittit,
899 4214 936 4254 ex
951 4197 1006 4255 hoc
1025 4209 1139 4275 apparet
1148 4200 1276 4257 voluntas
1287 4201 1349 4276 ejus

570 4408 611 4473 (l)
632 4411 654 4457 1.
667 4409 691 4459 9.
701 4425 743 4472 qu.
753 4409 832 4460 111111.
844 4418 887 4461 ert.
899 4411 949 4463 viii.
959 4411 1033 4480 neap.
