3046 5262
302 479 361 540 DE
382 477 535 538 LEGUM
557 477 754 540 OlVlLIUM
774 478 1077 544 centesimus.
1176 491 1237 548 278

139 646 284 706 distinctio
297 648 370 706 inter
382 643 457 702 mdo
470 645 500 702 in
513 661 544 702 se
557 654 586 706 et
605 645 680 704 mala
698 645 840 722 prohibita
856 649 918 726 jam
935 651 1071 728 rejicitur,
1084 651 1238 726 omnisque

138 745 203 822 lege
218 745 304 803 vetita
317 744 421 821 pariter
434 743 531 800 illicita
547 740 709 804 hebenum

179 849 229 902 20.
250 845 371 911 Quoties
391 842 440 900 lex
459 841 500 900 its
521 842 626 916 aliquid
645 842 776 919 prohibet
793 855 825 904 ut
843 844 891 905 det
908 849 1057 924 optionem
1077 848 1123 908 vel
1141 848 1237 927 legem

138 942 271 1002 servandi
292 943 339 1002 vel
361 941 495 1000 inidctam
515 941 654 1008 solvendi,
674 941 753 1002 nulla
772 943 925 1005 admittitur
943 947 1066 1024 culpasi
1088 949 1153 1020 quis
1166 967 1238 1025 prm·

139 1043 279 1117 scriptum
305 1039 438 1116 negligat,
471 1041 648 1113 multamque
680 1042 790 1101 solvat:
828 1043 879 1103 sed
911 1045 1078 1123 plerumque
1103 1046 1152 1104 lex
1176 1063 1238 1106 rem

138 1139 265 1198 districte
291 1139 432 1216 prohibet,
462 1157 547 1214 poena
574 1141 709 1204 intentata
735 1159 772 1200 ne
801 1145 867 1216 quis
896 1161 960 1204 eam
990 1144 1094 1204 audeat
1118 1144 1234 1204 violare.

140 1238 185 1296 De
210 1239 322 1314 legibus
346 1237 504 1296 universim
529 1239 619 1298 nolim
645 1239 785 1299 affirmare
811 1259 859 1298 eas
885 1243 1058 1320 obstringere
1084 1245 1233 1304 conscien-

139 1338 225 1404 tiam3
255 1336 307 1394 sed
327 1354 380 1394 nec
405 1335 490 1393 velim
517 1355 642 1396 asserere
666 1341 869 1398 conscientiam
895 1342 930 1400 iis
956 1351 1065 1402 tannim
1087 1342 1234 1420 adstringi,

138 1453 205 1507 quae
228 1437 279 1510 jus
304 1443 407 1492 nature
432 1433 478 1492 vel
503 1435 632 1497 divitium
657 1437 810 1512 explicant.
852 1438 924 1505 Qum
946 1439 1025 1518 leges
1049 1441 1176 1500 feruntur
1201 1441 1237 1500 ad

137 1533 265 1592 moribus
297 1531 503 1594 consulendum
529 1553 630 1594 omnes
657 1534 786 1595 videntur
813 1536 911 1614 ligare,
930 1540 996 1616 jure
1022 1540 1100 1598 enirn
1126 1540 1236 1616 optimo

139 1633 317 1708 prospiciunt
337 1630 512 1706 legislatores
536 1651 648 1692 morum
667 1635 836 1712 integritatis
858 1637 907 1708 qui
919 1637 1002 1696 heile
1014 1648 1236 1715 corrumpuntur

139 1732 332 1790 sanctionibus
346 1731 514 1807 hujusmodi
532 1734 708 1808 postpositis.
726 1787 728 1795 ,
750 1733 822 1800 Qum
842 1734 926 1810 igitur
937 1736 985 1795 lex
999 1737 1102 1794 alicubi
1114 1745 1189 1794 vetat
1201 1755 1237 1795 ne

141 1831 290 1906 mancipiis
304 1829 387 1888 detur
399 1829 516 1888 facultas
535 1850 617 1890 snam
636 1830 750 1890 locandi
761 1849 890 1909 operam,
907 1845 1004 1892 sancte
1018 1833 1156 1892 servanda
1174 1843 1236 1902 est;

139 1925 203 1986 ideo
213 1929 292 1988 cuim
301 1929 407 1986 estlata
418 1947 454 1988 nc
468 1931 503 1987 iis
516 1930 598 1990 denir
610 1930 677 1989 furti
689 1931 814 2000 occasio,
827 1940 860 1989 ut
871 1930 996 1991 dominis
1006 1931 1158 2010 pecuniam
1172 1949 1236 2008 pro·

138 2027 259 2086 missam
271 2028 389 2103 singulis
402 2029 548 2088 mensibus
556 2028 775 2106 persolvendam
784 2029 914 2097 habeant,
925 2031 983 2090 otio
992 2031 1088 2092 lorsan
1097 2031 1236 2108 languen-

140 2136 194 2183 tes.
236 2125 316 2184 ldcm
337 2125 490 2186 dicendum
509 2127 620 2186 videtur
638 2129 674 2187 de
687 2129 752 2207 lege
766 2137 879 2189 vetante
891 2149 928 2188 ue
942 2132 1007 2202 quis
1019 2131 1161 2202 liquorem
1174 2131 1235 2188 ine·

139 2225 279 2286 brientem
300 2225 401 2284 vendat
420 2227 528 2300 absque
549 2227 682 2286 licentias
703 2227 733 2286 id
752 2229 833 2286 enim
852 2237 966 2288 cautum
986 2237 1032 2287 est
1050 2246 1086 2286 ne
1099 2243 1236 2305 caupone

139 2324 349 2384 numerosiores
375 2324 535 2384 lienteum
561 2344 673 2385 morum
700 2325 877 2386 detrimento.
918 2327 992 2394 Ques
1014 2328 1094 2404 leges
1114 2340 1236 2387 onerum

140 2423 317 2498 publicorum
343 2441 454 2494 equam
480 2422 704 2484 distributionem
724 2433 858 2493 statuunt,
879 2424 1024 2484 semande
1050 2428 1137 2486 mam
1158 2435 1236 2494 sunt,

139 2522 244 2597 singuli
266 2521 350 2584 enim
371 2521 449 2578 cives
476 2520 579 2580 debent
606 2541 641 2580 es
671 2541 723 2598 pro
751 2525 859 2583 viribus
885 2533 1063 2584 sustentares
1098 2523 1237 2582 “reddite

140 2619 240 2696 ergo,'’
265 2620 359 2692 inquit
376 2619 544 2695 Apostolus,
565 2621 729 2680 “omnibus
751 2621 855 2689 debita,
869 2624 917 2680 cui
939 2623 1074 2680 tributim
1093 2621 1238 2688 tributum,

138 2719 186 2777 cui
209 2717 341 2792 vectigal,
364 2711 539 2794 vecugu:”²
564 2717 616 2777 sed
635 2735 724 2791 quum
744 2719 871 2776 enormis
896 2717 1066 2794 plerumque
1088 2719 1240 2793 exigunmr

139 2813 278 2883 subsidia,
296 2833 355 2872 non
370 2815 458 2874 audeo
479 2818 575 2876 dicere
595 2816 800 2878 conscientiam
817 2815 911 2893 ligari,
925 2815 997 2874 adeo
1013 2824 1045 2873 ut
1056 2823 1178 2892 peccent
1189 2817 1240 2888 qui

136 2933 172 2972 ea
190 2913 304 2972 solvere
323 2915 464 2982 omittant,
484 2924 532 2974 sut
551 2917 666 2974 estant
706 2913 850 2988 Equidem
869 2913 921 2990 qni
946 2915 1066 2974 omnino
1084 2914 1242 2973 detrectant

140 3013 254 3088 publica
266 3013 361 3070 subire
374 3031 470 3082 onera,
484 3023 612 3090 peccaut,
635 3032 725 3086 quum
743 3015 851 3074 civium
869 3015 981 3073 muneri
1003 3013 1116 3074 desint:
1135 3021 1167 3071 st
1187 3013 1239 3088 qni

138 3111 269 3170 frendant
280 3110 381 3170 Qum
395 3131 462 3172 cum
474 3131 580 3189 magno
594 3114 640 3171 eui
652 3111 827 3181 discrimine,
848 3121 954 3172 temere
973 3121 1069 3189 agunt,
1085 3111 1162 3172 haud
1175 3113 1239 3171 sine

139 3209 242 3287 culpa:
264 3207 313 3267 sed
327 3211 376 3282 qni
389 3211 541 3284 aliqnando
553 3212 632 3288 leges
652 3209 859 3279 evadentem
880 3209 1012 3268 videntur
1032 3211 1144 3286 peccati
1160 3211 1239 3268 dam·

138 3308 236 3376 nendi,
250 3309 277 3365 si
290 3308 415 3381 alioquin
428 3327 480 3386 pro
493 3321 571 3386 parte
586 3311 661 3369 virili
674 3309 822 3369 conferant
835 3310 866 3368 in
878 3307 1042 3384 reipublice
1050 3307 1237 3365 necessitates

138 3406 276 3465 subsidia.
317 3406 426 3466 Saltem
452 3409 488 3468 ad
513 3410 721 3468 restitutionem
747 3427 806 3467 non
831 3406 962 3465 videntur
986 3404 1119 3482 cogendi,
1146 3421 1238 3477 quum

138 3504 299 3582 respublica
312 3505 362 3563 vix
374 3507 429 3565 sibi
442 3523 507 3566 earn
520 3507 697 3584 polliceatur,
715 3505 881 3564 officialium
901 3503 1054 3580 diligentie
1072 3512 1132 3562 tota
1143 3499 1237 3560 fidens

138 3603 174 3661 ad
187 3603 381 3680 colligendum
394 3605 505 3673 tributa,
520 3614 548 3662 et
561 3606 689 3664 mulctas.
717 3604 752 3664 In
765 3605 907 3676 aliquibus
922 3601 1146 3678 Hispaniensem
1160 3601 1246 3660 ineu·-

136 3702 231 3760 lerum
243 3703 380 3778 portubus
394 3702 471 3762 fraus
485 3703 520 3762 de
538 3723 596 3776 qua
614 3705 726 3782 egimus
737 3703 808 3762 adeo
821 3703 978 3771 consuevit,
991 3709 1025 3760 ut
1036 3709 1177 3760 mercator
1191 3701 1242 3772 qui

137 3802 237 3860 omnia
249 3800 334 3860 solvit
346 3802 455 3871 tributa,
469 3803 519 3862 vix
530 3805 625 3880 'possit
637 3802 744 3876 aliquid
757 3801 910 3862 mercando
929 3801 1031 3862 lucrari
1053 3799 1084 3858 in
1108 3801 1154 3858 sui
1175 3816 1241 3856 suo·

179 4005 222 4071 (l)
242 4011 258 4037 “
268 4005 325 4056 The
336 4006 454 4071 principle
466 4007 487 4058 is
498 4023 557 4058 now
569 4007 663 4067 settled,
684 4007 737 4057 thet
754 4007 795 4057 the
812 4013 931 4068 natutury
949 4002 1098 4069 prohibition
1114 4001 1137 4052 is
1148 4001 1245 4066 equally

137 4090 291 4152 efficacioue,
311 4093 360 4144 end
372 4092 413 4144 the
425 4094 541 4157 illegality
554 4094 585 4161 oi
597 4093 638 4144 the
649 4093 737 4142 brescb
749 4093 778 4142 of
791 4092 833 4142 the
848 4098 938 4142 statute
949 4089 992 4140 the
1011 4103 1087 4148 seme,
1107 4087 1218 4138 whether
1234 4104 1250 4137 a

139 4175 215 4236 thing
227 4177 256 4224 be
268 4177 405 4240 prohibited
416 4177 561 4242 absolutely,
573 4193 600 4226 or
612 4178 670 4241 only
690 4176 793 4226 undere
809 4174 917 4238 penalty·
929 4207 952 4222 ..
964 4205 971 4220 .
982 4171 1039 4221 'l'he
1055 4171 1197 4221 distinction
1208 4172 1249 4222 be·

138 4268 223 4310 tween
236 4267 360 4326 statutory
372 4260 487 4321 offences,
500 4261 581 4310 which
593 4277 633 4310 ere
644 4258 713 4310 mla
726 4257 857 4326 prohibitu
867 4257 935 4322 only,
946 4273 973 4306 or
986 4253 1055 4306 mala
1065 4253 1093 4304 in
1104 4270 1137 4314 sc,
1154 4254 1176 4304 ie
1192 4269 1250 4304 now

138 4343 280 4408 exploded;
298 4343 345 4393 end
364 4361 379 4392 a
398 4345 487 4396 brooch
507 4345 534 4394 oi
548 4345 590 4395 the
607 4352 696 4394 statute
707 4344 763 4403 lew,
775 4344 801 4393 in
813 4341 891 4392 either
909 4355 965 4392 case
976 4341 998 4391 ie
1009 4341 1106 4405 equally
1116 4338 1250 4390 unlewsulv

141 4425 195 4477 end
207 4425 306 4490 equally
318 4441 333 4475 s
343 4427 432 4477 breech
444 4427 472 4478 oi
485 4427 571 4492 duty.’'
606 4425 695 4476 Kent's
704 4423 857 4475 Communi.
869 4424 884 4474 i.
896 4439 921 4474 n.
932 4421 990 4484 stt,
1002 4424 1062 4472 468.

179 4513 220 4564 :pt
243 4511 316 4561 Rom.
329 4511 383 4561 xiii.
396 4517 420 4562 7.
