3078 5258
534 464 590 524 DE
613 463 962 530 CONSUETUDINE.
1235 485 1293 544 tto

196 643 232 694 et
244 633 348 691 ratione
361 630 457 704 aliqua
468 629 686 694 cohonestatur:
701 650 786 705 quarn
799 642 893 694 tamen
906 633 1071 698 inducentes
1084 647 1183 700 contra
1194 642 1292 722 legum

198 733 394 793 auctoritatem
408 739 535 808 peccant,
550 731 680 803 quamvis
694 751 711 788 a
723 743 839 809 peccato
852 734 995 794 immunes
1014 738 1072 796 sint
1090 740 1140 812 qui
1156 758 1220 800 earn
1229 729 1291 820 jam

197 832 345 892 inductam
355 838 522 902 sequuntur,
532 830 618 890 etiam
627 840 690 890 ante
700 839 812 908 ternpus
822 834 1042 911 prescriptionis
1051 837 1134 914 plene
1142 839 1289 919 elapsum:

197 931 294 1010 puniri
313 929 501 1014 nibilominus
522 949 538 986 a
557 930 670 1006 publica
691 940 827 1007 potestate
846 943 976 1008 possunt,
990 936 1046 994 nisi
1063 937 1112 996 lex
1124 938 1208 998 suerit
1220 959 1290 1018 prte-

197 1032 315 1106 seripta.
358 1029 585 1106 Praescriptionis
605 1037 719 1106 tompus
738 1032 818 1089 varie
835 1031 1008 1110 adsignatur,
1028 1036 1198 1098 decennium
1211 1043 1289 1102 enim

198 1130 319 1188 Lessius
333 1129 436 1203 aliique
449 1127 579 1187 sufficere
592 1137 692 1206 putant
704 1138 735 1187 ut
747 1133 951 1191 consuetudine
964 1133 1113 1212 abrogetur
1137 1137 1186 1197 lex
1201 1142 1290 1201 eccle·

198 1230 323 1297 siriatico,
337 1247 427 1303 quum
437 1227 484 1285 alii
497 1227 680 1306 quadraginta
693 1248 782 1290 annos
792 1231 925 1307 exigant:
946 1233 994 1292 alii
1013 1233 1079 1294 verb
1100 1235 1212 1297 arbitrio
1225 1259 1290 1316 pru·

198 1329 280 1390 denti
292 1349 354 1389 rem
367 1327 556 1388 definiendam
569 1328 743 1413 relinquunt,
758 1330 853 1389 habita
865 1332 971 1390 ratione
986 1343 1100 1392 actuum
1112 1333 1288 1409 frequentias,

197 1440 231 1488 et
242 1448 336 1488 rerum
350 1438 454 1488 naturae
474 1427 510 1485 de
532 1428 634 1502 quibus
650 1429 751 1504 agitur.
793 1429 888 1489 Lessii
901 1431 999 1507 opinio
1012 1433 1156 1509 probanda
1169 1437 1288 1507 videtur,

199 1548 291 1603 quum
304 1529 425 1606 spatium
437 1526 508 1587 illud
520 1526 706 1606 quadraginta
718 1547 857 1588 annorum
871 1531 1177 1607 respiciatimmobilis.
1199 1536 1289 1598 Tem·

197 1648 258 1706 pus
273 1627 489 1706 praescriptionis
503 1629 699 1686 continuatum
721 1646 784 1686 esse
807 1629 909 1698 debet;
930 1631 1051 1690 sienim
1071 1633 1290 1714 interrumpatur

196 1729 285 1788 etiam
299 1729 385 1786 unico
398 1735 459 1785 actu
472 1745 488 1784 a
500 1727 601 1804 majori
613 1735 692 1803 parte
704 1729 924 1797 communitatis,
938 1730 984 1787 vel
1003 1732 1027 1788 si
1041 1732 1153 1792 interim
1166 1738 1287 1811 punian-

196 1841 243 1888 tur
256 1832 305 1904 qui
318 1829 411 1906 legem
424 1827 539 1897 violant,
554 1827 731 1887 consuetudo
751 1826 828 1886 haud
844 1827 982 1904 procedit.
1025 1827 1170 1891 osterum
1184 1836 1209 1892 si
1223 1853 1289 1910 pos·

196 1930 291 1988 sessio
304 1938 411 1988 tanturn
423 1928 652 2005 interrumpatur,
662 1927 728 2004 jure
747 1927 824 2000 quod
844 1927 941 1985 nititur
962 1929 1167 1988 consuetudine
1188 1932 1288 2003 illeso,

197 2028 379 2088 conmenta
388 2026 480 2086 adhuc
493 2027 608 2086 obtinet.
642 2027 730 2085 Actus
744 2036 837 2086 autem
851 2045 888 2084 ex
901 2027 1005 2100 quibus
1015 2028 1104 2087 oritur
1113 2033 1289 2093 consuetudo

196 2128 302 2189 notorii
315 2145 377 2186 esre
390 2127 502 2195 debent,
515 2136 545 2184 et
557 2126 663 2204 pluries
677 2127 789 2203 repetiti
809 2127 907 2195 libere,
922 2137 950 2184 et
968 2128 1099 2196 scienter,
1114 2148 1172 2192 non
1185 2133 1226 2201 vi,
1240 2133 1289 2192 vel

196 2236 290 2290 metu:
312 2235 483 2303 quapropter
502 2243 539 2284 ex
559 2225 737 2284 clanculariis
757 2227 864 2285 actibus
886 2224 934 2283 lex
955 2226 1154 2300 detrimentum
1175 2231 1288 2293 nullum

196 2328 308 2406 patitur.
351 2327 520 2386 consensus
542 2324 721 2404 legis-latoris
748 2325 783 2382 ad
805 2325 1040 2386 consuetudinem
1062 2327 1120 2406 legi
1140 2329 1288 2393 adversam

195 2427 378 2488 sanciendam
400 2408 561 2498 requiritur,
582 2443 640 2484 non
663 2424 780 2498 quidem
805 2444 959 2501 expressus
984 2436 1014 2486 et
1038 2431 1208 2504 personalis,
1235 2432 1288 2492 sed

193 2530 307 2595 tacitus,
322 2528 372 2600 qui
385 2526 535 2585 intervenit
547 2525 658 2598 quoties
672 2543 730 2582 non
742 2526 848 2583 resistit
860 2525 1045 2586 invalescenti
1062 2527 1288 2591 consuetudini}

194 2628 232 2686 Si
244 2628 295 2684 lex
308 2643 514 2697 quamcumque
531 2623 766 2683 consuetudinem
779 2624 896 2701 rejiciat,
911 2625 952 2680 uti
966 2626 1101 2700 pleraque
1116 2626 1288 2686 Tridentina

195 2726 236 2784 de
262 2723 474 2782 Reformatione
499 2722 617 2790 decreta,
643 2722 679 2780 de
702 2707 843 2798 preterita
867 2721 1082 2790 consuetudine,
1106 2741 1165 2782 ιιοιι
1192 2733 1286 2784 autern

193 2825 300 2892 futura,
315 2824 367 2880 rite
381 2821 549 2897 explicatur:
571 2821 648 2896 quod
661 2822 686 2879 si
699 2820 783 2878 etiam
796 2819 920 2878 futuram
933 2820 1178 2890 consuetudinem,
1193 2825 1247 2884 etsi
1261 2826 1288 2885 ei

193 2925 290 2984 favere
304 2921 432 2981 videatur
444 2922 580 2998 principis
597 2921 753 2988 silentium,
773 2929 899 2997 respuat,
922 2918 1011 3001 (quod
1032 2921 1063 2980 in
1083 2921 1166 2981 Bulla
1186 2923 1287 2986 Coenoe

195 3024 315 3083 Domini
328 3019 382 3100 fit)
394 3020 489 3096 pluras
502 3021 633 3080 doctores
647 3040 714 3079 cum
722 3020 857 3079 Suaresio
871 3029 967 3079 tenent
980 3021 1151 3098 probabilius
1167 3043 1285 3086 consue·

195 3123 321 3182 tudinem
335 3137 421 3202 posse
434 3138 498 3177 earn
510 3112 672 3197 abrogare.²

236 3227 285 3280 41.
306 3219 498 3298 Legislatores
521 3228 642 3296 possunt
664 3218 894 3284 consuetudines,
909 3218 982 3274 sicut
994 3219 1125 3303 etelcges,
1140 3222 1285 3300 abrogare.

197 3331 217 3359 ‘⁶
225 3323 307 3380 Licet
317 3321 466 3378 Romanus
476 3318 612 3378 Pontifex
620 3317 683 3399 (qui
691 3319 756 3395 jura
768 3318 864 3375 omnia
877 3318 907 3374 in
917 3317 1021 3374 scrinio
1035 3319 1157 3394 pectoris
1169 3323 1214 3378 sui
1222 3341 1287 3380 cen·

186 3418 272 3480 ‘satur
280 3417 397 3498 habere)
409 3419 637 3477 constitutionem
647 3417 797 3477 condendo
805 3416 1000 3493 posteriorem,
1012 3417 1147 3491 priorem,
1155 3423 1286 3490 quamvis

194 3520 230 3579 de
239 3521 301 3597 ipsa
314 3519 488 3576 mentionem
498 3537 557 3576 non
570 3518 662 3586 faeiat,
671 3533 804 3574 revocare
817 3521 965 3572 noscatur:
981 3514 1150 3585 quiatamen
1158 3515 1288 3578 locorum

195 3619 374 3697 specialium,
386 3626 414 3674 et
426 3635 610 3692 personarum
623 3615 807 3692 singularium
821 3612 1041 3672 consuetudines
1052 3621 1080 3670 et
1092 3625 1194 3674 statuta
1208 3619 1287 3701 (cum

195 3720 251 3777 sint
263 3719 339 3785 facti,
354 3726 382 3774 et
395 3718 425 3774 in
443 3715 517 3774 facto
531 3713 697 3794 consistant)
717 3723 810 3791 potest
833 3712 1014 3790 probabiliter
1033 3715 1181 3791 ignorare:
1203 3720 1285 3794 ipsis,

195 3816 262 3877 duna
275 3827 371 3874 tamen
385 3817 442 3872 sint
464 3815 648 3882 rationabilia,
663 3833 714 3891 per
736 3813 965 3871 constitutionem
986 3831 1046 3870 ase
1060 3817 1170 3886 noviter
1183 3815 1287 3874 editam

196 3914 265 3996 (nisi
277 3934 413 3993 expresse
427 3924 557 3971 caveatur
569 3915 600 3972 in
613 3911 687 3993 ipsa)
702 3932 760 3970 non
775 3912 938 3988 intelligitur
951 3913 981 3968 in
994 3911 1090 3984 aliquo
1103 3907 1287 3990 derogare.”³

195 4013 239 4073 lta
264 4015 429 4073 Bonisacius
455 4012 540 4072 VIll.
590 4011 662 4073 Inde
687 4013 778 4085 liquet
800 4008 1020 4070 consuetudines
1040 4011 1177 4085 speciales
1200 4033 1286 4092 posse

261 4222 300 4286 (1)
320 4219 376 4268 Lib.
387 4215 417 4268 de
426 4217 525 4284 quibus,
538 4217 561 4266 ff
567 4219 597 4267 de
611 4217 670 4280 Lag.

260 4305 300 4368 (2)
320 4303 385 4352 Vide
397 4303 423 4352 S.
433 4303 592 4368 Alpbonsum
603 4301 692 4353 Theoi.
704 4301 766 4350 Mor.
779 4301 794 4349 1.
802 4299 818 4349 i.
829 4298 860 4348 de
872 4299 1015 4350 consuetud.
1027 4309 1090 4350 ante.
1103 4314 1128 4351 n.
1142 4302 1196 4352 llo.

261 4388 300 4454 (3)
321 4387 352 4436 G.
364 4388 380 4436 i.
392 4386 422 4438 de
434 4391 510 4438 conat.
522 4387 549 4437 in
562 4389 586 4435 6.
