3068 5256
229 457 268 514 et
518 450 576 510 DE
597 449 758 510 TERTIO
778 447 1030 508 PRAEOEPTO.

230 619 321 676 buunt
332 613 552 674 manducandas.
596 613 643 670 Ne
657 623 749 671 autem
763 629 830 670 cum
849 611 1009 672 offensione
1029 612 1149 671 aliorum
1170 614 1259 686 aliqui
1279 615 1324 674 die

231 714 384 776 Dominica
402 713 529 771 laborent
547 709 705 770 cavendum
717 720 778 768 est:
801 729 890 784 quum
902 712 1012 770 utilitati
1035 711 1193 772 animarum
1206 715 1324 774 omnino

232 815 269 872 sit
280 811 521 889 prospiciendum.

271 913 320 968 68.
341 908 376 967 In
397 909 521 966 Statibus
543 905 772 964 meridionalibus
792 906 935 964 nonnullis
956 908 1099 982 mancipia
1111 906 1157 964 die
1171 907 1326 968 Domiuica

231 1008 358 1066 laborare
372 1014 597 1074 consueverunt:
619 1004 696 1076 quod
709 1005 847 1080 contingit
865 1023 902 1062 ex
921 1014 999 1064 metu
1018 1023 1054 1062 ne
1074 1007 1158 1064 otiosi
1171 1006 1326 1066 seditiones

232 1103 380 1178 caedesque
405 1104 566 1162 moliantur.
608 1101 754 1175 Equidem
780 1103 978 1178 gravissimam
1000 1104 1075 1162 hanc
1097 1123 1161 1161 esse
1186 1106 1326 1164 rationem

233 1203 352 1262 inficiari
364 1221 422 1262 non
435 1219 598 1278 possumus,
611 1209 643 1256 ut
655 1200 690 1257 de
710 1201 866 1259 minoribus
876 1201 999 1276 flagitiis,
1013 1203 1043 1259 in
1057 1220 1119 1273 quae
1133 1202 1215 1261 facile
1229 1204 1327 1263 labim-

233 1312 277 1360 tur
296 1300 497 1367 ottonianus,
515 1307 667 1355 taceamus.
709 1297 927 1358 Ecclesiasticus
937 1298 1022 1357 dicit:
1045 1298 1183 1376 “Jugum
1194 1310 1222 1358 et
1234 1301 1327 1360 lorum

234 1406 351 1458 curvant
359 1399 463 1456 collum
469 1397 581 1465 durum,
592 1406 620 1454 et
629 1414 743 1453 servum
750 1397 886 1454 inclinant
895 1398 1073 1474 operationes
1084 1397 1202 1456 assidue
1215 1419 1222 1454 ε
1245 1418 1327 1458 servo

234 1497 374 1558 malevolo
389 1506 492 1555 tortura
512 1505 540 1552 et
552 1493 721 1570 compedes:
744 1496 822 1552 mitte
836 1495 916 1553 illum
930 1496 959 1552 in
972 1497 1164 1570 operationem
1177 1515 1214 1554 ne
1227 1507 1326 1555 vacet:

234 1595 352 1652 multam
365 1596 441 1653 enim
454 1594 591 1652 malitiam
611 1593 707 1649 docuit
725 1586 899 1650 otiositas.”1
940 1591 1085 1652 Caeterum
1097 1596 1200 1652 misera
1220 1606 1264 1653 est
1276 1597 1326 1654 illa

234 1709 328 1750 rerum
342 1691 475 1759 conditio,
499 1711 565 1765 qua,
586 1701 618 1748 ut
637 1690 816 1748 dominorum
838 1691 999 1749 consulatur
1020 1693 1214 1761 incolumitati,
1236 1695 1327 1752 servis

235 1787 388 1868 denegatur
400 1791 512 1848 occasio
535 1791 593 1849 sere
613 1789 705 1846 omnis
719 1788 803 1846 saluti
822 1790 1031 1866 prospiciendi:
1054 1790 1176 1863 ideoque
1188 1792 1265 1848 haud
1278 1811 1329 1850 ex·

239 1897 372 1948 cusantur
384 1889 502 1957 domini,
517 1890 566 1962 qui
581 1889 704 1946 Missam
717 1887 849 1946 audiendi
863 1897 891 1944 et
902 1887 1061 1948 rudimenta
1072 1889 1140 1947 fidei
1154 1889 1328 1957 addiscendi,

235 1997 263 2045 et
276 1997 448 2046 sacramenta
467 1986 640 2062 suscipiendi
662 1996 791 2044 recusant
810 1985 978 2045 facultatem.
1021 1987 1080 2046 Ubi
1100 1997 1193 2046 autem
1213 2007 1250 2046 ex
1270 2007 1328 2046 ser·

236 2102 337 2141 vorum
350 2085 527 2142 multitudiue
547 2083 676 2139 imminet
699 2084 841 2141 turbarum
855 2086 1013 2161 periculum
1026 2087 1051 2144 si
1064 2087 1195 2158 inunum
1208 2105 1329 2164 congre·

236 2189 347 2258 gentur,
361 2182 458 2253 utique
472 2179 575 2237 desinit
595 2181 644 2238 lex
664 2181 854 2239 ecclesiastica
873 2184 1014 2261 obligare;
1035 2184 1087 2242 sed
1106 2185 1279 2244 aliaratione
1292 2187 1329 2242 iis

238 2279 444 2338 consulendum
454 2288 506 2346 est,
521 2297 557 2336 ne
571 2279 705 2337 subsidiis
719 2279 815 2337 salutis
829 2280 899 2339 forte
919 2282 1013 2356 aliqua
1026 2293 1147 2342 careant.
1189 2283 1330 2342 Privatim

236 2377 322 2454 igitur
334 2375 470 2436 edocendi
484 2386 589 2434 suntet
601 2376 636 2433 ad
648 2395 766 2434 munera
779 2379 890 2454 pietatis
904 2381 1077 2449 instituendi,
1090 2391 1161 2440 utet
1173 2381 1238 2440 Deo
1251 2381 1330 2455 quod

237 2493 321 2534 suum
335 2483 379 2532 est
390 2473 517 2542 reddant,
532 2483 560 2531 et
572 2473 702 2533 dominos
716 2477 778 2551 ejus
797 2495 884 2535 causa
902 2489 1082 2539 revereantur
1100 2491 1129 2538 et
1141 2480 1253 2540 occasio
1266 2499 1329 2538 sus·

237 2572 363 2650 cipiendi
375 2582 549 2645 sacramenta
562 2584 605 2631 est
618 2575 660 2631 eis
676 2574 892 2650 suppeditanda.

551 2787 619 2862 §IL
645 2787 693 2846 Du
714 2806 860 2848 ornamus
879 2808 1009 2847 vnrrrrs.

278 2938 327 2991 69.
349 2936 471 2992 Servilia
483 2935 615 2991 dicuntur
626 2954 713 3010 opera
732 2955 795 3009 quae
816 2940 846 2995 in
864 2938 1012 2998 utilitatem
1024 2943 1151 3018 corporis
1171 2942 1252 3011 fiunt,
1267 2945 1329 3020 ejus

238 3032 432 3107 potiusquam
452 3032 541 3088 animi
560 3031 676 3088 viribus.
719 3035 837 3094 Nomen
856 3039 1009 3096 sortiuntur
1028 3060 1045 3096 a
1064 3042 1153 3097 servis
1174 3043 1223 3113 qui
1237 3041 1331 3099 solent

239 3147 273 3184 ea
285 3146 426 3185 exercere.
470 3129 597 3205 “Opera
610 3131 753 3200 servilia,”
775 3135 813 3191 ait
835 3134 866 3192 S.
882 3129 1037 3206 Thomas,2
1057 3139 1208 3214 “mystice
1229 3140 1330 3197 intelli·

239 3234 343 3304 guntur
354 3235 478 3303 peccata,
494 3226 544 3285 sed
558 3226 592 3283 ad
605 3227 724 3288 litteram
738 3231 868 3290 dicuntur
877 3233 911 3291 ad
920 3254 1040 3307 quorum
1051 3237 1216 3295 exercitium
1231 3256 1329 3294 servos

238 3322 386 3400 deputatos
408 3325 578 3383 habemus.''
630 3327 704 3385 Sunt
725 3331 797 3388 inter
817 3331 965 3409 theologos
988 3336 1038 3406 qui
1057 3344 1229 3411 praeceptum
1252 3335 1330 3394 diem

239 3422 421 3482 Dominicam
445 3424 557 3483 colendi
576 3425 676 3483 violari
702 3427 846 3504 peccando
872 3441 1010 3489 censent:
1032 3433 1083 3490 sed
1104 3435 1186 3491 nobis
1212 3435 1330 3492 omnino

239 3521 331 3599 placet
343 3523 461 3582 aliorum
474 3525 634 3583 communis
648 3528 795 3595 sententia,
807 3529 856 3601 qui
866 3531 995 3601 quamvis
1004 3541 1119 3608 peccata
1128 3534 1158 3590 in
1166 3533 1329 3590 Dominicis

239 3619 339 3677 diebus
352 3631 458 3694 patrata
470 3624 604 3696 praeccpti
617 3623 668 3681 fini
677 3628 803 3686 maxime
816 3646 972 3703 repugnare
981 3629 1125 3698 salcanum,
1140 3650 1174 3688 ea
1186 3640 1281 3688 tamen
1294 3649 1329 3688 eo

239 3714 398 3791 specialiter
422 3719 566 3791 prohiberi
589 3739 647 3778 non
668 3732 774 3796 putent.
815 3725 913 3784 Laude
940 3727 1041 3805 dignos
1067 3730 1152 3804 igitur
1177 3747 1328 3786 censemus

240 3812 461 3882 concionatores,
477 3817 526 3888 qui
548 3817 686 3892 populum
700 3839 716 3875 a
728 3823 861 3896 peccatis,
877 3823 1141 3902 diebuspraesertim
1155 3827 1327 3893 Dominicis,

239 3911 379 3970 retrahere
392 3921 537 3982 conantur,
553 3915 622 3987 quin
636 3918 788 3991 specialem
801 3921 938 3980 malitiam
952 3925 982 3983 in
995 3924 1175 3984 consessione
1189 3925 1329 3983 declaran-

238 4008 304 4069 dam
317 4011 395 4070 iniis
409 4014 503 4072 inesse
516 4013 665 4073 affirment.

473 4218 512 4280 (l)
530 4218 597 4267 Eccl.
610 4221 696 4270 xxxiii.
710 4225 751 4271 27.

473 4299 515 4364 (2)
536 4299 565 4348 lu
576 4302 611 4351 iii.
622 4303 646 4351 d.
658 4305 741 4354 xxxix.
754 4322 795 4370 qu.
807 4322 830 4356 v.
842 4314 885 4357 art.
896 4324 917 4356 v.
929 4325 969 4373 qu.
982 4313 997 4358 2
1010 4310 1039 4360 ed
1052 4309 1076 4358 2.
