3146 5266
248 493 287 549 co
583 482 640 540 ms
661 477 776 540 nece
798 477 999 539 uacuam.
1103 539 1110 560 ,

249 654 306 712 nisi
320 659 458 724 quatenus
471 629 574 706 mentis
594 645 810 723 cogitationibus
829 643 898 716 quid
917 663 955 702 ex
967 645 1030 720 ipsa
1048 663 1143 704 rerum
1162 659 1261 706 natura
1272 651 1340 710 veti·

251 761 311 810 turn
325 751 370 818 sit,
383 749 521 821 liqueret:
545 747 747 819 “quicumque
761 744 836 819 enim
848 741 909 800 sine
918 743 982 819 lege
992 756 1190 819 peccaverunt,
1202 749 1264 806 siue
1276 750 1340 827 lege

253 847 475 928 peribunt-qui
488 845 642 905 ostendunt
653 862 726 920 opus
739 843 811 918 legis
831 841 967 916 scriptum
987 842 1016 898 in
1035 843 1166 902 cordibus
1181 847 1251 914 suis,
1266 838 1342 906 testiss
1386 873 1389 879 Δ

251 949 380 1009 monium
393 946 528 1004 reddente
543 944 597 1002 illis
611 943 783 1001 conscientia
796 942 935 1016 ipsorum,
949 950 978 997 et
989 942 1063 998 inter
1074 961 1106 1000 se
1119 943 1250 1004 'invicem
1265 949 1341 1023 cogi·

251 1047 403 1105 tationibus
416 1044 625 1110 accusantibus,
640 1042 785 1100 autetiam
798 1032 1065 1097 defendentibus.”¹

294 1150 341 1202 tl.
363 1146 434 1210 Quas
444 1147 509 1222 jure
522 1151 627 1200 nature
640 1141 833 1218 prohibentur,
847 1139 884 1196 ob
893 1138 1006 1196 insitam
1019 1140 1127 1198 scilicet
1138 1143 1339 1218 turpitudinem

251 1254 280 1301 et
301 1243 448 1311 malitiam,
468 1241 546 1300 nullo
566 1250 647 1317 pacto
666 1257 793 1311 unquam
812 1247 932 1314 possunt
950 1239 1034 1314 culpa
1058 1256 1166 1307 vacare,
1187 1243 1243 1299 nisi
1262 1253 1340 1300 actus

252 1344 344 1420 ipsius
366 1351 465 1400 natura
487 1343 524 1400 ob
547 1339 676 1417 adjuncta
706 1337 834 1410 quaedarn
860 1347 992 1396 mutetur.
1039 1337 1126 1402 Quod
1150 1340 1235 1416 igitur
1260 1342 1342 1398 Deus

253 1441 375 1501 Atbraha
390 1441 555 1518 preceperit
566 1439 646 1496 Isaac
665 1437 822 1503 immolare,
836 1436 932 1494 Deum
954 1438 1018 1495 vitre
1031 1445 1059 1491 et
1071 1439 1169 1495 mortis
1182 1433 1340 1498 dominium

250 1541 353 1598 habere
367 1540 499 1607 ostendit,
510 1557 568 1598 non
583 1548 675 1595 autem
688 1534 837 1595 homicidii
846 1545 999 1592 auctorem·
1041 1534 1106 1593 Nec
1115 1539 1242 1597 criminis
1255 1539 1340 1616 hujus
1381 1597 1388 1610 ,

253 1639 413 1715 arguendus
434 1647 477 1694 est
495 1636 632 1703 camisex,
653 1636 701 1707 qui
718 1636 824 1711 justam
844 1636 945 1709 capitis
963 1635 1140 1703 sententiam,
1150 1638 1233 1712 juxta
1244 1638 1341 1715 legum

252 1737 393 1806 ordinem,
404 1738 563 1809 exequitur,
573 1753 638 1792 nam
651 1735 830 1810 magistratus
844 1742 863 1769 ‘⁶
873 1753 931 1791 non
941 1735 1003 1790 sine
1013 1752 1099 1792 caua
1106 1734 1228 1810 gladium
1240 1747 1347 1813 portat,

252 1837 309 1898 Dei
324 1839 401 1895 enim
414 1837 544 1896 minister
556 1828 649 1892 est.'’²
688 1833 817 1900 Furtum,
832 1832 909 1905 quod
927 1832 976 1891 lex
989 1841 1093 1890 naturae
1107 1835 1244 1908 prohibet,
1258 1855 1340 1894 num·

251 1956 336 2009 quam
349 1938 461 1996 licitum
474 1935 582 1994 evadit:
605 1934 686 1991 Deus
708 1943 812 1999 tamen,
823 1946 920 1989 rerum
940 1932 1069 1991 omniurn
1081 1927 1235 2004 Dominus,
1248 1944 1342 2011 potest

251 2053 349 2092 earum
363 2036 521 2092 dominium
536 2034 570 2089 ab
582 2052 640 2089 uno
654 2031 689 2087 ad
702 2032 818 2087 alterum
832 2031 990 2097 tansferre,
999 2050 1052 2105 pro
1063 2049 1174 2089 summa
1186 2053 1242 2106 qua
1254 2034 1344 2110 pollet

249 2135 411 2191 auctoritate
422 2152 429 2187 :
444 2139 615 2206 quapropter
627 2129 761 2186 lsraelitae
771 2147 838 2184 vasa
851 2148 913 2198 quae
927 2129 1036 2186 fuerant
1045 2129 1251 2204 AEgyptiorum
1264 2133 1314 2190 auf
1328 2163 1341 2174 -

247 2241 353 2299 rentes,
367 2231 432 2287 surti
445 2248 502 2288 non
516 2235 595 2285 crant
606 2228 658 2293 rei,
673 2244 760 2297 quum
774 2221 865 2292 Deus,
879 2227 916 2282 ob
928 2226 1045 2301 injurias
1058 2227 1115 2284 illis
1128 2229 1227 2299 illatas,
1241 2250 1340 2288 vasum

250 2329 464 2388 retinendorum
486 2329 535 2404 jus
561 2328 603 2385 eis
629 2324 804 2383 contulisset.
847 2325 930 2382 Oseae
962 2325 1107 2402 prophetae
1133 2329 1214 2388 Deus
1239 2329 1342 2387 dicitur

248 2429 371 2506 jussisse
388 2437 419 2484 ut
437 2426 615 2484 meretricem
633 2423 756 2491 duceret,
771 2433 800 2479 et
811 2421 886 2481 filios
899 2425 1117 2483 fornicationum
1126 2439 1166 2484 'ex
1180 2447 1213 2485 ea
1230 2446 1342 2503 procre·
1359 2434 1361 2439 '

251 2537 329 2584 aret:
352 2527 403 2584 sed
427 2526 494 2583 satis
515 2524 680 2600 intelligitur
699 2541 860 2580 sennonem
880 2541 943 2579 esse
963 2522 998 2580 de
1018 2524 1085 2582 filiis
1110 2525 1289 2601 procreandis
1309 2529 1340 2584 in

250 2626 379 2703 legitimo
401 2626 534 2702 conjugio
557 2643 594 2680 ex
616 2621 734 2681 muliere
758 2640 820 2694 qua
843 2621 921 2698 prius
943 2623 1130 2682 meretriciam
1152 2632 1240 2681 artem
1260 2644 1354 2692 arrer-¹

252 2736 358 2793 cuerat‚
373 2727 453 2802 cujus
467 2725 529 2793 filii,
543 2731 639 2782 notam
653 2722 749 2780 matris
762 2720 894 2788 ferentes,
905 2721 957 2779 filii
970 2722 1340 2782 somicationumvocantur.

294 2831 343 2883 12.
365 2824 451 2894 Quod
463 2825 561 2881 fratres
576 2832 604 2879 et
616 2840 727 2880 sorores
740 2822 770 2878 in
783 2819 902 2879 humani
915 2822 1026 2896 generis
1039 2822 1164 2880 exordiis
1178 2823 1340 2898 conjugium

249 2925 377 2989 inierint,
392 2940 429 2978 ex
441 2923 609 2978 necessitate
622 2920 727 2977 factum
747 2912 816 2984 est‚³
835 2937 890 2990 qua
912 2920 1075 2977 excusabile
1097 2921 1165 2979 fuit:
1187 2931 1340 2997 propagato

250 3029 345 3078 autem
368 3037 470 3094 genere
493 3018 628 3084 humano,
657 3017 691 3074 ab
716 3016 881 3092 hujusmodi
901 3019 1043 3076 consortio
1068 3021 1201 3078 naturalis
1226 3019 1341 3077 retrahit

252 3117 353 3194 pudor.
397 3118 501 3174 Utrum
515 3125 608 3173 autem
622 3115 657 3172 ad
668 3116 762 3190 legem
775 3124 880 3172 natura
899 3116 1063 3174 referendus
1077 3119 1114 3176 sit
1125 3119 1279 3176 honestatis
1291 3118 1340 3176 hic

251 3234 354 3272 sensns
368 3214 547 3291 disceptatur,
561 3224 627 3271 sunt
639 3216 715 3272 enim
729 3215 778 3285 qui
791 3233 857 3272 eum
872 3214 906 3271 ad
915 3216 964 3292 jus
977 3217 1104 3291 gentium
1116 3217 1249 3283 referunt,
1262 3225 1340 3274 natu·

194 3305 197 3312 ⁴
249 3313 300 3371 rali
310 3314 368 3390 juri
381 3314 545 3391 proximum
558 3321 587 3369 et
598 3331 765 3370 consonum.

293 3417 339 3470 13.
355 3412 429 3472 Haec
440 3412 676 3487 exemplautique
689 3430 747 3469 non
761 3412 904 3470 infirmant
915 3411 1018 3488 legem,
1029 3432 1086 3485 qua
1098 3414 1197 3471 vitium
1211 3434 1228 3471 a
1239 3415 1338 3471 virtute

252 3514 415 3580 secernitur,
431 3530 516 3585 quam
529 3512 587 3568 vim
600 3511 704 3582 ubique
718 3518 747 3568 et
766 3529 878 3586 semper
898 3511 1034 3578 obtinere,
1057 3513 1171 3588 agnovit
1188 3512 1250 3588 ipse
1269 3513 1339 3570 'rul-

248 3613 320 3668 lius:
343 3611 456 3666 “Hanc
470 3611 555 3685 igitur
567 3608 650 3666 video
663 3609 935 3684 sapientissimorum
953 3609 1042 3667 fuisse
1055 3611 1231 3677 sententiam,
1245 3612 1339 3686 legem

248 3723 342 3778 neque
362 3706 510 3762 hominurn
531 3705 651 3779 ingeniis
673 3708 869 3781 excogitatam,
889 3726 982 3779 neque
1008 3709 1109 3766 scitum
1137 3707 1251 3780 aliquod
1275 3727 1338 3766 esse

251 3804 433 3882 populorum,
448 3801 498 3859 sed
512 3811 648 3860 aternrrm
661 3802 804 3875 quiddam,
816 3804 893 3875 quod
905 3806 1068 3864 universum
1081 3806 1217 3864 mundum
1231 3816 1341 3883 regeret

252 3898 411 3979 imperandi
425 3899 648 3978 prohibendique
662 3901 808 3976 sapientia.
849 3902 892 3959 Ita
911 3904 1069 3979 principem
1091 3905 1169 3962 illam
1190 3886 1294 3982 legem,
1312 3915 1340 3961 ct

245 4002 373 4058 ultimam
392 4010 516 4060 mentem
536 4018 600 4059 esse
620 3999 748 4060 dicebant
767 4001 863 4059 omnia
881 4002 987 4059 ratione
1011 4011 1058 4060 aut
1076 4005 1213 4082 cogentis,
1227 4011 1274 4060 ant
1292 4021 1339 4059 ve·

247 4099 330 4156 tantis
343 4093 448 4154 Dei.”⁴

281 4322 442 4387 (1)Rom.ii.
457 4323 560 4373 12-15.
1065 4326 1109 4392 (2)
1129 4325 1200 4374 Rom.
1209 4324 1260 4374 xiii.
1269 4325 1294 4372 4.

280 4410 322 4474 (3)
342 4407 406 4455 Vide
418 4406 445 4453 S.
457 4407 563 4468 August.
575 4406 591 4456 l.
604 4421 645 4457 xv.
657 4407 686 4457 de
696 4408 741 4457 cir.
753 4407 801 4458 Dei
810 4426 830 4464 c.
844 4410 895 4459 xvi.
1064 4410 1106 4476 (t)
1126 4409 1156 4460 L.
1168 4409 1192 4457 ii.
1201 4407 1230 4456 de
1240 4408 1287 4468 leg.
