3046 5262
255 575 256 580 η
356 485 730 548 DE'PEOOATORUM
750 483 1072 546 DISTINOTIONE.
1199 489 1256 546 aot

164 653 310 717 suasione,
331 651 556 725 cooperatione,
575 649 692 715 auxilior
704 666 856 717 consensu,
869 649 975 718 favore,
987 647 1159 716 laudatione,
1174 667 1261 726 prava

165 751 304 817 doctriua,
319 749 464 825 exemplo,
478 761 507 806 et
519 748 647 806 silentio:
669 747 719 819 qui
738 749 816 806 enim
831 747 916 804 alium
936 747 1032 818 aliquo
1046 756 1128 823 paeto
1141 748 1178 805 ad
1192 765 1257 824 pec·

166 848 289 908 candum
301 857 392 924 urget,
406 847 452 904 vel
465 846 532 905 dum
546 845 628 904 debet
636 847 768 904 resistere
781 845 856 912 silet,
869 845 1010 923 particeps
1020 846 1147 904 criminis
1157 845 1257 904 meritd

166 946 294 1004 habetur.

206 1049 256 1102 25.
271 1043 418 1127 Graviora
431 1056 497 1101 sunt
515 1051 631 1117 peccata
651 1060 714 1113 qnae
735 1042 905 1102 deliberante
925 1042 1022 1101 animo
1040 1041 1190 1100 admittunt
1209 1044 1262 1114 qni

166 1153 303 1218 praestant
314 1144 426 1208 virtute,
441 1141 486 1198 vel
504 1140 656 1216 dignitatet
677 1159 743 1198 nam
764 1141 875 1200 facilins
895 1150 1003 1214 queunt
1022 1143 1152 1198 resistere
1170 1149 1259 1198 tenta·

167 1241 249 1308 doni,
272 1249 301 1297 et
322 1241 413 1315 magis
438 1249 553 1306 nocent,
567 1257 654 1314 pravo
675 1239 820 1316 exemplo.
863 1238 1011 1314 “Duplex
1033 1249 1077 1298 cst
1098 1247 1255 1314 peccatum.

166 1337 320 1404 Quoddam
333 1339 409 1396 enim
422 1356 459 1394 ex
471 1337 648 1412 surreptione
658 1339 787 1412 provenit
795 1345 910 1413 propter
921 1338 1113 1396 infimitatem
1126 1335 1257 1396 humane

166 1446 292 1495 naturae:
314 1445 342 1494 et
353 1437 405 1494 tale
426 1445 575 1512 peccatum
593 1435 688 1492 minus
709 1437 860 1511 imputatur
877 1436 904 1492 ei
924 1437 974 1507 qui
993 1444 1037 1492 ost
1054 1437 1147 1512 major
1159 1435 1189 1492 in
1202 1437 1257 1493 vir·

167 1545 237 1602 tute.
257 1553 293 1592 eo
312 1533 389 1606 quod
408 1535 502 1593 minus
526 1533 645 1610 negligit
666 1533 833 1610 hujusmodi
855 1543 971 1608 peccata
989 1534 1163 1610 reprimeret
1193 1551 1256 1604 quae

167 1643 262 1692 tamen
275 1633 393 1692 omnino
405 1633 597 1708 subterfugere
612 1631 759 1690 infirmitas
778 1631 903 1690 humana
921 1649 979 1690 non
991 1633 1068 1690 sinit.
1109 1631 1175 1688 Alia
1187 1629 1256 1688 rerd

166 1741 283 1807 peccata
294 1740 361 1789 sunt
372 1749 409 1788 ex
423 1728 623 1789 deliberatione
636 1731 838 1806 procedentiat
858 1739 887 1787 et
906 1731 960 1787 ista
978 1739 1096 1806 peccata
1108 1738 1185 1786 tanto
1197 1743 1256 1788 nra·

166 1831 211 1906 gis
224 1830 308 1888 alicui
321 1830 495 1906 imputentur
507 1838 613 1900 quanto
626 1830 718 1905 major
737 1838 789 1886 est.
830 1827 872 1886 Et
883 1827 939 1886 hoc
952 1838 1046 1903 potest
1063 1845 1128 1884 esse
1141 1835 1257 1904 propter

166 1939 297 2001 quatuor.
339 1929 438 1986 Primo
451 1927 567 2001 quidem
581 1929 647 2000 quia
659 1928 769 1988 facilius
783 1935 906 2002 possunt
918 1928 1048 1984 resistere
1068 1935 1186 2003 peceato
1198 1943 1256 1982 ma·

162 2028 255 2104 jores,
269 2037 337 2102 puta
349 2027 398 2100 qui
411 2025 554 2084 excedunt
572 2028 603 2084 in
616 2027 734 2084 scientia
751 2035 780 2083 et
799 2026 919 2083 virtute:
941 2025 1017 2084 unde
1031 2025 1176 2084 Dominus
1190 2021 1257 2080 dicit

166 2125 242 2184 Luc.
257 2127 307 2183 xii.
321 2125 397 2196 quod
418 2133 536 2182 ‘servus
549 2126 644 2183 sciens
654 2125 825 2183 voluntatem
836 2123 944 2182 domini
957 2126 1012 2194 sui,
1025 2135 1055 2183 et
1066 2141 1126 2184 non
1138 2123 1256 2190 iaciens,

166 2224 259 2301 plagis
273 2224 413 2299 vapulabit
425 2223 542 2282 multis)
570 2220 703 2282 Secundi
716 2231 832 2301 propter
840 2221 1079 2300 ingratitudinem,
1094 2225 1161 2295 quia
1171 2237 1259 2280 omne

167 2325 284 2390 bonum,
299 2340 356 2394 quo
370 2322 473 2394 aliquis
492 2323 697 2398 magnificatur,
718 2331 761 2379 est
780 2320 838 2382 Dei
857 2319 1040 2390 beneficium,
1061 2323 1108 2380 cui
1126 2321 1215 2379 homo
1227 2321 1259 2378 fit

166 2424 293 2497 ingratus
307 2419 472 2496 peccando:
493 2429 522 2476 et
534 2431 670 2490 quantum
689 2420 725 2477 ad
744 2419 800 2478 hoc
819 2420 953 2492 quelibet
971 2421 1116 2499 majoritas
1130 2420 1214 2478 etiam
1229 2420 1259 2476 in

165 2518 464 2596 temporalibus-bonis
483 2527 631 2594 peccabam
651 2528 800 2596 aggravat:
823 2517 997 2579 ‘secundum
1010 2519 1080 2578 illud
1100 2518 1255 2595 Sapientia

166 2618 220 2677 VI.
241 2617 395 2677 ‘Potentes
408 2625 538 2692 potenter
550 2625 689 2676 tomenta
707 2616 868 2693 patientur.’
911 2617 1010 2675 Tertii
1031 2626 1147 2693 propter
1166 2617 1258 2691 speei-

164 2717 242 2775 alem
251 2716 466 2790 repugnantiam
479 2723 557 2772 actus
570 2718 680 2791 pcccati
695 2715 733 2772 ad
750 2713 975 2792 magnitudinem
995 2731 1135 2790 persone.
1178 2713 1259 2770 Sicut

163 2816 191 2872 si
205 2815 341 2891 princeps
349 2814 486 2890 justitiam
498 2813 594 2883 violet,
606 2816 655 2887 qui
668 2814 783 2890 peninar
791 2813 908 2889 justitias
919 2821 1031 2871 custos:
1046 2821 1075 2869 et
1086 2812 1112 2869 si
1125 2809 1258 2868 sacerdos

164 2913 332 2980 fornicetur,
347 2914 397 2985 qui
416 2913 575 2971 casatatem
595 2915 684 2972 vovit.
727 2911 834 2978 Quarti
854 2921 973 2988 propter
994 2911 1173 2988 exemplum,
1188 2893 1257 2968 ¹sire

165 3011 350 3070 scandalum:
365 3013 433 3084 quia
445 3021 477 3070 ut
487 3010 646 3089 Gregorius
657 3012 728 3071 dicit
739 3014 770 3070 in
781 3012 932 3080 Pastorali,
946 3013 976 3070 in
990 3011 1157 3088 exemplum
1171 3010 1257 3087 culpa

165 3111 352 3169 vehementer
362 3109 538 3178 extenditur,
552 3111 668 3184 quando
686 3129 739 3188 pro
759 3113 918 3168 reverentia
937 3111 1041 3187 gradus
1059 3119 1192 3187 peccator
1205 3110 1256 3168 bo·

165 3219 289 3268 noratur.
331 3209 378 3266 Ad
390 3209 515 3285 plurium
529 3211 614 3268 etima
623 3211 752 3268 notitiam
763 3211 934 3285 perveniunt
945 3219 1063 3284 peccata
1075 3225 1255 3284 magnorum,

164 3319 195 3366 et
207 3309 300 3384 magis
314 3307 445 3366 homines
459 3325 493 3364 ea
505 3307 621 3385 indigne
642 3302 784 3368 serunt’'¹
825 3305 870 3363 De
890 3307 1016 3382 peccatis
1038 3305 1168 3364 bdelium
1189 3303 1258 3362 dicit

165 3408 199 3465 S.
214 3407 364 3466 Thomas:
387 3413 407 3442 ‘⁴
418 3405 540 3464 (leteris
553 3409 668 3483 paribus
679 3407 791 3484 gravius
801 3415 901 3480 peccat
912 3403 1007 3462 fidelis
1021 3419 1108 3477 quam
1118 3401 1255 3468 infidelis,

165 3516 226 3564 turn
240 3513 354 3581 propter
365 3505 493 3564 notitiam
504 3507 629 3564 veritatis
651 3523 687 3564 ex
706 3505 773 3572 fido,
794 3511 854 3560 tum
869 3511 984 3579 propter
995 3509 1182 3567 sactarnenta,
1197 3500 1258 3572 qui·

164 3605 218 3662 bns
231 3613 277 3662 est
288 3604 422 3670 imbutus,
436 3604 539 3676 quibus
553 3603 698 3680 peccando
710 3603 918 3663 conmmaciam
932 3594 1047 3659 faciam

205 3707 255 3760 26.
277 3703 430 3760 Peccatum
444 3703 557 3778 gravius
577 3703 610 3761 tit
627 3721 679 3779 pro
697 3703 804 3760 ratione
818 3717 947 3777 persone
960 3701 991 3759 in
1004 3717 1090 3773 quem
1103 3705 1256 3774 peccaturr

166 3802 216 3873 qui
230 3802 307 3858 enim
321 3800 444 3873 aliquem
459 3801 524 3858 Dco
538 3801 660 3859 dicatum
672 3800 759 3868 laedit,
774 3799 838 3858 Deo
852 3800 908 3875 ipsi
921 3799 1032 3857 videtur
1044 3800 1169 3874 irrogare
1183 3796 1256 3871 inju-

163 3899 255 3956 riam:
278 3900 327 3971 qui
344 3899 468 3970 aliquem
491 3900 629 3974 sanguine
649 3901 832 3976 conjunctum
849 3899 944 3964 violat,
968 3907 1072 3954 naturae
1091 3897 1158 3970 jura
1180 3910 1259 3968 sper·

163 4015 233 4056 nere
249 3997 434 4056 convincitur.
477 3996 556 4054 Hinc
585 4005 604 4033 “
616 3999 646 4055 in
671 4017 751 4054 saera
770 3997 917 4072 Scriptura
936 3994 1097 4071 specialiter
1117 3993 1257 4066 vitupera·
1321 4071 1323 4076 Ι

163 4105 209 4154 tur
234 4104 393 4172 peccatum,
415 4095 492 4168 quod
514 4104 611 4152 contra
636 4113 732 4152 servos
757 4095 813 4153 Dei
833 4094 1033 4154 committitur:
1061 4091 1135 4149 siout
1156 4087 1257 4146 dieitur

370 4302 395 4365 (l
401 4314 412 4365 )
427 4301 452 4351 S.
465 4300 555 4350 Thom.
571 4304 591 4347 l.
604 4305 627 4348 2.
639 4316 681 4363 qu.
691 4299 769 4349 lxxiii.
779 4308 822 4348 art.
834 4317 857 4349 x.
869 4298 944 4367 Resp.

370 4385 413 4450 (2)
427 4389 451 4434 2.
463 4383 486 4432 2.
498 4400 539 4447 qu.
551 4400 575 4434 x.
587 4392 630 4434 art
642 4385 676 4434 iii.
688 4383 723 4434 ad
733 4383 844 4434 tertium.
