3068 5256
254 506 310 561 132
529 499 586 557 DE
607 494 796 558 SEPTIMO
816 493 1068 556 PRAECEPTO.

256 685 319 724 eam
340 665 427 732 tollat,
450 664 506 722 nisi
523 662 677 739 praevideat
697 679 734 718 ex
759 663 846 736 petita
864 661 980 720 licentia
1005 660 1186 719 occasionem
1214 662 1349 720 orituram

257 783 341 823 omne
363 765 417 822 sibi
436 762 593 822 subsidium
614 759 805 819 subtrahendi.
848 761 881 818 Si
903 779 949 818 res
962 762 1059 836 magni
1080 761 1184 818 valoris
1211 760 1297 818 alicui
1317 761 1352 819 ad

257 865 342 921 vitam
356 861 522 920 servandam
536 862 649 937 penitus
663 859 823 917 necessaria
835 861 882 927 sit,
899 861 975 928 licet,
985 861 1069 936 juxta
1081 860 1177 935 plures
1190 860 1351 937 theologos,

257 981 321 1021 eam
341 962 421 1020 diviti
442 962 594 1037 surripere,
616 959 772 1018 dummodo
792 978 827 1016 ea
846 961 944 1028 ablata,
958 959 1060 1016 similis
1074 961 1230 1016 necessitas
1243 978 1303 1016 non
1316 961 1353 1017 sit

259 1061 340 1121 diviti
360 1062 510 1119 nascitura.
553 1058 750 1118 Nihilominus
770 1057 851 1115 dives
872 1077 930 1116 nou
951 1067 1060 1116 tenetur
1073 1076 1143 1134 opes
1157 1077 1222 1115 suas
1236 1059 1352 1134 prosun-

259 1161 324 1218 dere
339 1161 425 1220 etiam
439 1161 474 1218 iis
488 1160 538 1232 qui
550 1168 679 1216 extrema
690 1157 820 1215 laborant
840 1159 1018 1226 necessitate,
1033 1176 1120 1230 quum
1142 1157 1263 1214 charitas
1285 1177 1351 1216 cum

258 1271 335 1317 tanto
348 1279 442 1318 rerum
456 1277 571 1316 suarum
585 1256 755 1314 detrimento
768 1275 826 1316 non
849 1257 962 1333 obliget.
1004 1256 1062 1323 Qui
1080 1275 1140 1313 rem
1156 1257 1278 1314 alienam
1292 1277 1352 1315 sur-

258 1359 346 1434 ripuit
358 1369 387 1416 et
399 1357 585 1433 consumpsit,
594 1365 721 1414 extrema
734 1374 851 1432 pressus
864 1357 1043 1423 necessitate,
1057 1374 1116 1414 non
1128 1354 1240 1413 videtur
1251 1367 1352 1432 postea

259 1457 295 1515 ad
307 1456 510 1514 restituendum
524 1457 624 1523 teneri,
638 1456 665 1515 si
684 1454 810 1514 absolute
832 1474 942 1532 pauper
963 1454 1046 1512 buerit
1067 1464 1127 1512 tum
1143 1473 1184 1524 re,
1199 1465 1259 1514 tum
1280 1473 1349 1532 sper

261 1575 344 1614 secus
359 1557 382 1614 si
397 1556 432 1612 ad
446 1567 557 1631 tempus
573 1564 678 1612 tantum
691 1556 858 1611 necessitate
870 1554 1047 1622 laboraverit,
1061 1555 1187 1627 alioquin
1200 1554 1292 1622 dives,
1306 1555 1352 1612 vel

259 1664 363 1712 certam
385 1672 467 1731 spem
489 1654 650 1712 divitiarum
669 1652 796 1722 habens3
818 1662 884 1712 tunc
904 1654 981 1711 enirn
1001 1653 1092 1711 mutui
1111 1655 1198 1713 instar
1215 1672 1277 1711 rem
1298 1654 1351 1711 sibi

259 1753 391 1829 sumpsit.
442 1753 533 1811 Fures
559 1753 590 1810 in
615 1761 742 1809 extrema
767 1754 933 1810 necessitate
959 1763 1159 1811 consumentes
1182 1771 1244 1824 quae
1270 1763 1352 1810 antea

260 1854 365 1931 injuste
374 1863 552 1930 acceperant,
563 1851 598 1909 ad
611 1851 815 1910 restituendum
830 1853 919 1911 teneri
931 1853 1028 1927 plures
1041 1853 1190 1910 affirmant.

304 1956 371 2010 ltu.
393 1951 428 2010 ln
441 1955 519 2030 graui
532 1953 710 2018 necessitate,
725 1951 838 2025 qualem
852 1952 979 2030 plerique
993 1953 1137 2027 patiuntur
1146 1969 1297 2027 pauperes,
1306 1969 1352 2008 res

261 2052 367 2110 alienas
382 2053 522 2128 surripere
535 2052 694 2109 nullatenus
708 2051 784 2118 licet,
798 2071 885 2124 quum
904 2069 999 2110 rerum
1013 2051 1182 2110 divisionem
1197 2051 1260 2127 jam
1274 2052 1352 2108 insti·

258 2158 346 2208 tutam
360 2150 466 2220 absque
480 2150 647 2226 gravissima
660 2169 748 2208 causa
766 2151 866 2210 violari
880 2151 951 2211 ratio
963 2159 1055 2208 vetet:
1081 2159 1255 2228 quapropter
1267 2151 1352 2209 lnno·

261 2249 371 2308 centius
384 2248 439 2306 XI.
460 2247 603 2306 damnavit
621 2250 862 2326 propositionem:
885 2250 1094 2310 “Permissum
1114 2260 1158 2308 est
1175 2251 1273 2318 furari,
1294 2269 1352 2308 non

260 2348 355 2405 solum
369 2349 397 2406 in
411 2359 540 2406 extrema
553 2349 729 2417 necessitate,
743 2350 794 2407 sed
807 2353 892 2409 etiam
905 2351 935 2407 in
948 2345 1053 2427 gravi.¹

303 2450 370 2504 156.
391 2447 437 2504 Ad
452 2448 560 2524 justam
575 2448 619 2504 sui
633 2450 891 2523 compensationem
904 2467 950 2505 res
970 2451 1075 2508 alienas
1095 2451 1246 2526 surripere,
1260 2451 1285 2508 si
1300 2449 1352 2506 alia

260 2545 334 2604 desit
345 2548 416 2606 ratio
427 2548 573 2624 jussuum
586 2547 788 2622 prosequendi,
803 2550 879 2606 nulla
892 2547 1001 2606 videtur
1014 2548 1115 2625 culpa:
1137 2569 1170 2607 v:
1193 2565 1226 2625 g:
1249 2551 1273 2607 11
1288 2550 1351 2622 quis

260 2646 421 2705 mercedem
436 2665 521 2720 quam
535 2647 665 2723 promisit
677 2646 748 2705 nolit
759 2647 888 2706 reddere.
931 2649 1078 2706 Praeterire
1098 2657 1190 2707 autem
1209 2649 1352 2726 legitimas

259 2749 383 2806 rationes
406 2748 508 2820 quibus
522 2747 591 2806 illud
605 2748 740 2823 prosequi
754 2750 818 2820 quis
832 2748 931 2817 valeat,
945 2749 1062 2806 venialis
1083 2749 1181 2806 saltem
1195 2756 1238 2804 est
1258 2749 1352 2824 culpa,

259 2847 315 2903 nisi
323 2865 456 2921 expensae
465 2866 600 2919 moraque
604 2847 787 2923 judiciorum,
797 2849 885 2906 aliave
894 2848 986 2924 gravis
994 2849 1187 2906 causaobstet.
1209 2845 1353 2904 Caeterum

261 2943 418 3002 cavendum
432 2962 469 3000 nc
483 2947 548 3014 quis
561 2944 642 3000 facile
657 2955 684 3000 et
696 2945 768 3002 salso
782 2948 835 3004 sibi
848 2947 1015 3022 persuadeat
1027 2946 1132 3018 aliquid
1145 2946 1251 3004 deberi.
1273 2947 1353 3004 Hinc

256 3043 321 3117 jure
342 3041 500 3113 meritoque
522 3041 666 3099 damnavit
685 3042 868 3102 Innocentius
883 3046 937 3103 XI.
952 3048 1186 3123 propositionem,
1210 3054 1228 3082 ‘⁴
1240 3046 1353 3104 Famuli

260 3151 289 3196 11
302 3138 414 3196 famule
429 3138 593 3198 domestica
607 3152 727 3216 possunt
739 3145 849 3202 occulte
863 3144 940 3202 heris
954 3147 1013 3203 suis
1021 3146 1167 3222 subripere
1176 3145 1211 3203 ad
1219 3165 1354 3222 compen-

259 3237 378 3296 sandam
398 3257 516 3315 operam
543 3258 634 3308 suam,
656 3259 743 3314 quam
763 3244 901 3321 majorem
917 3244 1046 3322 judicant
1065 3246 1166 3303 salario
1187 3245 1265 3317 quod
1284 3245 1354 3303 reci-

259 3329 392 3414 1)111111.”2
418 3337 582 3414 Propositio
593 3340 782 3419 haecjudicio
796 3343 965 3402 famulorum
980 3346 1077 3402 omnia
1090 3345 1257 3422 permittens
1271 3345 1353 3402 furtis

255 3441 375 3516 januam
390 3438 539 3515 pandebat.

303 3543 370 3598 157.
393 3539 507 3598 Famuli
520 3540 705 3617 surripientes
719 3541 793 3602 bona
815 3541 995 3602 dominorum
1009 3544 1075 3602 lorti
1093 3545 1134 3602 rei
1152 3556 1352 3621 agnoscuntur.

258 3639 444 3696 Excusantur
457 3649 551 3696 autem
566 3661 582 3697 a
596 3642 674 3715 gravi
687 3641 790 3700 delicto
803 3643 828 3700 si
836 3644 981 3701 esculenta
990 3645 1178 3720 etpoculenta
1190 3645 1354 3702 communia

259 3737 289 3792 in
303 3753 370 3792 suos
384 3754 453 3793 usos
468 3748 591 3804 sumant,
601 3741 762 3819 prasertim
775 3741 800 3796 11
813 3742 946 3800 dominos
959 3761 1016 3801 non
1030 3744 1154 3818 praebeat
1173 3745 1216 3801 eis
1230 3742 1353 3802 debitam

260 3836 504 3893 sustentationem.
549 3835 731 3894 caeterumsi
745 3841 907 3898 eaedomo
930 3843 1058 3910 efferant,
1078 3851 1107 3899 et
1127 3843 1290 3919 largiantur,
1309 3843 1355 3900 vel

259 3935 392 4005 vendant,
407 3938 454 3998 vel
467 3937 494 3996 si
507 3935 683 3995 delicatiores
696 3947 725 3994 11
737 3941 855 4016 majoris
869 3943 951 4015 pretii
961 3944 1039 4000 cibos
1054 3960 1126 4014 quos
1140 3943 1194 3998 sibi
1206 3953 1356 4000 servarunt

259 4032 379 4102 domiui,
401 4049 523 4106 sumant,
551 4037 586 4096 ad
611 4037 814 4099 restituendum
844 4041 987 4117 obligandi
1006 4052 1097 4100 erunt.
1140 4041 1237 4107 Quum
1257 4051 1354 4099 autem

258 4132 425 4206 plerumque
439 4137 481 4192 eis
495 4157 553 4195 non
567 4148 698 4215 suppetat
709 4139 873 4199 restituendi
886 4143 967 4209 ratio,
982 4141 1084 4199 debent
1097 4139 1196 4198 saltem
1215 4151 1353 4213 quantum

257 4231 378 4306 possint,
393 4233 537 4292 laboribus
560 4247 588 4294 et
606 4240 752 4311 obsequiis
773 4241 928 4317 majoribus
941 4259 1136 4317 compensare.
1180 4241 1253 4298 Haec
1266 4241 1351 4298 etiarn

422 4423 464 4487 (l)
485 4422 558 4487 Prop.
570 4425 654 4474 xxxvi.
942 4431 983 4496 (2)
1003 4429 1077 4495 Prop.
1088 4428 1182 4481 xxxvii.
