3046 5262
281 497 340 554 288
395 545 401 558 ,
467 485 524 550 DE
544 483 840 548 Pnconrottun
860 483 1182 549 DISTINCTIONE.

281 673 364 720 senus
376 655 402 713 si
414 663 480 732 post
491 653 672 730 propositum
689 649 866 719 mtimendi,
886 669 951 710 eom
969 669 1046 711 novo
1063 653 1216 712 voluntatis
1230 662 1294 713 notu
1306 655 1367 712 reti·

282 773 349 816 nere
362 753 502 814 doosrmt
1198 770 1202 778 ¹

325 855 372 913 lo.
392 853 481 912 tour
494 852 604 910 extomi
623 859 665 910 tot
683 860 800 929 pesooto
812 849 963 908 oenrentn
975 859 1046 922 quot
1064 860 1131 908 mut
1149 859 1228 910 aetus
1240 853 1322 927 provi
1334 851 1368 910 od

283 964 378 1012 sotum
391 953 579 1029 precipuum,
593 950 681 1010 veluti
692 960 787 1028 partes
799 949 834 1008 ad
847 958 948 1016 mmm.
961 951 1009 1008 vel
1024 950 1210 1009 instrumento
1222 948 1257 1008 ad
1268 950 1366 1019 finem.

283 1071 342 1112 noo
354 1052 464 1114 direod
507 1050 541 1108 Si
554 1050 619 1122 quis
632 1051 739 1124 ubsque
751 1049 907 1108 intentione
926 1047 1026 1125 fiagitii
1039 1049 1168 1126 patrandi
1181 1049 1307 1126 puellam
1318 1051 1369 1108 mi·

282 1170 338 1212 nus
353 1149 457 1228 podioe
470 1157 575 1226 tanget,
589 1148 742 1218 osculetur,
756 1147 951 1224 empleotetur‚
965 1149 1047 1206 toties
1066 1157 1175 1226 peccat,
1189 1167 1280 1221 quum
1295 1159 1368 1208 sotto

282 1248 722 1326 hiintersenonoonjungnntur.
744 1246 959 1314 Qoibominem
969 1247 1110 1323 percussit
1118 1246 1258 1306 violenter
1265 1248 1367 1321 absque

281 1347 431 1409 homicidii
443 1347 574 1414 comilio‚
587 1347 688 1409 iterum
701 1355 801 1424 peoeat
813 1346 838 1404 si
856 1356 923 1423 post
940 1347 1156 1424 percussionem
1169 1347 1212 1404 iro
1223 1347 1315 1424 magis
1327 1365 1368 1404 no·

283 1467 387 1508 oeneus
410 1465 477 1506 eum
497 1447 654 1506 interfluere
680 1445 820 1505 decerunt.
861 1445 950 1504 dotus
975 1447 1085 1504 externi
1107 1445 1323 1522 conjunguntur
1341 1446 1368 1502 in

283 1567 383 1616 unum,
398 1547 423 1605 si
436 1565 474 1605 ex
486 1563 545 1605 uno
557 1546 666 1621 impetu
685 1545 818 1611 oriuntur,
838 1545 914 1604 siout
930 1545 1068 1622 eontingit
1079 1545 1190 1603 homini
1201 1545 1368 1623 vituperanti

284 1647 457 1722 proximum,
474 1645 520 1702 vel
538 1644 706 1721 percutienti
725 1661 762 1701 ex
781 1635 840 1709 iret
860 1642 906 1701 vel
925 1662 963 1702 ex
982 1643 1098 1702 libidine
1118 1643 1243 1721 puellum
1264 1644 1368 1720 plurios

282 1743 370 1804 simul
381 1743 507 1822 tangenti
518 1743 687 1802 inhoneste:
708 1742 796 1800 nelei
815 1741 851 1800 od
869 1742 993 1801 eundem
1011 1743 1098 1802 finem
1118 1742 1286 1820 dirigentur,
1300 1745 1370 1802 siout

282 1845 369 1904 verbs
380 1844 522 1912 obscena,
536 1851 625 1900 tentus
639 1842 751 1914 elinque
769 1841 934 1917 hujusmodi
947 1841 983 1900 od
995 1841 1127 1919 copulam
1140 1842 1294 1916 aliquando
1307 1842 1369 1899 diri·

282 1953 395 2022 grunnit,
415 1961 478 2016 qum
491 1941 597 2000 ideireo
609 1941 639 1999 in
652 1941 831 2000 consessione
850 1959 909 2000 non
928 1951 995 1999 sunt
1007 1941 1167 2000 neeessario
1185 1940 1368 2008 recensendo,

282 2041 438 2102 dummodo
451 2043 516 2112 quis
528 2039 660 2116 oopulnm
679 2040 807 2098 fateatur.
849 2038 895 2098 De
914 2039 1033 2098 tectibus
1046 2041 1203 2113 quistatim
1216 2050 1370 2114 sequuntm

282 2140 414 2218 oopulsm
428 2138 505 2198 idem
524 2137 624 2198 dieunt
641 2139 737 2215 plures
757 2139 894 2216 theologi,
916 2157 1037 2212 quonum
1056 2141 1196 2197 sententio
1215 2139 1368 2217 probabilis

282 2250 338 2308 est,
356 2239 455 2318 judioe
477 2238 510 2296 S.
530 2231 714 2315 Alphonso3¹
734 2247 821 2296 tootus
841 2237 918 2296 enim
942 2236 1107 2314 huiusmodi
1126 2237 1264 2296 habentur
1287 2237 1369 2296 veluti

281 2340 525 2414 eomplementnm
543 2337 663 2412 oopuloe.
705 2336 796 2394 Seous
816 2335 968 2396 dicendum
994 2335 1029 2394 de
1048 2336 1153 2413 copula
1171 2338 1258 2396 etiam
1278 2339 1369 2395 statim

281 2438 388 2504 iterem,
403 2453 466 2509 quo
479 2453 586 2494 novum
599 2435 682 2510 plane
694 2443 738 2491 est
749 2443 907 2509 peoonmm

324 2541 372 2596 lt.
393 2532 527 2592 Subsidia
539 2542 568 2592 et
581 2534 765 2592 instrumento
777 2532 812 2591 ad
825 2541 973 2608 peoootmn
984 2533 1108 2608 aliquod,
1119 2544 1262 2609 tamqnam
1271 2537 1367 2603 tinem,

284 2635 408 2696 ndltibite
427 2643 542 2711 peecata
561 2641 636 2702 suot,
656 2650 779 2706 quorum
800 2632 906 2690 malitia
926 2651 965 2690 ex
986 2633 1044 2691 fine
1063 2633 1203 2703 definitis,
1216 2634 1284 2693 lieet
1295 2635 1369 2692 huno

285 2738 349 2810 quis
362 2755 421 2795 non
429 2735 560 2812 attigerit,
567 2732 612 2790 vel
620 2732 701 2791 obice
709 2732 830 2809 objsoto‚
838 2733 885 2791 vel
897 2741 1004 2792 mutata
1013 2733 1165 2792 voluntate.
1207 2735 1266 2801 Qui
1277 2737 1371 2794 animo

283 2835 408 2912 puellam
421 2833 456 2892 ed
477 2835 583 2893 ooitum
595 2831 749 2891 inducendi
768 2850 831 2890 eam
853 2832 997 2890 oseulatur
1016 2842 1044 2889 et
1064 2833 1160 2908 tangit,
1181 2852 1247 2892 reus
1260 2841 1305 2890 est
1317 2834 1368 2891 ori-

282 2933 369 2992 minis
383 2929 692 3006 quodvoluitpatrore‚
706 2929 828 3003 ideoque
851 2940 928 2988 octus
951 2931 1014 2990 illos
1037 2949 1074 2988 ex
1097 2950 1132 2989 eo
1151 2932 1208 2990 fine
1230 2932 1370 2992 admissos

282 3028 366 3086 debet
378 3027 526 3086 confiteris
546 3027 613 3084 lieet
625 3029 687 3103 ipse
706 3038 815 3086 mutato
834 3031 956 3090 oonsilio
974 3030 1096 3088 noluerit
1108 3031 1250 3107 progredi.
1292 3031 1326 3089 Si
1339 3032 1370 3089 nb

282 3127 364 3185 initio
376 3125 500 3184 noluerit
511 3125 621 3184 orimen
630 3127 725 3202 ipsum
733 3135 852 3204 patrare,
866 3130 896 3188 in
910 3129 978 3186 solis
986 3130 1105 3188 tactibus
1114 3149 1146 3188 se
1152 3131 1255 3189 sistere
1262 3133 1369 3198 volens,

283 3235 311 3294 ot
323 3227 474 3304 instigante
486 3225 602 3285 libidine
622 3226 693 3285 ultra
711 3226 915 3304 progrediatur,
935 3229 1044 3304 priores
1064 3229 1105 3288 illi
1124 3239 1213 3288 motus
1227 3250 1244 3287 a
1257 3239 1371 3307 peceato

283 3327 429 3406 proeoipno
442 3337 509 3385 sunt
518 3327 602 3386 etism
618 3326 820 3404 distinguendi,
828 3335 925 3404 utpote
934 3339 1050 3404 peceato
1059 3329 1088 3386 in
1099 3347 1129 3386 se
1141 3323 1294 3405 dompleta.
1315 3330 1370 3396 Qui

283 3427 404 3512 noluerit
416 3427 551 3505 paulatim
565 3424 727 3484 subtrahere
745 3444 878 3503 magnam
897 3427 1027 3503 pecunius
1043 3429 1167 3505 copiam,
1186 3447 1223 3486 ue
1243 3430 1269 3486 si
1288 3427 1371 3486 simul

284 3527 447 3604 sumpserit,
468 3525 622 3604 detegetur,
636 3533 737 3602 peooet
756 3527 877 3602 graviter
897 3526 1008 3599 quoties
1027 3528 1124 3594 sumit,
1145 3545 1233 3600 quum
1255 3529 1369 3600 quilibet

284 3637 362 3685 sottus
375 3628 405 3685 in
418 3643 450 3683 se
463 3633 687 3684 consummatum
700 3623 801 3682 hebeat
812 3625 958 3686 malitiam.
1119 3626 1124 3634 '

326 3728 372 3782 18.
395 3723 515 3789 Quoties
529 3738 603 3782 unus
617 3732 695 3781 notus
708 3723 790 3800 pluro
808 3733 918 3802 spectat
935 3723 1046 3801 objecta
1064 3725 1182 3801 integra,
1202 3733 1231 3782 et
1250 3743 1268 3782 a
1287 3743 1318 3783 se
1331 3725 1370 3782 in·

284 3826 379 3884 vioem
391 3821 532 3889 distinete,
546 3830 589 3881 tot
600 3829 717 3898 peccata
729 3821 857 3892 includit,
871 3823 1141 3900 quotsontobjeota‚
1147 3825 1233 3900 juxta
1246 3841 1370 3883 eommu-

283 3922 571 3984 nioremsententiom
580 3921 613 3980 S.
622 3920 935 3999 Alpbonsoprobntom.
950 3923 1371 3996 Siquisexintentioneomnes

284 4022 420 4099 perdendi
434 4023 568 4084 inoendst
579 4019 695 4082 domum
709 4021 739 4080 in
757 4021 905 4096 quinovit
917 4030 1030 4081 centnm
1050 4021 1182 4081 homines
1195 4022 1370 4100 congregari,

283 4139 349 4180 reus
361 4131 406 4178 est
418 4123 518 4181 mortis
530 4123 670 4184 omnium.
711 4121 762 4180 Sio
774 4121 800 4180 si
813 4119 930 4180 diontde
942 4121 1064 4200 eollegio
1073 4123 1318 4199 presbyterorum,
1326 4119 1371 4178 vel

281 4217 412 4289 oliorum,
425 4238 526 4280 omnes
538 4239 603 4282 esse
623 4219 793 4300 impudioos.
806 4220 853 4279 vel
864 4219 1067 4291 fraudulentos,
1081 4229 1123 4280 tot
1134 4221 1285 4281 bominum
1297 4217 1372 4279 ledit

281 4316 396 4376 lunam

567 4458 607 4521 (l)
619 4455 649 4507 L.
661 4471 684 4507 v.
697 4457 815 4508 oidub.
825 4456 852 4509 il.
863 4460 981 4511 ortiin.
993 4461 1035 4513 ⁴1.
