<?xml version="1.0" encoding="UTF-8"?>
<!DOCTYPE html PUBLIC "-//W3C//DTD XHTML 1.0 Transitional//EN"
    "http://www.w3.org/TR/xhtml1/DTD/xhtml1-transitional.dtd">
<html xmlns="http://www.w3.org/1999/xhtml" xml:lang="en" lang="en">
 <head>
  <title>
</title>
<meta http-equiv="Content-Type" content="text/html;charset=utf-8" />
  <meta name='ocr-system' content='tesseract 3.04.00' />
  <meta name='ocr-capabilities' content='ocr_page ocr_carea ocr_par ocr_line ocrx_word'/>
</head>
<body>
  <div class='ocr_page' id='page_1' title='image "./theologiaemoral03kenrgoog_0346.png"; bbox 0 0 3076 5260; ppageno 0'>
   <div class='ocr_carea' id='block_1_1' title="bbox 435 484 1274 551">
    <p class='ocr_par' dir='ltr' id='par_1_1' title="bbox 435 484 1274 551">
     <span class='ocr_line' id='line_1_1' title="bbox 435 484 1274 551; baseline 0.001 -6"><span class='ocrx_word' id='word_1_1' title='bbox 435 485 492 546; x_wconf 88' lang='lat' dir='ltr'><strong>DE</strong></span> <span class='ocrx_word' id='word_1_2' title='bbox 514 485 663 546; x_wconf 83' lang='lat' dir='ltr'>PRAVIS</span> <span class='ocrx_word' id='word_1_3' title='bbox 684 484 936 546; x_wconf 69' lang='lat' dir='ltr'><strong>unewanus,</strong></span> <span class='ocrx_word' id='word_1_4' title='bbox 963 544 967 551; x_wconf 83' lang='grc'><em>,</em></span> <span class='ocrx_word' id='word_1_5' title='bbox 1214 489 1274 546; x_wconf 72' lang='grc'><strong>327</strong></span> 
     </span>
    </p>
   </div>
   <div class='ocr_carea' id='block_1_2' title="bbox 171 648 1340 4184">
    <p class='ocr_par' dir='ltr' id='par_1_2' title="bbox 176 648 1274 1120">
     <span class='ocr_line' id='line_1_2' title="bbox 176 648 1274 727; baseline 0.002 -21"><span class='ocrx_word' id='word_1_6' title='bbox 176 650 219 708; x_wconf 87' lang='lat' dir='ltr'><strong>vis</strong></span> <span class='ocrx_word' id='word_1_7' title='bbox 232 666 391 709; x_wconf 72' lang='lat' dir='ltr'>consensus</span> <span class='ocrx_word' id='word_1_8' title='bbox 405 651 442 708; x_wconf 86' lang='lat' dir='ltr'><strong>ait</strong></span> <span class='ocrx_word' id='word_1_9' title='bbox 454 649 662 709; x_wconf 89' lang='lat' dir='ltr'><strong>conditionatue</strong></span> <span class='ocrx_word' id='word_1_10' title='bbox 672 658 803 727; x_wconf 89' lang='lat' dir='ltr'><strong>respectu</strong></span> <span class='ocrx_word' id='word_1_11' title='bbox 818 648 853 706; x_wconf 90' lang='lat' dir='ltr'><strong>ad</strong></span> <span class='ocrx_word' id='word_1_12' title='bbox 866 650 1021 726; x_wconf 89' lang='lat' dir='ltr'><strong>objectum,</strong></span> <span class='ocrx_word' id='word_1_13' title='bbox 1035 658 1166 725; x_wconf 86' lang='lat' dir='ltr'><strong>respectu</strong></span> <span class='ocrx_word' id='word_1_14' title='bbox 1180 657 1274 708; x_wconf 72' lang='lat' dir='ltr'><strong>nmen</strong></span> 
     </span>
     <span class='ocr_line' id='line_1_3' title="bbox 176 746 1272 824; baseline 0 -18"><span class='ocrx_word' id='word_1_15' title='bbox 176 747 214 806; x_wconf 90' lang='lat' dir='ltr'><strong>ad</strong></span> <span class='ocrx_word' id='word_1_16' title='bbox 225 747 442 808; x_wconf 85' lang='lat' dir='ltr'><strong>delectationem</strong></span> <span class='ocrx_word' id='word_1_17' title='bbox 462 758 506 806; x_wconf 88' lang='lat' dir='ltr'><strong>eet</strong></span> <span class='ocrx_word' id='word_1_18' title='bbox 527 750 682 817; x_wconf 89' lang='lat' dir='ltr'><strong>absolutus,</strong></span> <span class='ocrx_word' id='word_1_19' title='bbox 703 758 816 808; x_wconf 86' lang='lat' dir='ltr'><strong>etcum</strong></span> <span class='ocrx_word' id='word_1_20' title='bbox 837 747 986 806; x_wconf 79' lang='lat' dir='ltr'><strong>delectatio</strong></span> <span class='ocrx_word' id='word_1_21' title='bbox 1006 746 1106 807; x_wconf 89' lang='lat' dir='ltr'><strong>reddet</strong></span> <span class='ocrx_word' id='word_1_22' title='bbox 1126 748 1272 824; x_wconf 86' lang='lat' dir='ltr'><strong>objectum</strong></span> 
     </span>
     <span class='ocr_line' id='line_1_4' title="bbox 176 843 1271 924; baseline 0 -20"><span class='ocrx_word' id='word_1_23' title='bbox 176 862 314 924; x_wconf 71' lang='lat' dir='ltr'><strong>presens,</strong></span> <span class='ocrx_word' id='word_1_24' title='bbox 327 848 375 906; x_wconf 89' lang='lat' dir='ltr'><strong>hic</strong></span> <span class='ocrx_word' id='word_1_25' title='bbox 388 858 418 906; x_wconf 90' lang='lat' dir='ltr'><strong>et</strong></span> <span class='ocrx_word' id='word_1_26' title='bbox 428 867 505 906; x_wconf 90' lang='lat' dir='ltr'><strong>nunc</strong></span> <span class='ocrx_word' id='word_1_27' title='bbox 517 848 571 906; x_wconf 87' lang='lat' dir='ltr'><strong>tale</strong></span> <span class='ocrx_word' id='word_1_28' title='bbox 583 848 738 924; x_wconf 89' lang='lat' dir='ltr'><strong>objectum,</strong></span> <span class='ocrx_word' id='word_1_29' title='bbox 759 865 825 904; x_wconf 88' lang='lat' dir='ltr'><strong>cum</strong></span> <span class='ocrx_word' id='word_1_30' title='bbox 844 847 883 904; x_wconf 93' lang='lat' dir='ltr'><strong>sit</strong></span> <span class='ocrx_word' id='word_1_31' title='bbox 902 847 1062 923; x_wconf 88' lang='lat' dir='ltr'><strong>sejunctum</strong></span> <span class='ocrx_word' id='word_1_32' title='bbox 1076 863 1093 903; x_wconf 90' lang='lat' dir='ltr'><strong>e</strong></span> <span class='ocrx_word' id='word_1_33' title='bbox 1106 843 1271 904; x_wconf 86' lang='lat' dir='ltr'><strong>conditione</strong></span> 
     </span>
     <span class='ocr_line' id='line_1_5' title="bbox 176 939 1266 1024; baseline -0.001 -20"><span class='ocrx_word' id='word_1_34' title='bbox 176 945 389 1014; x_wconf 87' lang='lat' dir='ltr'><strong>cohonestantc,</strong></span> <span class='ocrx_word' id='word_1_35' title='bbox 402 955 446 1005; x_wconf 87' lang='lat' dir='ltr'><strong>est</strong></span> <span class='ocrx_word' id='word_1_36' title='bbox 458 947 626 1024; x_wconf 85' lang='lat' dir='ltr'><strong>simpliciter</strong></span> <span class='ocrx_word' id='word_1_37' title='bbox 645 939 801 1004; x_wconf 79' lang='grc' dir='ltr'><strong>ιιιιΙιιιιι.”1</strong></span> <span class='ocrx_word' id='word_1_38' title='bbox 835 945 874 1004; x_wconf 78' lang='lat' dir='ltr'><strong>ld</strong></span> <span class='ocrx_word' id='word_1_39' title='bbox 888 945 978 1004; x_wconf 90' lang='lat' dir='ltr'><strong>multo</strong></span> <span class='ocrx_word' id='word_1_40' title='bbox 999 947 1092 1022; x_wconf 90' lang='lat' dir='ltr'><strong>magis</strong></span> <span class='ocrx_word' id='word_1_41' title='bbox 1112 943 1266 1003; x_wconf 67' lang='lat' dir='ltr'><strong>meandum</strong></span> 
     </span>
     <span class='ocr_line' id='line_1_6' title="bbox 176 1044 781 1120; baseline 0 -19"><span class='ocrx_word' id='word_1_42' title='bbox 176 1046 202 1102; x_wconf 91' lang='lat' dir='ltr'><strong>si</strong></span> <span class='ocrx_word' id='word_1_43' title='bbox 215 1045 356 1120; x_wconf 86' lang='lat' dir='ltr'><strong>appetitus</strong></span> <span class='ocrx_word' id='word_1_44' title='bbox 369 1046 521 1102; x_wconf 84' lang='lat' dir='ltr'><strong>sensitivus</strong></span> <span class='ocrx_word' id='word_1_45' title='bbox 535 1044 620 1103; x_wconf 83' lang='lat' dir='ltr'><strong>simul</strong></span> <span class='ocrx_word' id='word_1_46' title='bbox 633 1045 781 1102; x_wconf 77' lang='lat' dir='ltr'>excitetur.</span> 
     </span>
    </p>

    <p class='ocr_par' dir='ltr' id='par_1_3' title="bbox 174 1139 1273 2106">
     <span class='ocr_line' id='line_1_7' title="bbox 218 1139 1270 1218; baseline 0.002 -20"><span class='ocrx_word' id='word_1_47' title='bbox 218 1145 286 1200; x_wconf 77' lang='lat'>112.</span> <span class='ocrx_word' id='word_1_48' title='bbox 307 1141 489 1199; x_wconf 85' lang='lat' dir='ltr'><strong>Desiderium</strong></span> <span class='ocrx_word' id='word_1_49' title='bbox 502 1140 604 1199; x_wconf 88' lang='lat' dir='ltr'><strong>dicitur</strong></span> <span class='ocrx_word' id='word_1_50' title='bbox 622 1141 725 1218; x_wconf 70' lang='lat' dir='ltr'><strong>ffcoae</strong></span> <span class='ocrx_word' id='word_1_51' title='bbox 738 1139 853 1213; x_wconf 88' lang='lat' dir='ltr'><strong>quando</strong></span> <span class='ocrx_word' id='word_1_52' title='bbox 871 1141 935 1212; x_wconf 88' lang='lat' dir='ltr'><strong>quis</strong></span> <span class='ocrx_word' id='word_1_53' title='bbox 955 1141 1009 1198; x_wconf 89' lang='lat' dir='ltr'><strong>sibi</strong></span> <span class='ocrx_word' id='word_1_54' title='bbox 1023 1141 1158 1218; x_wconf 81' lang='lat' dir='ltr'>proponit</span> <span class='ocrx_word' id='word_1_55' title='bbox 1170 1159 1270 1218; x_wconf 88' lang='lat' dir='ltr'><strong>pecca·</strong></span> 
     </span>
     <span class='ocr_line' id='line_1_8' title="bbox 175 1236 1271 1314; baseline 0.002 -18"><span class='ocrx_word' id='word_1_56' title='bbox 175 1249 236 1296; x_wconf 91' lang='lat' dir='ltr'><strong>tum</strong></span> <span class='ocrx_word' id='word_1_57' title='bbox 249 1249 369 1313; x_wconf 89' lang='lat' dir='ltr'><strong>patrare,</strong></span> <span class='ocrx_word' id='word_1_58' title='bbox 382 1249 412 1297; x_wconf 88' lang='lat' dir='ltr'><strong>et</strong></span> <span class='ocrx_word' id='word_1_59' title='bbox 423 1239 493 1298; x_wconf 89' lang='lat' dir='ltr'><strong>illud</strong></span> <span class='ocrx_word' id='word_1_60' title='bbox 506 1239 611 1309; x_wconf 84' lang='lat' dir='ltr'><strong>exequi</strong></span> <span class='ocrx_word' id='word_1_61' title='bbox 623 1247 750 1296; x_wconf 78' lang='lat' dir='ltr'><strong>conatur.</strong></span> <span class='ocrx_word' id='word_1_62' title='bbox 792 1236 937 1314; x_wconf 78' lang='lat' dir='ltr'><strong>Inefficuu</strong></span> <span class='ocrx_word' id='word_1_63' title='bbox 946 1239 999 1295; x_wconf 89' lang='lat' dir='ltr'><strong>erit</strong></span> <span class='ocrx_word' id='word_1_64' title='bbox 1011 1240 1037 1294; x_wconf 88' lang='lat' dir='ltr'><strong>si</strong></span> <span class='ocrx_word' id='word_1_65' title='bbox 1051 1241 1116 1311; x_wconf 87' lang='lat' dir='ltr'><strong>quis</strong></span> <span class='ocrx_word' id='word_1_66' title='bbox 1129 1259 1188 1298; x_wconf 91' lang='lat' dir='ltr'><strong>uon</strong></span> <span class='ocrx_word' id='word_1_67' title='bbox 1202 1241 1271 1298; x_wconf 81' lang='lat' dir='ltr'><strong>velit</strong></span> 
     </span>
     <span class='ocr_line' id='line_1_9' title="bbox 176 1334 1272 1414; baseline 0.003 -20"><span class='ocrx_word' id='word_1_68' title='bbox 176 1334 249 1397; x_wconf 88' lang='lat' dir='ltr'><strong>illud</strong></span> <span class='ocrx_word' id='word_1_69' title='bbox 270 1337 384 1408; x_wconf 80' lang='lat' dir='ltr'><strong>exequi,</strong></span> <span class='ocrx_word' id='word_1_70' title='bbox 405 1337 535 1409; x_wconf 86' lang='lat' dir='ltr'><strong>quamvis</strong></span> <span class='ocrx_word' id='word_1_71' title='bbox 556 1335 648 1394; x_wconf 85' lang='lat' dir='ltr'><strong>inhiet</strong></span> <span class='ocrx_word' id='word_1_72' title='bbox 662 1336 799 1412; x_wconf 84' lang='lat' dir='ltr'><strong>voluptati</strong></span> <span class='ocrx_word' id='word_1_73' title='bbox 812 1336 900 1394; x_wconf 90' lang='lat' dir='ltr'><strong>menti</strong></span> <span class='ocrx_word' id='word_1_74' title='bbox 920 1337 1097 1395; x_wconf 82' lang='lat' dir='ltr'><strong>obversanti:</strong></span> <span class='ocrx_word' id='word_1_75' title='bbox 1118 1337 1272 1414; x_wconf 82' lang='lat' dir='ltr'><strong>goudium</strong></span> 
     </span>
     <span class='ocr_line' id='line_1_10' title="bbox 176 1432 1273 1510; baseline 0.001 -18"><span class='ocrx_word' id='word_1_76' title='bbox 176 1434 335 1510; x_wconf 90' lang='lat' dir='ltr'><strong>concipitur</strong></span> <span class='ocrx_word' id='word_1_77' title='bbox 359 1433 394 1491; x_wconf 89' lang='lat' dir='ltr'><strong>dc</strong></span> <span class='ocrx_word' id='word_1_78' title='bbox 416 1435 492 1493; x_wconf 89' lang='lat' dir='ltr'><strong>malo</strong></span> <span class='ocrx_word' id='word_1_79' title='bbox 518 1452 603 1510; x_wconf 87' lang='lat' dir='ltr'><strong>opere</strong></span> <span class='ocrx_word' id='word_1_80' title='bbox 626 1435 688 1510; x_wconf 86' lang='lat' dir='ltr'><strong>jam</strong></span> <span class='ocrx_word' id='word_1_81' title='bbox 710 1442 837 1510; x_wconf 84' lang='lat' dir='ltr'><strong>patrato:</strong></span> <span class='ocrx_word' id='word_1_82' title='bbox 866 1432 1020 1493; x_wconf 78' lang='lat' dir='ltr'><strong>delectatio</strong></span> <span class='ocrx_word' id='word_1_83' title='bbox 1043 1453 1165 1494; x_wconf 82' lang='lat' dir='ltr'><strong>morosa</strong></span> <span class='ocrx_word' id='word_1_84' title='bbox 1198 1445 1273 1496; x_wconf 85' lang='lat' dir='ltr'><strong>“cst</strong></span> 
     </span>
     <span class='ocr_line' id='line_1_11' title="bbox 175 1532 1266 1612; baseline 0 -21"><span class='ocrx_word' id='word_1_85' title='bbox 175 1532 355 1610; x_wconf 88' lang='lat' dir='ltr'><strong>quandoper</strong></span> <span class='ocrx_word' id='word_1_86' title='bbox 373 1534 605 1610; x_wconf 80' lang='lat' dir='ltr'><strong>imaginationem</strong></span> <span class='ocrx_word' id='word_1_87' title='bbox 625 1532 751 1591; x_wconf 83' lang='lat' dir='ltr'><strong>santasiae</strong></span> <span class='ocrx_word' id='word_1_88' title='bbox 775 1533 839 1605; x_wconf 88' lang='lat' dir='ltr'><strong>quia</strong></span> <span class='ocrx_word' id='word_1_89' title='bbox 858 1532 950 1590; x_wconf 90' lang='lat' dir='ltr'><strong>reddit</strong></span> <span class='ocrx_word' id='word_1_90' title='bbox 970 1533 1024 1591; x_wconf 87' lang='lat' dir='ltr'><strong>sibi</strong></span> <span class='ocrx_word' id='word_1_91' title='bbox 1045 1553 1173 1611; x_wconf 74' lang='lat' dir='ltr'><strong>praesens</strong></span> <span class='ocrx_word' id='word_1_92' title='bbox 1192 1552 1266 1612; x_wconf 82' lang='lat' dir='ltr'><strong>opus</strong></span> 
     </span>
     <span class='ocr_line' id='line_1_12' title="bbox 175 1631 1269 1710; baseline 0.003 -21"><span class='ocrx_word' id='word_1_93' title='bbox 175 1631 295 1710; x_wconf 89' lang='lat' dir='ltr'><strong>peccati,</strong></span> <span class='ocrx_word' id='word_1_94' title='bbox 309 1649 412 1708; x_wconf 84' lang='lat' dir='ltr'><strong>nempe</strong></span> <span class='ocrx_word' id='word_1_95' title='bbox 425 1643 519 1691; x_wconf 89' lang='lat' dir='ltr'><strong>actum</strong></span> <span class='ocrx_word' id='word_1_96' title='bbox 532 1631 737 1700; x_wconf 80' lang='lat' dir='ltr'><strong>fornicationis,</strong></span> <span class='ocrx_word' id='word_1_97' title='bbox 751 1640 780 1690; x_wconf 89' lang='lat' dir='ltr'><strong>et</strong></span> <span class='ocrx_word' id='word_1_98' title='bbox 792 1631 827 1690; x_wconf 88' lang='lat' dir='ltr'><strong>de</strong></span> <span class='ocrx_word' id='word_1_99' title='bbox 837 1631 886 1690; x_wconf 88' lang='lat' dir='ltr'><strong>ille</strong></span> <span class='ocrx_word' id='word_1_100' title='bbox 898 1631 1053 1692; x_wconf 88' lang='lat' dir='ltr'><strong>deliberato</strong></span> <span class='ocrx_word' id='word_1_101' title='bbox 1067 1651 1208 1693; x_wconf 87' lang='lat' dir='ltr'><strong>consensu</strong></span> <span class='ocrx_word' id='word_1_102' title='bbox 1222 1633 1269 1692; x_wconf 89' lang='lat' dir='ltr'><strong>dc·</strong></span> 
     </span>
     <span class='ocr_line' id='line_1_13' title="bbox 174 1731 1269 1803; baseline 0 -13"><span class='ocrx_word' id='word_1_103' title='bbox 174 1733 301 1797; x_wconf 89' lang='lat' dir='ltr'><strong>lectatur,</strong></span> <span class='ocrx_word' id='word_1_104' title='bbox 315 1739 458 1803; x_wconf 86' lang='lat' dir='ltr'><strong>tamquam</strong></span> <span class='ocrx_word' id='word_1_105' title='bbox 472 1731 616 1788; x_wconf 85' lang='lat' dir='ltr'><strong>actualiter</strong></span> <span class='ocrx_word' id='word_1_106' title='bbox 636 1731 830 1798; x_wconf 83' lang='lat' dir='ltr'><strong>lomicaretur,</strong></span> <span class='ocrx_word' id='word_1_107' title='bbox 852 1732 913 1788; x_wconf 87' lang='lat' dir='ltr'><strong>sine</strong></span> <span class='ocrx_word' id='word_1_108' title='bbox 928 1740 1022 1790; x_wconf 88' lang='lat' dir='ltr'><strong>tamen</strong></span> <span class='ocrx_word' id='word_1_109' title='bbox 1042 1731 1183 1791; x_wconf 86' lang='lat' dir='ltr'><strong>desiderio</strong></span> <span class='ocrx_word' id='word_1_110' title='bbox 1203 1751 1269 1791; x_wconf 85' lang='lat' dir='ltr'><strong>exe·</strong></span> 
     </span>
     <span class='ocr_line' id='line_1_14' title="bbox 175 1823 1269 1906; baseline 0.002 -18"><span class='ocrx_word' id='word_1_111' title='bbox 175 1823 331 1904; x_wconf 77' lang='lat' dir='ltr'><strong>quendi.’&#39;2</strong></span> <span class='ocrx_word' id='word_1_112' title='bbox 370 1831 490 1888; x_wconf 80' lang='lat' dir='ltr'><strong>Morosa</strong></span> <span class='ocrx_word' id='word_1_113' title='bbox 502 1830 604 1888; x_wconf 89' lang='lat' dir='ltr'><strong>dicitur</strong></span> <span class='ocrx_word' id='word_1_114' title='bbox 621 1829 782 1898; x_wconf 84' lang='lat' dir='ltr'><strong>delectatio,</strong></span> <span class='ocrx_word' id='word_1_115' title='bbox 797 1830 863 1902; x_wconf 89' lang='lat' dir='ltr'><strong>quia</strong></span> <span class='ocrx_word' id='word_1_116' title='bbox 875 1831 1006 1888; x_wconf 85' lang='lat' dir='ltr'><strong>voluntas</strong></span> <span class='ocrx_word' id='word_1_117' title='bbox 1022 1831 1052 1888; x_wconf 91' lang='lat' dir='ltr'><strong>in</strong></span> <span class='ocrx_word' id='word_1_118' title='bbox 1065 1849 1096 1889; x_wconf 89' lang='lat' dir='ltr'><strong>re</strong></span> <span class='ocrx_word' id='word_1_119' title='bbox 1110 1849 1197 1906; x_wconf 88' lang='lat' dir='ltr'><strong>prava</strong></span> <span class='ocrx_word' id='word_1_120' title='bbox 1209 1851 1269 1890; x_wconf 90' lang='lat' dir='ltr'><strong>mo-</strong></span> 
     </span>
     <span class='ocr_line' id='line_1_15' title="bbox 174 1928 1265 2006; baseline -0.001 -18"><span class='ocrx_word' id='word_1_121' title='bbox 174 1939 261 1996; x_wconf 85' lang='lat' dir='ltr'><strong>ratur,</strong></span> <span class='ocrx_word' id='word_1_122' title='bbox 276 1930 307 1986; x_wconf 91' lang='lat' dir='ltr'><strong>in</strong></span> <span class='ocrx_word' id='word_1_123' title='bbox 320 1947 353 1986; x_wconf 90' lang='lat' dir='ltr'><strong>ea</strong></span> <span class='ocrx_word' id='word_1_124' title='bbox 366 1929 420 1987; x_wconf 90' lang='lat' dir='ltr'><strong>sibi</strong></span> <span class='ocrx_word' id='word_1_125' title='bbox 433 1929 624 2005; x_wconf 82' lang='lat' dir='ltr'><strong>complacens.</strong></span> <span class='ocrx_word' id='word_1_126' title='bbox 666 1928 860 2005; x_wconf 85' lang='lat' dir='ltr'><strong>Distinguitur</strong></span> <span class='ocrx_word' id='word_1_127' title='bbox 880 1947 897 1985; x_wconf 91' lang='lat' dir='ltr'><strong>a</strong></span> <span class='ocrx_word' id='word_1_128' title='bbox 916 1947 994 1987; x_wconf 87' lang='lat' dir='ltr'><strong>mera</strong></span> <span class='ocrx_word' id='word_1_129' title='bbox 1012 1929 1194 2006; x_wconf 78' lang='lat' dir='ltr'><strong>cogitatione,</strong></span> <span class='ocrx_word' id='word_1_130' title='bbox 1210 1948 1265 2004; x_wconf 87' lang='lat' dir='ltr'><strong>que</strong></span> 
     </span>
     <span class='ocr_line' id='line_1_16' title="bbox 174 2027 1209 2106; baseline 0.001 -20"><span class='ocrx_word' id='word_1_131' title='bbox 174 2029 263 2086; x_wconf 88' lang='lat' dir='ltr'><strong>menti</strong></span> <span class='ocrx_word' id='word_1_132' title='bbox 276 2046 322 2086; x_wconf 87' lang='lat' dir='ltr'><strong>res</strong></span> <span class='ocrx_word' id='word_1_133' title='bbox 336 2046 431 2104; x_wconf 79' lang='lat' dir='ltr'><strong>prava</strong></span> <span class='ocrx_word' id='word_1_134' title='bbox 444 2028 623 2096; x_wconf 84' lang='lat' dir='ltr'><strong>exhibentur,</strong></span> <span class='ocrx_word' id='word_1_135' title='bbox 638 2030 708 2100; x_wconf 90' lang='lat' dir='ltr'><strong>quin</strong></span> <span class='ocrx_word' id='word_1_136' title='bbox 721 2029 815 2101; x_wconf 89' lang='lat' dir='ltr'><strong>aliqua</strong></span> <span class='ocrx_word' id='word_1_137' title='bbox 828 2027 894 2088; x_wconf 87' lang='lat' dir='ltr'><strong>inde</strong></span> <span class='ocrx_word' id='word_1_138' title='bbox 907 2029 1036 2106; x_wconf 78' lang='lat' dir='ltr'><strong>capiatur</strong></span> <span class='ocrx_word' id='word_1_139' title='bbox 1050 2027 1209 2089; x_wconf 89' lang='lat' dir='ltr'><strong>delectatio.</strong></span> 
     </span>
    </p>

    <p class='ocr_par' dir='ltr' id='par_1_4' title="bbox 172 2126 1340 3487">
     <span class='ocr_line' id='line_1_17' title="bbox 216 2126 1266 2205; baseline 0.002 -21"><span class='ocrx_word' id='word_1_140' title='bbox 216 2131 283 2184; x_wconf 83' lang='grc'><strong>113.</strong></span> <span class='ocrx_word' id='word_1_141' title='bbox 304 2126 447 2202; x_wconf 83' lang='lat' dir='ltr'><strong>Cogitatio</strong></span> <span class='ocrx_word' id='word_1_142' title='bbox 460 2127 617 2185; x_wconf 88' lang='lat' dir='ltr'><strong>voluntaria</strong></span> <span class='ocrx_word' id='word_1_143' title='bbox 629 2127 665 2185; x_wconf 90' lang='lat' dir='ltr'><strong>de</strong></span> <span class='ocrx_word' id='word_1_144' title='bbox 679 2129 762 2185; x_wconf 87' lang='lat' dir='ltr'><strong>rebus</strong></span> <span class='ocrx_word' id='word_1_145' title='bbox 776 2127 870 2186; x_wconf 88' lang='lat' dir='ltr'><strong>vetitis</strong></span> <span class='ocrx_word' id='word_1_146' title='bbox 883 2127 993 2186; x_wconf 89' lang='lat' dir='ltr'><strong>nullum</strong></span> <span class='ocrx_word' id='word_1_147' title='bbox 1015 2136 1058 2185; x_wconf 86' lang='lat' dir='ltr'><strong>est</strong></span> <span class='ocrx_word' id='word_1_148' title='bbox 1069 2137 1220 2205; x_wconf 88' lang='lat' dir='ltr'><strong>peccatum</strong></span> <span class='ocrx_word' id='word_1_149' title='bbox 1240 2128 1266 2186; x_wconf 86' lang='lat' dir='ltr'><strong>si</strong></span> 
     </span>
     <span class='ocr_line' id='line_1_18' title="bbox 177 2225 1268 2304; baseline -0.001 -19"><span class='ocrx_word' id='word_1_150' title='bbox 177 2227 332 2285; x_wconf 86' lang='lat' dir='ltr'><strong>necessitas</strong></span> <span class='ocrx_word' id='word_1_151' title='bbox 345 2226 392 2284; x_wconf 86' lang='lat' dir='ltr'><strong>vel</strong></span> <span class='ocrx_word' id='word_1_152' title='bbox 405 2225 509 2284; x_wconf 86' lang='lat' dir='ltr'><strong>utilitas</strong></span> <span class='ocrx_word' id='word_1_153' title='bbox 523 2227 647 2302; x_wconf 77' lang='lat' dir='ltr'><strong>postulet</strong></span> <span class='ocrx_word' id='word_1_154' title='bbox 659 2225 694 2283; x_wconf 89' lang='lat' dir='ltr'><strong>de</strong></span> <span class='ocrx_word' id='word_1_155' title='bbox 707 2227 744 2284; x_wconf 89' lang='lat' dir='ltr'><strong>iis</strong></span> <span class='ocrx_word' id='word_1_156' title='bbox 757 2245 860 2304; x_wconf 87' lang='lat' dir='ltr'><strong>agere:</strong></span> <span class='ocrx_word' id='word_1_157' title='bbox 882 2226 959 2300; x_wconf 90' lang='lat' dir='ltr'><strong>quod</strong></span> <span class='ocrx_word' id='word_1_158' title='bbox 972 2227 998 2285; x_wconf 86' lang='lat' dir='ltr'><strong>si</strong></span> <span class='ocrx_word' id='word_1_159' title='bbox 1012 2245 1049 2284; x_wconf 86' lang='lat' dir='ltr'><strong>ex</strong></span> <span class='ocrx_word' id='word_1_160' title='bbox 1062 2227 1225 2286; x_wconf 83' lang='lat' dir='ltr'><strong>curiositate</strong></span> <span class='ocrx_word' id='word_1_161' title='bbox 1239 2237 1268 2284; x_wconf 90' lang='lat' dir='ltr'><strong>et</strong></span> 
     </span>
     <span class='ocr_line' id='line_1_19' title="bbox 174 2325 1266 2403; baseline 0 -19"><span class='ocrx_word' id='word_1_162' title='bbox 174 2326 261 2384; x_wconf 89' lang='lat' dir='ltr'><strong>animi</strong></span> <span class='ocrx_word' id='word_1_163' title='bbox 273 2326 384 2383; x_wconf 84' lang='lat' dir='ltr'><strong>levitate</strong></span> <span class='ocrx_word' id='word_1_164' title='bbox 397 2333 537 2392; x_wconf 88' lang='lat' dir='ltr'><strong>nascetur,</strong></span> <span class='ocrx_word' id='word_1_165' title='bbox 551 2325 670 2383; x_wconf 85' lang='lat' dir='ltr'><strong>venialis</strong></span> <span class='ocrx_word' id='word_1_166' title='bbox 684 2325 784 2384; x_wconf 86' lang='lat' dir='ltr'><strong>saltem</strong></span> <span class='ocrx_word' id='word_1_167' title='bbox 797 2334 841 2382; x_wconf 82' lang='lat' dir='ltr'><strong>est</strong></span> <span class='ocrx_word' id='word_1_168' title='bbox 859 2325 962 2402; x_wconf 88' lang='lat' dir='ltr'><strong>culpa;</strong></span> <span class='ocrx_word' id='word_1_169' title='bbox 983 2327 1121 2395; x_wconf 88' lang='lat' dir='ltr'><strong>mortalis,</strong></span> <span class='ocrx_word' id='word_1_170' title='bbox 1143 2327 1170 2384; x_wconf 87' lang='lat' dir='ltr'><strong>si</strong></span> <span class='ocrx_word' id='word_1_171' title='bbox 1191 2325 1266 2403; x_wconf 87' lang='lat' dir='ltr'><strong>peri·</strong></span> 
     </span>
     <span class='ocr_line' id='line_1_20' title="bbox 174 2423 1266 2502; baseline -0.001 -20"><span class='ocrx_word' id='word_1_172' title='bbox 174 2424 271 2483; x_wconf 89' lang='lat' dir='ltr'><strong>culum</strong></span> <span class='ocrx_word' id='word_1_173' title='bbox 296 2425 459 2500; x_wconf 85' lang='lat' dir='ltr'><strong>proximum</strong></span> <span class='ocrx_word' id='word_1_174' title='bbox 484 2423 678 2484; x_wconf 87' lang='lat' dir='ltr'><strong>delectationis</strong></span> <span class='ocrx_word' id='word_1_175' title='bbox 700 2424 737 2482; x_wconf 90' lang='lat' dir='ltr'><strong>de</strong></span> <span class='ocrx_word' id='word_1_176' title='bbox 758 2443 846 2501; x_wconf 82' lang='lat' dir='ltr'><strong>opere</strong></span> <span class='ocrx_word' id='word_1_177' title='bbox 868 2425 944 2483; x_wconf 84' lang='lat' dir='ltr'><strong>malo</strong></span> <span class='ocrx_word' id='word_1_178' title='bbox 968 2424 1069 2484; x_wconf 86' lang='lat' dir='ltr'><strong>hebeat</strong></span> <span class='ocrx_word' id='word_1_179' title='bbox 1092 2424 1266 2502; x_wconf 89' lang='lat' dir='ltr'><strong>adjunctum.</strong></span> 
     </span>
     <span class='ocr_line' id='line_1_21' title="bbox 176 2521 1268 2601; baseline 0.002 -21"><span class='ocrx_word' id='word_1_180' title='bbox 176 2521 322 2600; x_wconf 84' lang='lat' dir='ltr'><strong>Cogitatio</strong></span> <span class='ocrx_word' id='word_1_181' title='bbox 334 2532 429 2581; x_wconf 87' lang='lat' dir='ltr'><strong>autem</strong></span> <span class='ocrx_word' id='word_1_182' title='bbox 441 2522 477 2580; x_wconf 90' lang='lat' dir='ltr'><strong>de</strong></span> <span class='ocrx_word' id='word_1_183' title='bbox 490 2541 577 2600; x_wconf 84' lang='lat' dir='ltr'><strong>opere</strong></span> <span class='ocrx_word' id='word_1_184' title='bbox 590 2523 664 2581; x_wconf 91' lang='lat' dir='ltr'><strong>malo</strong></span> <span class='ocrx_word' id='word_1_185' title='bbox 685 2523 832 2601; x_wconf 89' lang='lat' dir='ltr'><strong>patrando,</strong></span> <span class='ocrx_word' id='word_1_186' title='bbox 853 2543 920 2583; x_wconf 90' lang='lat' dir='ltr'><strong>cum</strong></span> <span class='ocrx_word' id='word_1_187' title='bbox 940 2523 1127 2582; x_wconf 85' lang='lat' dir='ltr'><strong>delectatione</strong></span> <span class='ocrx_word' id='word_1_188' title='bbox 1140 2523 1206 2583; x_wconf 90' lang='lat' dir='ltr'><strong>iude</strong></span> <span class='ocrx_word' id='word_1_189' title='bbox 1220 2523 1268 2582; x_wconf 87' lang='lat' dir='ltr'><strong>de·</strong></span> 
     </span>
     <span class='ocr_line' id='line_1_22' title="bbox 175 2611 1340 2700; baseline 0.001 -21"><span class='ocrx_word' id='word_1_190' title='bbox 175 2623 272 2689; x_wconf 85' lang='lat' dir='ltr'><strong>rivata,</strong></span> <span class='ocrx_word' id='word_1_191' title='bbox 287 2630 331 2678; x_wconf 90' lang='lat' dir='ltr'><strong>est</strong></span> <span class='ocrx_word' id='word_1_192' title='bbox 342 2631 489 2698; x_wconf 89' lang='lat' dir='ltr'><strong>peccatum</strong></span> <span class='ocrx_word' id='word_1_193' title='bbox 511 2623 594 2695; x_wconf 90' lang='lat' dir='ltr'><strong>quale</strong></span> <span class='ocrx_word' id='word_1_194' title='bbox 607 2611 660 2680; x_wconf 66' lang='lat' dir='ltr'><strong>&#39;est</strong></span> <span class='ocrx_word' id='word_1_195' title='bbox 680 2641 753 2700; x_wconf 91' lang='lat' dir='ltr'><strong>opus</strong></span> <span class='ocrx_word' id='word_1_196' title='bbox 767 2624 873 2699; x_wconf 86' lang='lat' dir='ltr'><strong>ipsum.</strong></span> <span class='ocrx_word' id='word_1_197' title='bbox 916 2622 997 2679; x_wconf 82' lang='lat' dir='ltr'><strong>“Sic</strong></span> <span class='ocrx_word' id='word_1_198' title='bbox 1010 2623 1096 2698; x_wconf 87' lang='lat' dir='ltr'><strong>igitur</strong></span> <span class='ocrx_word' id='word_1_199' title='bbox 1115 2621 1217 2695; x_wconf 85' lang='lat' dir='ltr'><strong>aliquis</strong></span> <span class='ocrx_word' id='word_1_200' title='bbox 1231 2621 1268 2680; x_wconf 90' lang='lat' dir='ltr'><strong>de</strong></span> <span class='ocrx_word' id='word_1_201' title='bbox 1335 2635 1340 2644; x_wconf 83' lang='lat'><strong>·</strong></span> 
     </span>
     <span class='ocr_line' id='line_1_23' title="bbox 174 2718 1277 2798; baseline -0.003 -18"><span class='ocrx_word' id='word_1_202' title='bbox 174 2719 362 2780; x_wconf 88' lang='lat' dir='ltr'><strong>somicatioue</strong></span> <span class='ocrx_word' id='word_1_203' title='bbox 375 2720 513 2796; x_wconf 88' lang='lat' dir='ltr'><strong>cogitans,</strong></span> <span class='ocrx_word' id='word_1_204' title='bbox 531 2721 567 2779; x_wconf 87' lang='lat' dir='ltr'><strong>de</strong></span> <span class='ocrx_word' id='word_1_205' title='bbox 580 2720 691 2780; x_wconf 88' lang='lat' dir='ltr'><strong>duobus</strong></span> <span class='ocrx_word' id='word_1_206' title='bbox 705 2730 798 2798; x_wconf 88' lang='lat' dir='ltr'><strong>potest</strong></span> <span class='ocrx_word' id='word_1_207' title='bbox 811 2719 964 2778; x_wconf 89' lang='lat' dir='ltr'><strong>delectari:</strong></span> <span class='ocrx_word' id='word_1_208' title='bbox 986 2737 1045 2777; x_wconf 90' lang='lat' dir='ltr'><strong>uno</strong></span> <span class='ocrx_word' id='word_1_209' title='bbox 1058 2718 1145 2778; x_wconf 89' lang='lat' dir='ltr'><strong>modo</strong></span> <span class='ocrx_word' id='word_1_210' title='bbox 1159 2719 1194 2776; x_wconf 87' lang='lat' dir='ltr'><strong>dc</strong></span> <span class='ocrx_word' id='word_1_211' title='bbox 1208 2719 1277 2795; x_wconf 88' lang='lat' dir='ltr'><strong>ipsa</strong></span> 
     </span>
     <span class='ocr_line' id='line_1_24' title="bbox 174 2817 1270 2896; baseline 0 -20"><span class='ocrx_word' id='word_1_212' title='bbox 174 2818 366 2895; x_wconf 83' lang='lat' dir='ltr'><strong>cogitatione:</strong></span> <span class='ocrx_word' id='word_1_213' title='bbox 397 2819 452 2878; x_wconf 87' lang='lat' dir='ltr'><strong>alio</strong></span> <span class='ocrx_word' id='word_1_214' title='bbox 473 2819 559 2878; x_wconf 90' lang='lat' dir='ltr'><strong>modo</strong></span> <span class='ocrx_word' id='word_1_215' title='bbox 581 2819 617 2878; x_wconf 92' lang='lat' dir='ltr'><strong>de</strong></span> <span class='ocrx_word' id='word_1_216' title='bbox 639 2821 703 2896; x_wconf 84' lang='lat' dir='ltr'><strong>ipsa</strong></span> <span class='ocrx_word' id='word_1_217' title='bbox 725 2818 911 2878; x_wconf 83' lang='lat' dir='ltr'><strong>fornicatione</strong></span> <span class='ocrx_word' id='word_1_218' title='bbox 934 2817 1066 2895; x_wconf 88' lang='lat' dir='ltr'><strong>cogitata.</strong></span> <span class='ocrx_word' id='word_1_219' title='bbox 1108 2818 1270 2876; x_wconf 85' lang='lat' dir='ltr'><strong>Delectatio</strong></span> 
     </span>
     <span class='ocr_line' id='line_1_25' title="bbox 173 2916 1270 2996; baseline 0 -21"><span class='ocrx_word' id='word_1_220' title='bbox 173 2927 269 2976; x_wconf 88' lang='lat' dir='ltr'><strong>autem</strong></span> <span class='ocrx_word' id='word_1_221' title='bbox 282 2916 317 2974; x_wconf 90' lang='lat' dir='ltr'><strong>de</strong></span> <span class='ocrx_word' id='word_1_222' title='bbox 331 2919 496 2993; x_wconf 82' lang='lat' dir='ltr'><strong>cogitatione</strong></span> <span class='ocrx_word' id='word_1_223' title='bbox 518 2920 583 2996; x_wconf 88' lang='lat' dir='ltr'><strong>ipsa</strong></span> <span class='ocrx_word' id='word_1_224' title='bbox 595 2920 722 2992; x_wconf 77' lang='lat' dir='ltr'><strong>sequitur</strong></span> <span class='ocrx_word' id='word_1_225' title='bbox 745 2917 957 2977; x_wconf 88' lang='lat' dir='ltr'><strong>inclinationem</strong></span> <span class='ocrx_word' id='word_1_226' title='bbox 979 2916 1098 2975; x_wconf 80' lang='lat' dir='ltr'><strong>affectus</strong></span> <span class='ocrx_word' id='word_1_227' title='bbox 1118 2918 1149 2974; x_wconf 92' lang='lat' dir='ltr'><strong>in</strong></span> <span class='ocrx_word' id='word_1_228' title='bbox 1162 2916 1270 2994; x_wconf 89' lang='lat' dir='ltr'><strong>cogita·</strong></span> 
     </span>
     <span class='ocr_line' id='line_1_26' title="bbox 173 3017 1280 3098; baseline 0.001 -24"><span class='ocrx_word' id='word_1_229' title='bbox 173 3017 281 3076; x_wconf 89' lang='lat' dir='ltr'><strong>tionem</strong></span> <span class='ocrx_word' id='word_1_230' title='bbox 294 3017 405 3093; x_wconf 88' lang='lat' dir='ltr'><strong>ipsam:</strong></span> <span class='ocrx_word' id='word_1_231' title='bbox 425 3018 559 3094; x_wconf 89' lang='lat' dir='ltr'><strong>cogitatio</strong></span> <span class='ocrx_word' id='word_1_232' title='bbox 573 3026 666 3077; x_wconf 83' lang='lat' dir='ltr'><strong>autem</strong></span> <span class='ocrx_word' id='word_1_233' title='bbox 679 3020 743 3095; x_wconf 89' lang='lat' dir='ltr'><strong>ipsa</strong></span> <span class='ocrx_word' id='word_1_234' title='bbox 759 3018 917 3076; x_wconf 89' lang='lat' dir='ltr'><strong>secundum</strong></span> <span class='ocrx_word' id='word_1_235' title='bbox 937 3035 968 3074; x_wconf 88' lang='lat' dir='ltr'><strong>se</strong></span> <span class='ocrx_word' id='word_1_236' title='bbox 991 3035 1050 3076; x_wconf 88' lang='lat' dir='ltr'><strong>non</strong></span> <span class='ocrx_word' id='word_1_237' title='bbox 1060 3026 1107 3074; x_wconf 87' lang='lat' dir='ltr'><strong>est</strong></span> <span class='ocrx_word' id='word_1_238' title='bbox 1118 3025 1280 3098; x_wconf 23' lang='lat' dir='ltr'><strong>peccatum*</strong></span> 
     </span>
     <span class='ocr_line' id='line_1_27' title="bbox 174 3115 1269 3192; baseline 0.002 -18"><span class='ocrx_word' id='word_1_239' title='bbox 174 3115 301 3184; x_wconf 87' lang='lat' dir='ltr'><strong>mortale,</strong></span> <span class='ocrx_word' id='word_1_240' title='bbox 314 3118 404 3174; x_wconf 90' lang='lat' dir='ltr'><strong>immo</strong></span> <span class='ocrx_word' id='word_1_241' title='bbox 417 3115 589 3190; x_wconf 88' lang='lat' dir='ltr'><strong>quandoque</strong></span> <span class='ocrx_word' id='word_1_242' title='bbox 607 3127 651 3176; x_wconf 88' lang='lat' dir='ltr'><strong>est</strong></span> <span class='ocrx_word' id='word_1_243' title='bbox 663 3119 773 3177; x_wconf 87' lang='lat' dir='ltr'><strong>veniale</strong></span> <span class='ocrx_word' id='word_1_244' title='bbox 793 3126 912 3185; x_wconf 90' lang='lat' dir='ltr'><strong>tantum,</strong></span> <span class='ocrx_word' id='word_1_245' title='bbox 933 3125 1011 3192; x_wconf 88' lang='lat' dir='ltr'><strong>puta,</strong></span> <span class='ocrx_word' id='word_1_246' title='bbox 1025 3135 1093 3174; x_wconf 89' lang='lat' dir='ltr'><strong>cnm</strong></span> <span class='ocrx_word' id='word_1_247' title='bbox 1106 3117 1212 3190; x_wconf 87' lang='lat' dir='ltr'><strong>aliquis</strong></span> <span class='ocrx_word' id='word_1_248' title='bbox 1226 3118 1269 3176; x_wconf 90' lang='lat' dir='ltr'><strong>in·</strong></span> 
     </span>
     <span class='ocr_line' id='line_1_28' title="bbox 175 3215 1270 3292; baseline 0.001 -20"><span class='ocrx_word' id='word_1_249' title='bbox 175 3215 279 3272; x_wconf 88' lang='lat' dir='ltr'><strong>utiliter</strong></span> <span class='ocrx_word' id='word_1_250' title='bbox 291 3216 396 3291; x_wconf 88' lang='lat' dir='ltr'><strong>cogitat</strong></span> <span class='ocrx_word' id='word_1_251' title='bbox 407 3215 443 3272; x_wconf 91' lang='lat' dir='ltr'><strong>de</strong></span> <span class='ocrx_word' id='word_1_252' title='bbox 456 3234 509 3273; x_wconf 89' lang='lat' dir='ltr'><strong>ea:</strong></span> <span class='ocrx_word' id='word_1_253' title='bbox 531 3216 701 3290; x_wconf 87' lang='lat' dir='ltr'><strong>quandoque</strong></span> <span class='ocrx_word' id='word_1_254' title='bbox 722 3226 817 3274; x_wconf 90' lang='lat' dir='ltr'><strong>autem</strong></span> <span class='ocrx_word' id='word_1_255' title='bbox 830 3216 894 3273; x_wconf 86' lang='lat' dir='ltr'><strong>siue</strong></span> <span class='ocrx_word' id='word_1_256' title='bbox 908 3223 1026 3290; x_wconf 88' lang='lat' dir='ltr'><strong>peccato</strong></span> <span class='ocrx_word' id='word_1_257' title='bbox 1040 3216 1179 3281; x_wconf 90' lang='lat' dir='ltr'><strong>omnino;</strong></span> <span class='ocrx_word' id='word_1_258' title='bbox 1201 3225 1270 3292; x_wconf 90' lang='lat' dir='ltr'><strong>puta</strong></span> 
     </span>
     <span class='ocr_line' id='line_1_29' title="bbox 172 3310 1268 3390; baseline 0.002 -20"><span class='ocrx_word' id='word_1_259' title='bbox 172 3331 237 3371; x_wconf 90' lang='lat' dir='ltr'><strong>cum</strong></span> <span class='ocrx_word' id='word_1_260' title='bbox 252 3313 354 3385; x_wconf 87' lang='lat' dir='ltr'><strong>aliquis</strong></span> <span class='ocrx_word' id='word_1_261' title='bbox 366 3314 471 3372; x_wconf 89' lang='lat' dir='ltr'><strong>utiliter</strong></span> <span class='ocrx_word' id='word_1_262' title='bbox 484 3313 520 3372; x_wconf 91' lang='lat' dir='ltr'><strong>de</strong></span> <span class='ocrx_word' id='word_1_263' title='bbox 533 3333 567 3372; x_wconf 88' lang='lat' dir='ltr'><strong>ea</strong></span> <span class='ocrx_word' id='word_1_264' title='bbox 579 3315 693 3390; x_wconf 83' lang='lat' dir='ltr'><strong>cogitat,</strong></span> <span class='ocrx_word' id='word_1_265' title='bbox 707 3316 781 3374; x_wconf 88' lang='lat' dir='ltr'><strong>sicut</strong></span> <span class='ocrx_word' id='word_1_266' title='bbox 793 3333 860 3372; x_wconf 90' lang='lat' dir='ltr'><strong>cum</strong></span> <span class='ocrx_word' id='word_1_267' title='bbox 874 3312 981 3371; x_wconf 87' lang='lat' dir='ltr'><strong>vultde</strong></span> <span class='ocrx_word' id='word_1_268' title='bbox 995 3331 1029 3369; x_wconf 89' lang='lat' dir='ltr'><strong>ea</strong></span> <span class='ocrx_word' id='word_1_269' title='bbox 1041 3310 1208 3388; x_wconf 87' lang='lat' dir='ltr'><strong>praedicare,</strong></span> <span class='ocrx_word' id='word_1_270' title='bbox 1222 3314 1268 3372; x_wconf 84' lang='lat' dir='ltr'><strong>vel</strong></span> 
     </span>
     <span class='ocr_line' id='line_1_30' title="bbox 174 3406 366 3487; baseline -0.005 -18"><span class='ocrx_word' id='word_1_271' title='bbox 174 3406 366 3487; x_wconf 56' lang='lat' dir='ltr'><strong>disputarem</strong></span> 
     </span>
    </p>

    <p class='ocr_par' dir='ltr' id='par_1_5' title="bbox 171 3507 1339 4084">
     <span class='ocr_line' id='line_1_31' title="bbox 215 3507 1266 3588; baseline 0.002 -21"><span class='ocrx_word' id='word_1_272' title='bbox 215 3514 282 3567; x_wconf 83' lang='lat'>114.</span> <span class='ocrx_word' id='word_1_273' title='bbox 303 3509 485 3570; x_wconf 86' lang='lat' dir='ltr'><strong>Desiderium</strong></span> <span class='ocrx_word' id='word_1_274' title='bbox 500 3513 611 3587; x_wconf 85' lang='lat' dir='ltr'><strong>copulae</strong></span> <span class='ocrx_word' id='word_1_275' title='bbox 620 3512 795 3588; x_wconf 79' lang='lat' dir='ltr'><strong>futuroepoat</strong></span> <span class='ocrx_word' id='word_1_276' title='bbox 807 3510 922 3587; x_wconf 88' lang='lat' dir='ltr'><strong>nuptias</strong></span> <span class='ocrx_word' id='word_1_277' title='bbox 936 3529 953 3566; x_wconf 90' lang='lat' dir='ltr'><strong>a</strong></span> <span class='ocrx_word' id='word_1_278' title='bbox 965 3509 1091 3584; x_wconf 89' lang='lat' dir='ltr'><strong>sponsis,</strong></span> <span class='ocrx_word' id='word_1_279' title='bbox 1102 3507 1217 3581; x_wconf 85' lang='lat' dir='ltr'><strong>quando</strong></span> <span class='ocrx_word' id='word_1_280' title='bbox 1231 3508 1266 3569; x_wconf 90' lang='lat' dir='ltr'><strong>de</strong></span> 
     </span>
     <span class='ocr_line' id='line_1_32' title="bbox 172 3607 1266 3688; baseline -0.001 -22"><span class='ocrx_word' id='word_1_281' title='bbox 172 3627 205 3666; x_wconf 91' lang='lat' dir='ltr'><strong>ea</strong></span> <span class='ocrx_word' id='word_1_282' title='bbox 218 3608 368 3686; x_wconf 89' lang='lat' dir='ltr'><strong>cogitando</strong></span> <span class='ocrx_word' id='word_1_283' title='bbox 381 3609 562 3680; x_wconf 87' lang='lat' dir='ltr'><strong>delectantur,</strong></span> <span class='ocrx_word' id='word_1_284' title='bbox 584 3630 703 3688; x_wconf 86' lang='lat' dir='ltr'><strong>pravum</strong></span> <span class='ocrx_word' id='word_1_285' title='bbox 721 3619 774 3678; x_wconf 86' lang='lat' dir='ltr'><strong>eat,</strong></span> <span class='ocrx_word' id='word_1_286' title='bbox 789 3610 856 3683; x_wconf 90' lang='lat' dir='ltr'><strong>quia</strong></span> <span class='ocrx_word' id='word_1_287' title='bbox 874 3611 917 3667; x_wconf 89' lang='lat' dir='ltr'><strong>sic</strong></span> <span class='ocrx_word' id='word_1_288' title='bbox 931 3607 1061 3683; x_wconf 86' lang='lat' dir='ltr'><strong>voluptas</strong></span> <span class='ocrx_word' id='word_1_289' title='bbox 1075 3617 1120 3665; x_wconf 89' lang='lat' dir='ltr'><strong>est</strong></span> <span class='ocrx_word' id='word_1_290' title='bbox 1128 3625 1266 3684; x_wconf 84' lang='lat' dir='ltr'><strong>praesens,</strong></span> 
     </span>
     <span class='ocr_line' id='line_1_33' title="bbox 171 3705 1266 3787; baseline 0 -21"><span class='ocrx_word' id='word_1_291' title='bbox 171 3716 248 3766; x_wconf 83' lang='lat' dir='ltr'><strong>etex</strong></span> <span class='ocrx_word' id='word_1_292' title='bbox 259 3725 290 3765; x_wconf 90' lang='lat' dir='ltr'><strong>re</strong></span> <span class='ocrx_word' id='word_1_293' title='bbox 305 3727 367 3780; x_wconf 82' lang='lat' dir='ltr'><strong>quae</strong></span> <span class='ocrx_word' id='word_1_294' title='bbox 377 3709 632 3787; x_wconf 76' lang='lat' dir='ltr'><strong>impresentiarum</strong></span> <span class='ocrx_word' id='word_1_295' title='bbox 641 3729 699 3770; x_wconf 93' lang='lat' dir='ltr'><strong>non</strong></span> <span class='ocrx_word' id='word_1_296' title='bbox 710 3710 778 3767; x_wconf 91' lang='lat' dir='ltr'><strong>licet</strong></span> <span class='ocrx_word' id='word_1_297' title='bbox 790 3708 924 3768; x_wconf 85' lang='lat' dir='ltr'><strong>derivata.</strong></span> <span class='ocrx_word' id='word_1_298' title='bbox 958 3705 1018 3765; x_wconf 82' lang='lat' dir='ltr'><strong>Sed</strong></span> <span class='ocrx_word' id='word_1_299' title='bbox 1030 3706 1098 3765; x_wconf 90' lang='lat' dir='ltr'><strong>licet</strong></span> <span class='ocrx_word' id='word_1_300' title='bbox 1110 3706 1146 3765; x_wconf 91' lang='lat' dir='ltr'><strong>iis</strong></span> <span class='ocrx_word' id='word_1_301' title='bbox 1160 3725 1266 3783; x_wconf 88' lang='lat' dir='ltr'><strong>cupere</strong></span> 
     </span>
     <span class='ocr_line' id='line_1_34' title="bbox 171 3807 1339 3886; baseline 0 -22"><span class='ocrx_word' id='word_1_302' title='bbox 171 3807 303 3883; x_wconf 89' lang='lat' dir='ltr'><strong>copulam</strong></span> <span class='ocrx_word' id='word_1_303' title='bbox 325 3816 392 3884; x_wconf 87' lang='lat' dir='ltr'><strong>post</strong></span> <span class='ocrx_word' id='word_1_304' title='bbox 404 3809 517 3886; x_wconf 87' lang='lat' dir='ltr'><strong>nuptias</strong></span> <span class='ocrx_word' id='word_1_305' title='bbox 530 3809 700 3878; x_wconf 91' lang='lat' dir='ltr'><strong>habendam,</strong></span> <span class='ocrx_word' id='word_1_306' title='bbox 715 3809 785 3882; x_wconf 93' lang='lat' dir='ltr'><strong>quin</strong></span> <span class='ocrx_word' id='word_1_307' title='bbox 798 3817 969 3885; x_wconf 75' lang='lat' dir='ltr'><strong>presentem</strong></span> <span class='ocrx_word' id='word_1_308' title='bbox 987 3807 1165 3883; x_wconf 84' lang='lat' dir='ltr'><strong>voluptatem</strong></span> <span class='ocrx_word' id='word_1_309' title='bbox 1183 3824 1221 3863; x_wconf 83' lang='lat' dir='ltr'><strong>ex</strong></span> <span class='ocrx_word' id='word_1_310' title='bbox 1234 3823 1268 3864; x_wconf 90' lang='lat' dir='ltr'><strong>ea</strong></span> <span class='ocrx_word' id='word_1_311' title='bbox 1338 3811 1339 3814; x_wconf 74' lang='grc'>’</span> 
     </span>
     <span class='ocr_line' id='line_1_35' title="bbox 173 3903 1267 3982; baseline 0.003 -20"><span class='ocrx_word' id='word_1_312' title='bbox 173 3907 260 3963; x_wconf 90' lang='lat' dir='ltr'><strong>menti</strong></span> <span class='ocrx_word' id='word_1_313' title='bbox 273 3906 529 3982; x_wconf 81' lang='lat' dir='ltr'><strong>objectaqurcrant.</strong></span> <span class='ocrx_word' id='word_1_314' title='bbox 570 3908 703 3968; x_wconf 89' lang='lat' dir='ltr'><strong>Periculo</strong></span> <span class='ocrx_word' id='word_1_315' title='bbox 712 3918 806 3969; x_wconf 90' lang='lat' dir='ltr'><strong>tamen</strong></span> <span class='ocrx_word' id='word_1_316' title='bbox 816 3924 1005 3981; x_wconf 74' lang='lat' dir='ltr'><strong>quercumque</strong></span> <span class='ocrx_word' id='word_1_317' title='bbox 1013 3903 1180 3982; x_wconf 90' lang='lat' dir='ltr'><strong>hujusmodi</strong></span> <span class='ocrx_word' id='word_1_318' title='bbox 1188 3906 1267 3982; x_wconf 86' lang='lat' dir='ltr'><strong>cogi·</strong></span> 
     </span>
     <span class='ocr_line' id='line_1_36' title="bbox 172 4003 1173 4084; baseline -0.001 -24"><span class='ocrx_word' id='word_1_319' title='bbox 172 4005 237 4062; x_wconf 83' lang='lat' dir='ltr'><strong>tatio</strong></span> <span class='ocrx_word' id='word_1_320' title='bbox 251 4023 310 4063; x_wconf 90' lang='lat' dir='ltr'><strong>non</strong></span> <span class='ocrx_word' id='word_1_321' title='bbox 323 4017 412 4074; x_wconf 86' lang='lat' dir='ltr'><strong>vacat,</strong></span> <span class='ocrx_word' id='word_1_322' title='bbox 427 4025 516 4079; x_wconf 90' lang='lat' dir='ltr'><strong>quum</strong></span> <span class='ocrx_word' id='word_1_323' title='bbox 529 4008 611 4066; x_wconf 86' lang='lat' dir='ltr'><strong>facile</strong></span> <span class='ocrx_word' id='word_1_324' title='bbox 624 4017 838 4066; x_wconf 79' lang='lat' dir='ltr'><strong>commoveatur</strong></span> <span class='ocrx_word' id='word_1_325' title='bbox 850 4007 995 4084; x_wconf 85' lang='lat' dir='ltr'><strong>appetitus</strong></span> <span class='ocrx_word' id='word_1_326' title='bbox 1008 4003 1173 4062; x_wconf 85' lang='lat' dir='ltr'><strong>sensitivus.</strong></span> 
     </span>
    </p>

    <p class='ocr_par' dir='ltr' id='par_1_6' title="bbox 214 4101 1267 4184">
     <span class='ocr_line' id='line_1_37' title="bbox 214 4101 1267 4184; baseline 0 -24"><span class='ocrx_word' id='word_1_327' title='bbox 214 4106 282 4161; x_wconf 78' lang='lat'>115.</span> <span class='ocrx_word' id='word_1_328' title='bbox 303 4103 399 4162; x_wconf 90' lang='lat' dir='ltr'><strong>Vidua</strong></span> <span class='ocrx_word' id='word_1_329' title='bbox 411 4106 538 4184; x_wconf 75' lang='lat' dir='ltr'><strong>cogimus</strong></span> <span class='ocrx_word' id='word_1_330' title='bbox 552 4107 587 4166; x_wconf 87' lang='lat' dir='ltr'><strong>de</strong></span> <span class='ocrx_word' id='word_1_331' title='bbox 600 4106 704 4184; x_wconf 88' lang='lat' dir='ltr'><strong>copula</strong></span> <span class='ocrx_word' id='word_1_332' title='bbox 722 4107 816 4165; x_wconf 90' lang='lat' dir='ltr'><strong>habita</strong></span> <span class='ocrx_word' id='word_1_333' title='bbox 835 4114 963 4182; x_wconf 89' lang='lat' dir='ltr'><strong>tempore</strong></span> <span class='ocrx_word' id='word_1_334' title='bbox 977 4101 1150 4164; x_wconf 89' lang='lat' dir='ltr'><strong>matrimonii</strong></span> <span class='ocrx_word' id='word_1_335' title='bbox 1164 4115 1267 4179; x_wconf 86' lang='lat' dir='ltr'><strong>peccet</strong></span> 
     </span>
    </p>
   </div>
   <div class='ocr_carea' id='block_1_3' title="bbox 208 4286 1208 4440">
    <p class='ocr_par' dir='ltr' id='par_1_7' title="bbox 208 4286 1208 4440">
     <span class='ocr_line' id='line_1_38' title="bbox 211 4286 1208 4357; baseline 0 -21"><span class='ocrx_word' id='word_1_336' title='bbox 211 4286 252 4351; x_wconf 94' lang='lat' dir='ltr'><strong>(l)</strong></span> <span class='ocrx_word' id='word_1_337' title='bbox 266 4286 293 4336; x_wconf 79' lang='grc'><strong>8.</strong></span> <span class='ocrx_word' id='word_1_338' title='bbox 305 4286 380 4352; x_wconf 83' lang='lat' dir='ltr'><strong>Alph.</strong></span> <span class='ocrx_word' id='word_1_339' title='bbox 391 4289 406 4338; x_wconf 91' lang='lat'><strong>1.</strong></span> <span class='ocrx_word' id='word_1_340' title='bbox 419 4306 441 4338; x_wconf 86' lang='lat' dir='ltr'><strong>v.</strong></span> <span class='ocrx_word' id='word_1_341' title='bbox 453 4305 474 4340; x_wconf 88' lang='lat' dir='ltr'><strong>c.</strong></span> <span class='ocrx_word' id='word_1_342' title='bbox 487 4291 576 4342; x_wconf 75' lang='lat' dir='ltr'><strong>1.dun</strong></span> <span class='ocrx_word' id='word_1_343' title='bbox 588 4291 612 4350; x_wconf 87' lang='lat' dir='ltr'><strong>ii,</strong></span> <span class='ocrx_word' id='word_1_344' title='bbox 624 4298 665 4340; x_wconf 86' lang='lat' dir='ltr'><strong>ert</strong></span> <span class='ocrx_word' id='word_1_345' title='bbox 678 4290 727 4342; x_wconf 78' lang='lat' dir='ltr'><strong>iu</strong></span> <span class='ocrx_word' id='word_1_346' title='bbox 739 4293 777 4340; x_wconf 85' lang='grc'><strong>14.</strong></span> <span class='ocrx_word' id='word_1_347' title='bbox 881 4292 924 4357; x_wconf 76' lang='grc'><strong>(2)</strong></span> <span class='ocrx_word' id='word_1_348' title='bbox 944 4290 970 4340; x_wconf 84' lang='lat' dir='ltr'><strong>S.</strong></span> <span class='ocrx_word' id='word_1_349' title='bbox 982 4289 1058 4356; x_wconf 83' lang='lat' dir='ltr'><strong>Alph.</strong></span> <span class='ocrx_word' id='word_1_350' title='bbox 1070 4289 1086 4338; x_wconf 94' lang='lat' dir='ltr'><strong>l.</strong></span> <span class='ocrx_word' id='word_1_351' title='bbox 1098 4304 1121 4338; x_wconf 85' lang='lat' dir='ltr'><strong>v.</strong></span> <span class='ocrx_word' id='word_1_352' title='bbox 1132 4305 1158 4339; x_wconf 91' lang='grc' dir='ltr'>ιι.</span> <span class='ocrx_word' id='word_1_353' title='bbox 1169 4287 1208 4336; x_wconf 75' lang='lat' dir='ltr'><strong>lo.</strong></span> 
     </span>
     <span class='ocr_line' id='line_1_39' title="bbox 208 4370 737 4440; baseline 0.011 -20"><span class='ocrx_word' id='word_1_354' title='bbox 208 4371 251 4440; x_wconf 76' lang='lat'><strong>(2)</strong></span> <span class='ocrx_word' id='word_1_355' title='bbox 274 4374 296 4423; x_wconf 93' lang='lat'><strong>1.</strong></span> <span class='ocrx_word' id='word_1_356' title='bbox 306 4370 330 4424; x_wconf 76' lang='lat'><strong>2.</strong></span> <span class='ocrx_word' id='word_1_357' title='bbox 342 4389 383 4438; x_wconf 88' lang='lat' dir='ltr'><strong>qu.</strong></span> <span class='ocrx_word' id='word_1_358' title='bbox 395 4374 469 4424; x_wconf 76' lang='lat' dir='ltr'><strong>lxxiv.</strong></span> <span class='ocrx_word' id='word_1_359' title='bbox 482 4384 527 4426; x_wconf 85' lang='lat' dir='ltr'><strong>art.</strong></span> <span class='ocrx_word' id='word_1_360' title='bbox 538 4375 587 4426; x_wconf 81' lang='lat' dir='ltr'><strong>viii.</strong></span> <span class='ocrx_word' id='word_1_361' title='bbox 598 4376 647 4428; x_wconf 79' lang='lat' dir='ltr'><strong>Eat</strong></span> <span class='ocrx_word' id='word_1_362' title='bbox 658 4374 737 4427; x_wconf 82' lang='lat' dir='ltr'><strong>enim.</strong></span> 
     </span>
    </p>
   </div>
   <div class='ocr_carea' id='block_1_4' title="bbox 0 0 1542 5260">
    <p class='ocr_par' dir='ltr' id='par_1_8' title="bbox 0 0 1542 5260">
     <span class='ocr_line' id='line_1_40' title="bbox 0 0 1542 5260; baseline 0 1"><span class='ocrx_word' id='word_1_363' title='bbox 0 0 1542 5260; x_wconf 95' lang='lat' dir='ltr'><strong> </strong></span> 
     </span>
    </p>
   </div>
  </div>
 </body>
</html>
