3046 5262
285 465 346 522 att
543 457 602 519 ΒΕ
622 457 825 518 GENTIUM
843 453 1117 516 eoMMERcto.

281 622 558 702 justitiareipuhlioae
569 621 653 690 favet,
662 616 728 681 nain
738 623 939 681 omniamunia
948 621 1053 680 civium
1064 629 1193 680 tenentur
1203 622 1359 700 persolvere,

286 742 374 797 quum
387 721 545 800 privilegiis
554 721 725 800 juribusque
738 739 772 779 ea
784 721 945 783 conditione
959 720 1094 778 fruantur.

324 827 374 880 21.
395 821 451 882 Rei
464 821 515 894 qui
525 821 564 880 'ad
577 839 690 898 planam
699 820 855 880 facinorum
868 818 1064 880 declinandam
1076 821 1105 878 in
1118 820 1187 878 alias
1200 820 1321 879 nationes
1332 839 1358 878 sc

285 922 445 989 conserunt,
459 921 627 998 plerumque
648 919 792 979 traduntur
809 921 940 998 principi.
953 920 1117 996 postulanti,
1138 928 1170 976 ut
1189 920 1219 977 in
1233 918 1358 996 judicium

285 1025 435 1082 sistantur:
457 1022 505 1094 qui
518 1039 582 1079 mos
602 1017 637 1076 ad
654 1019 704 1095 jus
723 1020 850 1096 gentium
870 1027 964 1097 potest
981 1019 1090 1077 referri.
1132 1018 1263 1076 Attamen
1275 1019 1317 1091 qui
1328 1018 1358 1074 oh

287 1121 388 1180 delicta
401 1138 464 1195 quae
486 1119 601 1198 politica
612 1117 752 1185 dicuntur,
767 1127 929 1192 queruntur
937 1116 1095 1196 judicandi,
1110 1136 1169 1176 non
1184 1117 1272 1176 solent
1283 1137 1298 1179 a
1309 1117 1359 1174 Gu-

285 1223 384 1279 bernio
402 1229 498 1278 nostro
522 1215 608 1276 tradi:
638 1217 714 1288 quod
737 1226 831 1276 tamen
851 1218 1025 1278 facinorosos
1051 1218 1121 1275 alios
1143 1215 1222 1275 haud
1246 1217 1357 1294 protegit.

287 1319 430 1378 Oaeterum
456 1317 533 1374 nulla
550 1315 614 1392 lege
635 1317 759 1391 generali
780 1311 945 1376 definitur:¹
964 1314 1017 1373 sed
1035 1315 1152 1393 speciali
1177 1316 1271 1374 Status
1294 1315 1357 1372 Neo

286 1416 448 1476 Eboraceni
460 1407 539 1492 lege²
551 1422 685 1472 statutum
699 1425 752 1483 cat,
766 1434 816 1473 cos
827 1413 977 1475 tradendos
985 1415 1034 1487 qui
1044 1415 1223 1491 postulantur
1234 1416 1272 1473 rei
1282 1413 1358 1472 homi·

285 1516 362 1584 cithi,
373 1525 421 1573 aut
428 1514 547 1574 aliorum
557 1513 707 1572 criminum
719 1533 781 1588 quae
792 1515 902 1591 legibus
913 1514 993 1572 istius
1004 1513 1100 1572 Status
1108 1515 1263 1590 puniuntur
1273 1521 1358 1570 morte.

285 1615 406 1673 Constat
418 1621 511 1670 autem
525 1612 639 1671 nonnisi
652 1614 682 1670 in
695 1613 759 1670 loco
772 1614 803 1671 in
817 1631 874 1686 quo
888 1613 1047 1671 admissum
1060 1621 1103 1670 est
1116 1613 1226 1671 crimen
1235 1610 1359 1690 judicium

284 1711 457 1774 habendum.
499 1712 576 1771 Inter
590 1711 686 1768 Status
699 1711 849 1770 soederatos
862 1713 1005 1779 convenit,
1025 1721 1057 1770 ut
1076 1713 1127 1779 rei,
1143 1713 1297 1794 postulante¹
1310 1710 1360 1768 Gu-

285 1815 441 1879 bernatore,
455 1811 608 1879 tradantur,
623 1809 659 1868 ad
673 1810 784 1870 Statum
797 1810 950 1872 reducendi
963 1811 1012 1870 ubi
1026 1809 1180 1885 deliquisse
1194 1810 1325 1870 dicuntur.

321 2000 363 2063 (l)
382 2002 397 2028 ‘⁶
405 1993 454 2046 Mr.
465 1996 481 2046 J
483 1996 559 2046 urtice
571 1994 644 2059 Story
656 1995 716 2045 citas
726 1993 767 2044 the
784 1993 927 2056 conflicting
935 1993 1085 2055 authorities,
1102 1993 1163 2045 both
1173 1994 1269 2058 foreign
1277 1993 1320 2044 and
1328 1989 1362 2041 do·

283 2083 377 2141 ursatio,
386 2097 419 2131 on
428 2079 477 2130 thia
487 2079 631 2142 interesting
639 2079 769 2142 quastion3
786 2080 829 2130 but
840 2078 963 2130 intimatos
974 2095 1008 2130 no
1020 2078 1144 2146 opinion.”
1179 2079 1268 2130 Kent’a
1279 2076 1360 2129 Corum·

286 2168 338 2218 Vol.
351 2168 368 2216 i.
379 2182 404 2216 n.
415 2167 456 2214 ot.
491 2164 559 2214 Note.

321 2253 363 2317 (2)
383 2253 399 2298 5
412 2248 490 2313 April,
504 2247 576 2308 1⁸22,
585 2247 624 2298 ch.
637 2247 691 2297 148.

320 2338 362 2401 (3)
382 2333 431 2383 “A
442 2349 529 2398 person
542 2333 646 2396 charged
658 2335 684 2383 in
694 2349 742 2397 any
752 2341 813 2383 state
824 2333 884 2383 with
897 2343 1000 2393 naason,
1009 2335 1099 2398 selony,
1111 2350 1137 2383 or
1149 2333 1218 2384 other
1234 2334 1308 2391 crime,
1315 2329 1363 2379 who

285 2421 346 2472 shall
357 2421 403 2468 doc
414 2419 475 2466 from
484 2419 582 2482 justice,
594 2419 642 2468 and
654 2419 684 2467 he
696 2418 772 2467 found
784 2418 810 2467 in
822 2418 923 2468 another
932 2427 1000 2476 state,
1013 2419 1082 2477 shall,
1092 2435 1124 2469 on
1134 2419 1241 2469 demand
1253 2418 1321 2468 ottho
1330 2429 1363 2464 ex·

283 2505 378 2558 acutius
387 2501 509 2566 authority
521 2502 549 2551 os
557 2503 599 2552 tha
611 2518 678 2552 sama
689 2511 750 2552 state
761 2502 823 2552 from
835 2502 917 2552 which
928 2503 960 2552 he
972 2505 1027 2564 fied,
1041 2506 1069 2554 be
1080 2504 1199 2554 delivered
1212 2519 1255 2568 up,
1266 2511 1289 2552 to
1299 2504 1324 2550 hc
1334 2515 1363 2548 ra·

283 2588 369 2640 moved
378 2594 404 2638 to
411 2585 453 2636 thc
464 2591 525 2636 atate
534 2585 625 2648 hasim
632 2585 786 2652 jurisdiction
799 2586 827 2634 os
834 2585 875 2636 tha
886 2585 985 2636 crims.‘'
1017 2587 1184 2638 Constitution
1196 2587 1224 2637 os
1230 2587 1269 2637 the
1281 2581 1358 2636 Unitad

284 2672 402 2726 suu-or
409 2671 531 2724 Amorion.
565 2671 618 2722 Art.
631 2672 662 2722 iv.
679 2669 717 2740 Of
722 2669 850 2740 fugitives
862 2669 933 2740 from
943 2671 1046 2722 Juttice.
