3078 5258
715 1236 856 1296 CAPUT
877 1236 916 1296 Il.

621 1471 660 1510 DE
681 1471 784 1510 Ludunt
804 1467 1018 1510 OBLIGATIONE.

500 1728 506 1740 .
549 1686 607 1760 51.
629 1685 676 1745 De
698 1703 953 1744 rnouuroarroun
974 1702 1087 1742 33333.

316 1885 363 1940 13.
386 1879 530 1941 Consum
562 1883 782 1961 promulgandas
816 1901 879 1940 esse
909 1882 988 1958 leges
1014 1879 1222 1938 ecclesiasticas
1252 1889 1284 1938 ut
1308 1883 1362 1938 vim

273 1980 403 2038 habeant.
446 1981 517 2047 Quae
537 2002 554 2038 3
573 1983 712 2040 Pontifice
732 1983 866 2049 feruntur,
888 1980 1101 2056 promulgantur
1121 1979 1240 2046 Romae,
1254 1978 1363 2037 decreto

274 2077 308 2136 ad
322 2079 417 2135 valvas
438 2079 470 2135 S.
492 2079 571 2136 Petri
593 2081 717 2139 basilicae
739 2079 836 2136 affixo.
879 2079 983 2137 Utrum
1006 2079 1066 2136 vim
1085 2078 1189 2150 ubique
1210 2078 1361 2145 obtineant,

273 2176 368 2233 statim
381 2196 413 2234 ac
427 2177 578 2234 innotuerit
591 2197 624 2234 ea
643 2177 842 2255 promulgatio,
856 2196 901 2234 res
920 2187 964 2234 est
983 2186 1171 2235 controversa.
1213 2176 1364 2234 Affirmant

274 2273 401 2350 plerique
416 2275 539 2333 Romani
558 2276 683 2356 theologi
696 2276 789 2333 verbis
805 2275 981 2334 decretorum
994 2276 1105 2342 innixi3
1126 2275 1228 2348 quibus
1241 2273 1365 2332 adhaeret

274 2371 424 2430 Suaresius
438 2392 503 2431 cum
517 2373 579 2431 aliis
590 2369 615 2431 :¹
635 2376 686 2434 sed
699 2373 893 2432 contradicunt
912 2375 1001 2431 exteri
1021 2374 1147 2451 plurimi,
1162 2373 1362 2431 contendentes

275 2471 463 2529 necessariam
470 2489 534 2528 esse
542 2473 697 2551 insingulis
708 2473 862 2549 provinciis
871 2472 1128 2550 promulgationem
1136 2491 1188 2549 per
1196 2473 1345 2549 episcopos
1355 2493 1361 2539 ;

274 2588 362 2643 quum
375 2571 448 2628 hanc
463 2571 584 2648 postulet
596 2591 681 2630 suave
701 2569 841 2630 Ecclesiae
862 2572 1000 2648 regimen,
1022 2581 1049 2628 et
1068 2571 1257 2648 imperialium
1271 2571 1362 2628 decre·

277 2678 368 2728 torum
389 2671 491 2730 similis
515 2671 552 2728 sit
569 2665 666 2730 rati0.²
705 2671 739 2730 Id
759 2671 936 2746 exploratum
958 2669 1067 2728 videtur
1088 2669 1186 2728 fideles
1213 2690 1230 2726 a
1255 2670 1364 2747 legibus

276 2770 421 2828 servandis
444 2771 542 2839 eximi,
567 2770 700 2844 quamdiu
723 2770 860 2846 episcopi,
882 2769 1016 2845 pontifice
1036 2769 1112 2827 haud
1130 2768 1298 2844 refragante,
1319 2787 1365 2826 eas

274 2870 437 2927 executioni
450 2870 659 2928 demandandas
673 2889 732 2928 non
745 2879 862 2934 curent;
884 2888 951 2926 nam
970 2866 1113 2926 bonafide
1127 2868 1181 2924 sibi
1195 2867 1364 2943 persuadere

274 2975 395 3038 possunt
414 2966 557 3041 pontificis
577 2976 701 3024 mentem
722 2985 780 3024 non
801 2985 864 3023 esse
887 2975 918 3024 ut
940 2985 1036 3024 earum
1060 2967 1239 3024 observantia
1261 2968 1365 3039 ubique

273 3062 412 3136 exigatur.
456 3062 574 3128 Quodsi
583 3065 714 3122 noverint
725 3065 892 3140 episcopum
903 3065 1055 3141 pontificiae
1061 3065 1187 3140 jussioni
1196 3085 1364 3142 repugnare,

273 3159 411 3234 principis
426 3161 523 3236 gratia,
538 3162 583 3219 vel
596 3162 721 3221 humano
742 3163 837 3235 aliquo
851 3162 954 3231 studio,
969 3164 1100 3221 videntur
1120 3165 1209 3222 teneri
1223 3164 1258 3221 ad
1272 3166 1366 3242 legem

274 3258 452 3328 servandam,
467 3269 605 3333 quatenus
619 3263 746 3338 possint:
768 3281 822 3320 nec
836 3263 913 3320 enim
926 3263 968 3320 sas
982 3272 1068 3331 estut
1081 3263 1221 3322 inferioris
1235 3265 1364 3340 praesulis

274 3357 437 3434 pertinacia,
458 3359 504 3418 vel
529 3361 617 3420 animi
642 3361 813 3430 infirmitate,
841 3363 968 3437 supremi
988 3363 1105 3420 rectoris
1126 3363 1267 3421 Ecclesiae
1283 3363 1364 3438 jussa

274 3459 350 3518 irrita
375 3459 452 3518 fiant.
495 3459 599 3518 Peccat
624 3461 706 3537 plane
733 3462 896 3538 episcopus,
918 3461 978 3532 qui,
997 3462 1075 3536 justa
1101 3480 1185 3518 causa
1206 3461 1283 3518 haud
1309 3462 1365 3518 sul·

226 3585 228 3594 ·
273 3557 410 3635 fragante,
430 3560 508 3636 leges
530 3561 690 3636 pontificias
710 3561 830 3638 negligit
849 3559 1044 3636 promulgare:
1066 3561 1145 3636 gravi
1165 3569 1259 3617 autem
1273 3561 1363 3618 immi·

274 3666 358 3712 nente
368 3655 559 3723 incommodo,
574 3659 657 3716 debet
670 3658 862 3717 difficultatem
876 3658 1004 3734 pontifici
1018 3654 1149 3716 reserre.⁸

316 3755 362 3809 14.
385 3753 456 3819 Quae
476 3753 602 3812 Bullario
623 3759 732 3814 insertae
753 3767 818 3815 sunt
836 3758 916 3834 leges
939 3758 1091 3834 pontificiae
1113 3756 1149 3813 ad
1168 3776 1272 3834 corpus
1291 3759 1361 3834 juris

273 3861 425 3912 censentur
437 3852 588 3928 pertinere,
603 3853 723 3926 ideoque
736 3856 840 3928 ubique
855 3858 981 3914 obtinere
992 3851 1076 3924 vim.⁴
1117 3856 1188 3922 Quae
1199 3857 1284 3914 etiam
1298 3875 1361 3914 con·

273 3953 436 4012 suetudines
450 3951 570 4010 inducte
584 3962 659 4021 sunt,
673 3953 857 4030 promulgate
867 3955 1015 4013 habentur.
1059 3955 1130 4021 Quae
1140 3953 1362 4013 vcrdconsuetu-
1411 3956 1417 3968 “

273 4049 338 4108 dine
352 4054 490 4110 contraria
503 4054 640 4130 abrogatae
655 4064 721 4112 sunt
734 4054 846 4122 alicubi,
861 4054 905 4111 vel
920 4073 983 4127 quae
997 4073 1143 4126 nunquam
1156 4055 1186 4112 in
1198 4073 1285 4113 usum
1299 4062 1362 4112 sunt

309 4233 350 4300 (l)
370 4233 409 4282 De
420 4233 481 4296 Leg.
493 4235 507 4283 l.
520 4235 552 4284 iv.
565 4253 587 4286 c.
599 4255 638 4290 xv.
651 4242 674 4290 3.
846 4303 852 4314 ⁸
895 4239 936 4304 (2)
957 4238 1065 4288 Authen.
1079 4240 1137 4291 lxvi.
1171 4239 1263 4290 Juetin.

308 4317 349 4382 (³)
369 4315 461 4366 Bened.
471 4318 521 4367 xiv.
532 4319 562 4368 de
572 4319 633 4383 Syn.
645 4323 661 4371 1.
672 4323 705 4372 ix.
714 4340 735 4373 c.
747 4324 818 4382 viiit
830 4323 864 4373 iii.
873 4323 905 4372 iv.
943 4322 1004 4372 Vide
1015 4331 1040 4374 et
1051 4323 1149 4374 Suares.
1161 4325 1178 4375 l.
1189 4325 1221 4374 iv.
1235 4341 1257 4376 e.
1266 4340 1307 4374 xv.
1320 4326 1341 4371 6.

307 4401 349 4466 (4)
370 4401 396 4450 S.
409 4401 483 4468 Alph.
496 4404 511 4452 l.
522 4403 537 4453 i.
549 4402 638 4456 Theol.
649 4405 712 4457 Mor.
723 4422 749 4457 n.
757 4410 797 4456 96.
833 4407 883 4458 Sed
893 4407 1016 4476 queritur
1031 4412 1051 4456 1.
