3076 5260
604 1378 747 1440 CAPUT
767 1379 808 1440 ll.

424 1595 462 1635 DE
484 1594 739 1637 ostren‘noninus
759 1597 992 1637 Runicrosonurr.

516 1815 569 1890 §L
612 1815 660 1874 Du
682 1834 895 1874 enornssroun.

200 2015 249 2069 49.
272 2013 298 2070 A
312 2029 487 2070 enruorrnns
501 2011 642 2072 Ecclesiae
657 2012 771 2072 hierunt
789 2014 838 2086 qui
851 2013 968 2071 virtutes
982 2013 1090 2074 eximio
1102 2014 1196 2074 studio
1209 2034 1255 2076 eo·

158 2111 258 2179 lerent,
273 2120 301 2168 et
314 2112 442 2169 severius
456 2112 520 2170 vitae
535 2131 625 2189 genus
645 2113 892 2189 amplecterentur,
908 2133 1017 2186 essesut
1030 2133 1047 2171 a
1059 2113 1192 2173 virtutum
1206 2133 1255 2174 ex·

161 2210 260 2268 ercitio
273 2211 441 2288 nuncupati,
456 2211 506 2285 qui
520 2212 657 2271 tamenin
670 2230 760 2270 unum
779 2231 882 2288 corpus
902 2231 961 2272 non
974 2214 1148 2281 coaluerunt,
1162 2213 1257 2274 sedin

160 2310 246 2367 variis
260 2310 323 2367 vitae
337 2308 470 2387 gradibus
484 2310 550 2370 Deo
569 2311 767 2370 inservierunt.
811 2311 912 2370 Medio
931 2314 1038 2373 seculo
1057 2313 1140 2371 tertio
1159 2331 1255 2372 mona-

157 2408 277 2467 chorum
291 2410 412 2468 instituti
433 2410 513 2487 origo
533 2410 705 2488 adsignatum
726 2411 870 2469 nonnullis
890 2412 920 2469 in
939 2411 1121 2472 solitudinem
1136 2429 1168 2470 se
1181 2414 1252 2471 reci-

160 2507 304 2584 pientibus
319 2518 350 2567 ut
361 2508 447 2566 Decii
461 2502 689 2585 persecutionem
709 2509 892 2580 declinarent,
907 2511 955 2569 ubi
968 2511 1105 2588 deinceps
1125 2530 1256 2588 perrexe-

160 2615 226 2665 runt
239 2609 353 2666 coeleste
374 2609 438 2666 vitae
453 2627 553 2686 genus,
567 2608 797 2667 meditationibus
821 2618 849 2666 et
872 2609 955 2668 variis
970 2611 1083 2686 pietatis
1103 2611 1256 2677 exercitiis,

161 2707 274 2764 sectari.
296 2707 402 2774 Quarto
413 2717 441 2765 et
451 2708 550 2780 quinto
560 2708 665 2766 saeculc
676 2709 835 2783 monastiea
848 2707 971 2766 floruere
981 2707 1082 2776 studia,
1096 2708 1127 2764 in
1139 2707 1256 2766 Oriente

161 2806 316 2881 imprimis,
331 2805 433 2864 deinde
446 2825 497 2884 per
511 2807 708 2866 Occidentem.
751 2806 915 2866 Undecimo
929 2808 1034 2866 saeculo
1048 2804 1188 2864 Canonici
1201 2805 1258 2864 Re·

162 2905 276 2980 gulares
289 2905 408 2962 instituti
422 2915 506 2974 sunt;
528 2924 600 2979 quos
614 2907 702 2966 secuti
722 2916 789 2964 sunt
802 2906 905 2965 saeculo
919 2906 1032 2967 decimo
1046 2905 1127 2964 tertio
1141 2906 1255 2964 ineunte

163 3004 195 3061 S.
207 3004 356 3062 Dominici
366 3013 394 3060 et
407 3005 439 3062 S.
453 3003 600 3063 Francisci
612 3006 685 3064 socii
698 3015 726 3063 et
735 3005 881 3082 discipuli,
895 3005 981 3065 etalii
995 3005 1110 3084 plurimi
1123 3003 1259 3084 deinceps

165 3102 198 3161 ad
212 3113 307 3162 nostra
323 3122 414 3176 usque
428 3101 582 3181 tempora.¹
1190 3173 1192 3178 .

204 3208 252 3260 50.
274 3203 370 3262 Status
384 3204 533 3280 religiosus
547 3203 649 3261 dicitur
669 3212 687 3239 ‘⁶
698 3203 807 3262 Stabile
828 3205 892 3261 vitae
912 3205 1081 3270 institutum,
1096 3211 1125 3260 et
1137 3204 1257 3262 tendens

166 3299 200 3359 ad
213 3301 414 3378 perfectionem
438 3301 620 3361 christianam
640 3321 692 3379 per
712 3302 765 3359 tria
783 3311 848 3360 vota
870 3301 1013 3370 castitatis,
1027 3303 1211 3377 paupertatis,
1232 3312 1261 3360 et

165 3401 366 3461 obedientiae.”
388 3401 443 3460 lta
457 3392 608 3460 Annine?
648 3401 724 3460 Vota
736 3400 876 3460 solemnia
889 3401 1056 3478 plerumque
1069 3399 1259 3472 requiruntur;

199 3570 241 3635 (l)
254 3569 319 3619 Vide
333 3569 422 3619 Devoti
434 3569 493 3618 lust
512 3569 578 3619 luris
597 3567 660 3619 Gen.
674 3570 689 3619 l.
707 3569 723 3618 i.
735 3569 772 3620 tit.
786 3568 818 3618 ir.
829 3568 960 3618 Consentit
971 3566 1128 3630 Binghsmus
1145 3566 1261 3632 Antiqui·

163 3656 216 3712 ties,
228 3657 244 3705 l.
254 3656 296 3706 vii.
308 3673 330 3707 c.
344 3657 366 3704 1,

199 3745 235 3800 (2)
247 3740 330 3792 'l'ract-
345 3741 376 3792 de
387 3743 460 3804 oblig.
473 3757 494 3792 c.
505 3741 530 3792 ll.
542 3741 665 3792 Audiatur
675 3747 700 3792 e't
707 3741 800 3806 Teylor
807 3739 838 3791 de
847 3739 993 3805 perfectione
1000 3739 1121 3790 disserens
1132 3755 1139 3787 τ
1157 3746 1172 3770 “
1180 3736 1262 3789 There

162 3839 202 3874 sre
214 3825 239 3876 in
251 3827 293 3876 the
305 3842 415 3876 sermons
427 3827 455 3876 ol
468 3827 551 3877 Christ
563 3842 631 3877 some
642 3827 766 3877 instances
783 3827 812 3876 os
825 3825 905 3876 dutios
916 3826 1008 3884 which,
1018 3823 1139 3887 although
1147 3824 1206 3888 they
1218 3839 1259 3874 sse

162 3927 313 3976 pursusnces
330 3913 359 3962 ol
373 3915 419 3962 lew
432 3913 480 3963 aud
498 3913 567 3978 duty,
578 3921 621 3978 yet
637 3914 665 3964 in
682 3913 745 3964 their
761 3928 818 3962 own
839 3912 947 3963 material
964 3912 1060 3962 natussl
1077 3910 1151 3972 being
1162 3925 1202 3958 ere
1218 3917 1263 3961 not

163 3995 231 4054 lewe,
240 3997 285 4046 but
295 3997 354 4046 both
366 3997 393 4046 in
405 3996 446 4046 the
458 3997 545 4060 degree
557 3997 664 4067 implied‚
675 3997 724 4047 end
737 3997 764 4046 in
776 3997 817 4047 the
829 3997 940 4046 instance
959 3993 1087 4060 expressed
1098 4009 1139 4044 ere
1150 3997 1264 4046 eounsels

72 4098 76 4106 ·
163 4082 320 4144 evangelicu,
328 4091 354 4132 to
366 4083 448 4132 which
459 4099 497 4132 we
509 4099 549 4133 ere
561 4083 655 4134 invited
669 4084 701 4147 by
718 4089 786 4145 great
803 4081 915 4140 rewerds,
932 4083 977 4131 bnt
988 4087 1033 4130 not
1044 4079 1141 4143 obliged
1152 4087 1179 4130 to
1195 4080 1263 4133 them

163 4168 243 4218 under
253 4168 295 4220 the
307 4184 395 4234 proper
405 4170 524 4234 penaltlee
536 4170 565 4218 ol
577 4170 619 4219 the
630 4169 685 4220 lass.
720 4167 789 4217 Such
800 4183 840 4217 are
858 4167 959 4229 making
970 4165 1093 4218 oursolvss
1105 4167 1218 4217 eunucha
1228 4168 1265 4218 lor

162 4253 204 4308 the
215 4253 335 4315 kingdom
347 4254 376 4302 os
389 4253 495 4315 heaven,
505 4255 595 4317 selllng
612 4250 644 4304 all
655 4253 704 4304 end
721 4251 806 4314 giving
817 4253 837 4302 it
853 4260 879 4301 to
891 4251 932 4300 the
949 4267 1017 4316 poor.
1051 4249 1107 4301 'l'he
1118 4251 1199 4302 dntim
1216 4252 1264 4304 sud

162 4340 224 4388 lsws
235 4338 293 4388 here
302 4338 415 4400 siguified
426 4355 467 4389 sre
479 4339 592 4404 chastity,
604 4338 707 4403 chesity,
717 4346 843 4402 contempt
855 4335 883 4386 ol'
897 4336 939 4387 the
955 4336 1041 4398 world,
1050 4337 1102 4387 ml
1112 4336 1149 4387 lor
1161 4337 1202 4388 the
1211 4353 1264 4402 pro·

163 4425 279 4490 pagetion
295 4425 323 4474 ol
331 4425 373 4475 the
384 4428 487 4491 gosps13
504 4425 545 4478 the
556 4427 647 4476 virtues
658 4425 805 4476 themselves
817 4439 857 4475 ere
869 4423 944 4474 direct
954 4423 1044 4486 dnties,
1056 4423 1105 4474 end
1117 4423 1194 4474 under
1205 4424 1266 4474 leves

204 4519 283 4578 Von.
304 4519 410 4578 l.-3l
