<?xml version="1.0" encoding="UTF-8"?>
<!DOCTYPE html PUBLIC "-//W3C//DTD XHTML 1.0 Transitional//EN"
    "http://www.w3.org/TR/xhtml1/DTD/xhtml1-transitional.dtd">
<html xmlns="http://www.w3.org/1999/xhtml" xml:lang="en" lang="en">
 <head>
  <title>
</title>
<meta http-equiv="Content-Type" content="text/html;charset=utf-8" />
  <meta name='ocr-system' content='tesseract 3.04.00' />
  <meta name='ocr-capabilities' content='ocr_page ocr_carea ocr_par ocr_line ocrx_word'/>
</head>
<body>
  <div class='ocr_page' id='page_1' title='image "./theologiaemoral03kenrgoog_0182.png"; bbox 0 0 3078 5258; ppageno 0'>
   <div class='ocr_carea' id='block_1_1' title="bbox 412 426 1319 536">
    <p class='ocr_par' dir='ltr' id='par_1_1' title="bbox 412 426 1319 536">
     <span class='ocr_line' id='line_1_1' title="bbox 412 426 1319 536; baseline 0.004 -5"><span class='ocrx_word' id='word_1_1' title='bbox 412 471 471 531; x_wconf 77' lang='lat' dir='ltr'><strong>aa</strong></span> <span class='ocrx_word' id='word_1_2' title='bbox 492 426 746 530; x_wconf 75' lang='lat' dir='ltr'><strong>rorssrr&#39;rs</strong></span> <span class='ocrx_word' id='word_1_3' title='bbox 767 469 906 530; x_wconf 71' lang='lat' dir='ltr'><strong>acces</strong></span> <span class='ocrx_word' id='word_1_4' title='bbox 926 469 1128 532; x_wconf 67' lang='lat' dir='ltr'><strong>saraam.</strong></span> <span class='ocrx_word' id='word_1_5' title='bbox 1263 479 1319 536; x_wconf 80' lang='lat' dir='ltr'><strong>rsa</strong></span> 
     </span>
    </p>
   </div>
   <div class='ocr_carea' id='block_1_2' title="bbox 213 635 1406 1699">
    <p class='ocr_par' dir='ltr' id='par_1_2' title="bbox 214 635 1406 1010">
     <span class='ocr_line' id='line_1_2' title="bbox 218 635 1406 715; baseline 0 -17"><span class='ocrx_word' id='word_1_6' title='bbox 218 635 438 715; x_wconf 87' lang='lat' dir='ltr'><strong>adipiscendum</strong></span> <span class='ocrx_word' id='word_1_7' title='bbox 451 637 490 694; x_wconf 84' lang='lat' dir='ltr'><strong>sit</strong></span> <span class='ocrx_word' id='word_1_8' title='bbox 509 635 697 703; x_wconf 85' lang='lat' dir='ltr'><strong>necessarius,</strong></span> <span class='ocrx_word' id='word_1_9' title='bbox 718 653 755 691; x_wconf 87' lang='lat' dir='ltr'><strong>v:</strong></span> <span class='ocrx_word' id='word_1_10' title='bbox 777 654 811 710; x_wconf 87' lang='lat' dir='ltr'><strong>g:</strong></span> <span class='ocrx_word' id='word_1_11' title='bbox 835 637 921 694; x_wconf 88' lang='lat' dir='ltr'><strong>animi</strong></span> <span class='ocrx_word' id='word_1_12' title='bbox 944 639 1139 712; x_wconf 79' lang='lat' dir='ltr'><strong>penitentiam</strong></span> <span class='ocrx_word' id='word_1_13' title='bbox 1163 637 1232 698; x_wconf 88' lang='lat' dir='ltr'><strong>dum</strong></span> <span class='ocrx_word' id='word_1_14' title='bbox 1258 641 1321 711; x_wconf 81' lang='lat' dir='ltr'><strong>quis</strong></span> <span class='ocrx_word' id='word_1_15' title='bbox 1403 707 1406 714; x_wconf 22' lang='grc' dir='ltr'>Ι</span> 
     </span>
     <span class='ocr_line' id='line_1_3' title="bbox 214 731 1323 816; baseline -0.001 -20"><span class='ocrx_word' id='word_1_16' title='bbox 214 737 333 816; x_wconf 87' lang='lat' dir='ltr'><strong>jejunia</strong></span> <span class='ocrx_word' id='word_1_17' title='bbox 353 743 454 802; x_wconf 83' lang='lat' dir='ltr'><strong>servat,</strong></span> <span class='ocrx_word' id='word_1_18' title='bbox 469 733 651 792; x_wconf 86' lang='lat' dir='ltr'><strong>devotionem</strong></span> <span class='ocrx_word' id='word_1_19' title='bbox 674 733 741 793; x_wconf 90' lang='lat' dir='ltr'><strong>dum</strong></span> <span class='ocrx_word' id='word_1_20' title='bbox 759 731 850 790; x_wconf 81' lang='lat' dir='ltr'>adstat</span> <span class='ocrx_word' id='word_1_21' title='bbox 871 735 982 804; x_wconf 76' lang='lat' dir='ltr'><strong>Missa,</strong></span> <span class='ocrx_word' id='word_1_22' title='bbox 997 737 1042 794; x_wconf 83' lang='lat' dir='ltr'><strong>vel</strong></span> <span class='ocrx_word' id='word_1_23' title='bbox 1059 735 1239 796; x_wconf 78' lang='lat' dir='ltr'><strong>dumrecitat</strong></span> <span class='ocrx_word' id='word_1_24' title='bbox 1253 737 1323 795; x_wconf 89' lang='lat' dir='ltr'><strong>Bre-</strong></span> 
     </span>
     <span class='ocr_line' id='line_1_4' title="bbox 219 829 1323 908; baseline 0.002 -15"><span class='ocrx_word' id='word_1_25' title='bbox 219 837 353 895; x_wconf 86' lang='lat' dir='ltr'><strong>vian&#39;um.</strong></span> <span class='ocrx_word' id='word_1_26' title='bbox 396 833 455 899; x_wconf 84' lang='lat' dir='ltr'><strong>Qui</strong></span> <span class='ocrx_word' id='word_1_27' title='bbox 468 842 562 890; x_wconf 74' lang='lat' dir='ltr'><strong>tamen</strong></span> <span class='ocrx_word' id='word_1_28' title='bbox 574 833 682 908; x_wconf 83' lang='lat' dir='ltr'><strong>legeret</strong></span> <span class='ocrx_word' id='word_1_29' title='bbox 694 829 778 890; x_wconf 87' lang='lat' dir='ltr'><strong>illud¹</strong></span> <span class='ocrx_word' id='word_1_30' title='bbox 793 833 901 905; x_wconf 83' lang='lat' dir='ltr'><strong>absque</strong></span> <span class='ocrx_word' id='word_1_31' title='bbox 910 833 969 892; x_wconf 86' lang='lat' dir='ltr'><strong>ulla</strong></span> <span class='ocrx_word' id='word_1_32' title='bbox 978 833 1078 894; x_wconf 85' lang='lat' dir='ltr'>orandi</span> <span class='ocrx_word' id='word_1_33' title='bbox 1090 837 1248 895; x_wconf 77' lang='lat' dir='ltr'><strong>intentione</strong></span> <span class='ocrx_word' id='word_1_34' title='bbox 1263 853 1323 895; x_wconf 87' lang='lat' dir='ltr'><strong>non</strong></span> 
     </span>
     <span class='ocr_line' id='line_1_5' title="bbox 217 923 1079 1010; baseline -0.005 -16"><span class='ocrx_word' id='word_1_35' title='bbox 217 935 333 994; x_wconf 86' lang='lat' dir='ltr'>videtur</span> <span class='ocrx_word' id='word_1_36' title='bbox 345 931 509 990; x_wconf 80' lang='lat' dir='ltr'><strong>satisfacere</strong></span> <span class='ocrx_word' id='word_1_37' title='bbox 523 940 675 1008; x_wconf 72' lang='lat' dir='ltr'><strong>precepto,</strong></span> <span class='ocrx_word' id='word_1_38' title='bbox 690 929 767 1004; x_wconf 92' lang='lat' dir='ltr'>quod</span> <span class='ocrx_word' id='word_1_39' title='bbox 781 923 940 992; x_wconf 67' lang='lat' dir='ltr'><strong>orationem</strong></span> <span class='ocrx_word' id='word_1_40' title='bbox 954 935 1079 1010; x_wconf 77' lang='lat' dir='ltr'>respicit.</span> 
     </span>
    </p>

    <p class='ocr_par' dir='ltr' id='par_1_3' title="bbox 213 1029 1323 1699">
     <span class='ocr_line' id='line_1_6' title="bbox 267 1029 1321 1110; baseline 0.001 -21"><span class='ocrx_word' id='word_1_41' title='bbox 267 1038 313 1090; x_wconf 79' lang='lat'><strong>12.</strong></span> <span class='ocrx_word' id='word_1_42' title='bbox 335 1033 475 1098; x_wconf 82' lang='lat' dir='ltr'><strong>Quamvis</strong></span> <span class='ocrx_word' id='word_1_43' title='bbox 487 1031 566 1106; x_wconf 85' lang='lat' dir='ltr'><strong>leges</strong></span> <span class='ocrx_word' id='word_1_44' title='bbox 579 1029 688 1088; x_wconf 87' lang='lat' dir='ltr'><strong>serendi</strong></span> <span class='ocrx_word' id='word_1_45' title='bbox 700 1039 825 1106; x_wconf 77' lang='lat' dir='ltr'><strong>potestas</strong></span> <span class='ocrx_word' id='word_1_46' title='bbox 839 1034 914 1090; x_wconf 89' lang='lat' dir='ltr'><strong>circa</strong></span> <span class='ocrx_word' id='word_1_47' title='bbox 934 1041 1011 1088; x_wconf 86' lang='lat' dir='ltr'><strong>actus</strong></span> <span class='ocrx_word' id='word_1_48' title='bbox 1030 1043 1164 1091; x_wconf 77' lang='lat' dir='ltr'><strong>externos</strong></span> <span class='ocrx_word' id='word_1_49' title='bbox 1178 1035 1321 1110; x_wconf 71' lang='lat' dir='ltr'><strong>praecipue</strong></span> 
     </span>
     <span class='ocr_line' id='line_1_7' title="bbox 219 1127 1323 1208; baseline 0.002 -20"><span class='ocrx_word' id='word_1_50' title='bbox 219 1140 362 1198; x_wconf 85' lang='lat' dir='ltr'>versetur,</span> <span class='ocrx_word' id='word_1_51' title='bbox 376 1129 412 1186; x_wconf 87' lang='lat' dir='ltr'><strong>de</strong></span> <span class='ocrx_word' id='word_1_52' title='bbox 427 1129 529 1203; x_wconf 89' lang='lat' dir='ltr'><strong>quibus</strong></span> <span class='ocrx_word' id='word_1_53' title='bbox 544 1137 652 1187; x_wconf 86' lang='lat' dir='ltr'><strong>tantum</strong></span> <span class='ocrx_word' id='word_1_54' title='bbox 668 1127 797 1206; x_wconf 87' lang='lat' dir='ltr'><strong>judicare</strong></span> <span class='ocrx_word' id='word_1_55' title='bbox 810 1140 903 1204; x_wconf 82' lang='lat' dir='ltr'><strong>potest</strong></span> <span class='ocrx_word' id='word_1_56' title='bbox 916 1130 1060 1200; x_wconf 81' lang='lat' dir='ltr'><strong>Ecclesia,</strong></span> <span class='ocrx_word' id='word_1_57' title='bbox 1074 1133 1212 1208; x_wconf 73' lang='lat' dir='ltr'><strong>presules</strong></span> <span class='ocrx_word' id='word_1_58' title='bbox 1226 1143 1323 1190; x_wconf 80' lang='lat' dir='ltr'><strong>tamen</strong></span> 
     </span>
     <span class='ocr_line' id='line_1_8' title="bbox 213 1227 1323 1309; baseline -0.002 -21"><span class='ocrx_word' id='word_1_59' title='bbox 213 1235 270 1309; x_wconf 88' lang='lat' dir='ltr'><strong>jus</strong></span> <span class='ocrx_word' id='word_1_60' title='bbox 283 1230 389 1287; x_wconf 87' lang='lat' dir='ltr'><strong>habent</strong></span> <span class='ocrx_word' id='word_1_61' title='bbox 408 1230 517 1286; x_wconf 85' lang='lat' dir='ltr'><strong>animas</strong></span> <span class='ocrx_word' id='word_1_62' title='bbox 538 1227 664 1304; x_wconf 83' lang='lat' dir='ltr'><strong>regendi,</strong></span> <span class='ocrx_word' id='word_1_63' title='bbox 686 1234 833 1285; x_wconf 76' lang='lat' dir='ltr'><strong>ulcerum</strong></span> <span class='ocrx_word' id='word_1_64' title='bbox 854 1229 936 1288; x_wconf 82' lang='lat' dir='ltr'><strong>saluti</strong></span> <span class='ocrx_word' id='word_1_65' title='bbox 961 1231 1126 1289; x_wconf 77' lang='lat' dir='ltr'><strong>consulant:</strong></span> <span class='ocrx_word' id='word_1_66' title='bbox 1149 1239 1323 1308; x_wconf 80' lang='lat' dir='ltr'><strong>quapropter</strong></span> 
     </span>
     <span class='ocr_line' id='line_1_9' title="bbox 218 1325 1323 1406; baseline -0.002 -18"><span class='ocrx_word' id='word_1_67' title='bbox 218 1327 324 1388; x_wconf 66' lang='lat' dir='ltr'><strong>meritc</strong></span> <span class='ocrx_word' id='word_1_68' title='bbox 338 1327 487 1386; x_wconf 88' lang='lat' dir='ltr'><strong>damnatus</strong></span> <span class='ocrx_word' id='word_1_69' title='bbox 507 1335 551 1383; x_wconf 84' lang='lat' dir='ltr'><strong>est</strong></span> <span class='ocrx_word' id='word_1_70' title='bbox 573 1325 712 1392; x_wconf 85' lang='lat' dir='ltr'><strong>Molin0s‚</strong></span> <span class='ocrx_word' id='word_1_71' title='bbox 726 1343 858 1384; x_wconf 83' lang='lat' dir='ltr'><strong>asserens</strong></span> <span class='ocrx_word' id='word_1_72' title='bbox 878 1330 1037 1388; x_wconf 85' lang='lat' dir='ltr'><strong>animarum</strong></span> <span class='ocrx_word' id='word_1_73' title='bbox 1057 1331 1176 1388; x_wconf 83' lang='lat' dir='ltr'><strong>interius</strong></span> <span class='ocrx_word' id='word_1_74' title='bbox 1192 1331 1323 1406; x_wconf 85' lang='lat' dir='ltr'><strong>regimen</strong></span> 
     </span>
     <span class='ocr_line' id='line_1_10' title="bbox 220 1423 1322 1503; baseline 0.002 -19"><span class='ocrx_word' id='word_1_75' title='bbox 220 1427 369 1503; x_wconf 87' lang='lat' dir='ltr'><strong>episcopis</strong></span> <span class='ocrx_word' id='word_1_76' title='bbox 383 1426 502 1497; x_wconf 88' lang='lat' dir='ltr'><strong>aliisque</strong></span> <span class='ocrx_word' id='word_1_77' title='bbox 522 1425 689 1500; x_wconf 72' lang='lat' dir='ltr'><strong>praesulibus</strong></span> <span class='ocrx_word' id='word_1_78' title='bbox 709 1423 785 1482; x_wconf 86' lang='lat' dir='ltr'><strong>haud</strong></span> <span class='ocrx_word' id='word_1_79' title='bbox 806 1423 1002 1502; x_wconf 54' lang='lat' dir='ltr'><strong>competere?</strong></span> <span class='ocrx_word' id='word_1_80' title='bbox 1021 1446 1056 1485; x_wconf 90' lang='lat' dir='ltr'><strong>ec</strong></span> <span class='ocrx_word' id='word_1_81' title='bbox 1070 1427 1181 1486; x_wconf 77' lang='lat' dir='ltr'><strong>scilicet</strong></span> <span class='ocrx_word' id='word_1_82' title='bbox 1198 1429 1322 1487; x_wconf 88' lang='lat' dir='ltr'><strong>consilio</strong></span> 
     </span>
     <span class='ocr_line' id='line_1_11' title="bbox 221 1523 1323 1603; baseline 0 -19"><span class='ocrx_word' id='word_1_83' title='bbox 221 1525 256 1584; x_wconf 95' lang='lat' dir='ltr'><strong>id</strong></span> <span class='ocrx_word' id='word_1_84' title='bbox 269 1525 387 1582; x_wconf 87' lang='lat' dir='ltr'><strong>asseruit</strong></span> <span class='ocrx_word' id='word_1_85' title='bbox 398 1533 430 1596; x_wconf 68' lang='lat' dir='ltr'><strong>ct</strong></span> <span class='ocrx_word' id='word_1_86' title='bbox 449 1523 570 1582; x_wconf 85' lang='lat' dir='ltr'><strong>nefanda</strong></span> <span class='ocrx_word' id='word_1_87' title='bbox 589 1525 730 1600; x_wconf 89' lang='lat' dir='ltr'><strong>principia</strong></span> <span class='ocrx_word' id='word_1_88' title='bbox 752 1523 861 1582; x_wconf 80' lang='lat' dir='ltr'><strong>occulte</strong></span> <span class='ocrx_word' id='word_1_89' title='bbox 881 1535 1034 1603; x_wconf 76' lang='lat' dir='ltr'><strong>spargeret,</strong></span> <span class='ocrx_word' id='word_1_90' title='bbox 1050 1527 1217 1599; x_wconf 85' lang='lat' dir='ltr'><strong>animasque</strong></span> <span class='ocrx_word' id='word_1_91' title='bbox 1231 1529 1268 1586; x_wconf 85' lang='lat' dir='ltr'><strong>iis</strong></span> <span class='ocrx_word' id='word_1_92' title='bbox 1281 1527 1323 1584; x_wconf 86' lang='lat' dir='ltr'><strong>in·</strong></span> 
     </span>
     <span class='ocr_line' id='line_1_12' title="bbox 222 1622 910 1699; baseline -0.003 -17"><span class='ocrx_word' id='word_1_93' title='bbox 222 1624 314 1682; x_wconf 79' lang='lat' dir='ltr'><strong>sectas</strong></span> <span class='ocrx_word' id='word_1_94' title='bbox 326 1625 466 1690; x_wconf 86' lang='lat' dir='ltr'><strong>retineret,</strong></span> <span class='ocrx_word' id='word_1_95' title='bbox 480 1622 635 1699; x_wconf 82' lang='lat' dir='ltr'><strong>praesulum</strong></span> <span class='ocrx_word' id='word_1_96' title='bbox 648 1622 810 1680; x_wconf 73' lang='lat' dir='ltr'><strong>auctoritate</strong></span> <span class='ocrx_word' id='word_1_97' title='bbox 821 1625 910 1684; x_wconf 78' lang='lat' dir='ltr'><strong>elusa.</strong></span> 
     </span>
    </p>
   </div>
   <div class='ocr_carea' id='block_1_3' title="bbox 263 1789 1288 1856">
    <p class='ocr_par' dir='ltr' id='par_1_4' title="bbox 263 1789 1288 1856">
     <span class='ocr_line' id='line_1_13' title="bbox 263 1789 1288 1856; baseline 0.003 -20"><span class='ocrx_word' id='word_1_98' title='bbox 263 1789 274 1851; x_wconf 86' lang='lat'>(</span> <span class='ocrx_word' id='word_1_99' title='bbox 279 1791 305 1854; x_wconf 87' lang='lat'><strong>1)</strong></span> <span class='ocrx_word' id='word_1_100' title='bbox 324 1789 421 1840; x_wconf 84' lang='lat' dir='ltr'><strong>Suarcs.</strong></span> <span class='ocrx_word' id='word_1_101' title='bbox 433 1790 461 1840; x_wconf 81' lang='lat' dir='ltr'><strong>de</strong></span> <span class='ocrx_word' id='word_1_102' title='bbox 472 1789 531 1852; x_wconf 66' lang='lat' dir='ltr'><strong>Ireg.</strong></span> <span class='ocrx_word' id='word_1_103' title='bbox 543 1790 559 1839; x_wconf 86' lang='lat' dir='ltr'><strong>l.</strong></span> <span class='ocrx_word' id='word_1_104' title='bbox 571 1790 603 1839; x_wconf 84' lang='lat' dir='ltr'><strong>iv.</strong></span> <span class='ocrx_word' id='word_1_105' title='bbox 616 1806 637 1840; x_wconf 86' lang='lat' dir='ltr'><strong>c.</strong></span> <span class='ocrx_word' id='word_1_106' title='bbox 650 1789 700 1839; x_wconf 85' lang='lat' dir='ltr'>xiii.</span> <span class='ocrx_word' id='word_1_107' title='bbox 713 1792 737 1849; x_wconf 88' lang='lat'><strong>6,</strong></span> <span class='ocrx_word' id='word_1_108' title='bbox 750 1795 773 1838; x_wconf 89' lang='grc'><strong>7.</strong></span> <span class='ocrx_word' id='word_1_109' title='bbox 988 1791 1029 1856; x_wconf 74' lang='lat'><strong>(2)</strong></span> <span class='ocrx_word' id='word_1_110' title='bbox 1046 1790 1119 1855; x_wconf 85' lang='lat' dir='ltr'><strong>l&#39;rcp.</strong></span> <span class='ocrx_word' id='word_1_111' title='bbox 1131 1792 1179 1840; x_wconf 83' lang='lat' dir='ltr'><strong>lxv.</strong></span> <span class='ocrx_word' id='word_1_112' title='bbox 1194 1797 1218 1840; x_wconf 81' lang='lat' dir='ltr'><strong>cl</strong></span> <span class='ocrx_word' id='word_1_113' title='bbox 1230 1791 1288 1842; x_wconf 82' lang='lat' dir='ltr'><strong>lxvi.</strong></span> 
     </span>
    </p>
   </div>
   <div class='ocr_carea' id='block_1_4' title="bbox 0 0 1570 5258">
    <p class='ocr_par' dir='ltr' id='par_1_5' title="bbox 0 0 1570 5258">
     <span class='ocr_line' id='line_1_14' title="bbox 0 0 1570 5258; baseline 0 0"><span class='ocrx_word' id='word_1_114' title='bbox 0 0 1570 5258; x_wconf 95' lang='lat' dir='ltr'><strong> </strong></span> 
     </span>
    </p>
   </div>
  </div>
 </body>
</html>
