3046 5262
332 488 390 547 DE
411 487 564 549 LEGUM
585 487 781 551 CIVILIUM
801 491 1058 552 vimaranis.
1188 493 1247 552 ate

154 655 220 722 fecti
234 661 302 712 sunt
312 652 385 712 libri
399 653 542 724 Basilici,
557 674 608 714 sen
627 654 708 733 leges
721 657 935 736 imperatoria,
949 677 1012 732 que
1027 667 1121 717 tamen
1135 675 1173 716 ex
1182 660 1247 735 jure

156 753 206 812 illo
220 754 346 811 maxime
359 754 535 822 constabant,
550 773 670 827 quaeqae
684 754 719 813 ad
733 775 866 814 eversum
879 758 992 834 penitus
1015 757 1182 816 Graecorum
1195 757 1249 814 int·

153 853 275 928 perium,
290 871 365 910 anno
381 854 674 920 laenocinium.
715 854 751 914 In
771 855 915 914 Ravenna
925 856 1041 924 ditione,
1056 865 1084 913 et
1096 857 1126 914 in
1139 855 1249 930 Illyrici
1351 898 1359 915 .

153 950 330 1029 tinibus,jae
337 949 577 1010 Juetinianaeurn
585 952 758 1025 aliquamdiu
765 955 893 1022 obtinuit,
903 955 938 1012 ad
946 973 1051 1014 annum
1059 955 1169 1012 circiter
1176 957 1247 1022 752,

154 1048 269 1122 quando
283 1049 422 1108 Ravenna
434 1051 468 1108 ab
481 1051 602 1128 imperio
614 1070 667 1126 per
685 1052 870 1128 distulphum
884 1053 1136 1131 Langobardorum
1149 1071 1247 1130 regem

154 1148 207 1206 suit
219 1149 326 1206 aurlsa.
369 1148 490 1208 esteris
509 1151 540 1208 in
552 1151 715 1226 regionibus
728 1149 892 1210 Occidentis
913 1171 1058 1224 nunquam
1071 1151 1171 1227 viguit,
1185 1151 1246 1210 bar·

154 1248 238 1314 baris,
262 1249 312 1319 qui
325 1265 374 1305 aas
387 1257 568 1324 occuparant,
589 1250 649 1307 suis
672 1250 797 1307 moribus
819 1260 848 1306 et
869 1250 1002 1308 institutis
1025 1249 1244 1318 adhaerentibus,

155 1345 247 1404 donec
262 1365 336 1403 anno
352 1351 427 1406 1130
441 1347 597 1422 imperante
610 1346 756 1415 Lothario,
770 1347 916 1423 Amalphi,
930 1349 999 1406 urbe
1014 1348 1134 1406 Salerno
1148 1349 1244 1424 proxi·

154 1463 213 1511 ma,
228 1441 426 1522 Digestorum
438 1443 510 1504 libri
528 1447 634 1521 reperti
654 1455 730 1504 sunt.
773 1446 916 1504 Ravennae
936 1464 972 1504 eo
992 1447 1103 1504 circiter
1115 1456 1245 1524 tempore

157 1541 259 1601 Codeta
272 1544 375 1617 aliique
385 1544 459 1622 juris
471 1545 535 1602 libri
548 1545 579 1602 in
591 1545 685 1604 lucem
695 1545 796 1604 iterum
809 1544 983 1622 prodierunt.
1025 1542 1095 1603 lnde
1108 1545 1245 1621 paulatim

144 1643 203 1721 jae
209 1641 396 1712 Romanum,
405 1662 456 1702 seu
464 1642 483 1701 J
484 1645 695 1711 ustiniauaeum,
704 1643 861 1702 faventibus
872 1643 1069 1711 Pontificibus,
1080 1661 1132 1719 per
1141 1643 1246 1720 pleras-

153 1760 208 1814 que
217 1742 344 1820 Europae
355 1744 487 1819 regiones
497 1744 626 1802 obtinuit.
667 1741 841 1801 Pandarum
857 1742 933 1800 liber
945 1743 1033 1802 veteri
1042 1743 1101 1818 juri
1111 1743 1244 1802 Romano

153 1843 284 1900 accessit.
326 1843 519 1900 institutiones
545 1842 601 1900 hoa
624 1841 710 1900 modo
731 1842 850 1899 citantur
872 1839 949 1900 Inat.
964 1839 1047 1928 Just.
1062 1840 1105 1918 ff.
1125 1840 1161 1898 de
1184 1857 1242 1898 rer.

151 1939 244 1998 diuis.
259 1941 274 2015 §
287 1940 360 2000 dem
373 1959 417 1999 ea.
428 1941 458 1999 id
471 1941 556 1998 estin
568 1941 794 2002 Institutionibus
807 1939 972 2007 lastiniani,
987 1939 1068 1998 titulo
1088 1938 1124 1996 de
1141 1955 1244 1996 rerum

152 2037 313 2106 diuisione,
327 2040 501 2116 paragrapho
515 2042 565 2112 qui
576 2040 685 2117 incipit,
695 2040 819 2099 itemea.
853 2038 1054 2116 Digestileges
1064 2039 1105 2096 sic
1111 2038 1242 2096 citantur.

153 2135 193 2194 L.
209 2137 345 2206 creditor,
359 2140 405 2197 vel
418 2139 457 2197 L.
478 2143 528 2197 23.
544 2139 585 2207 D,
600 2140 645 2197 vel
655 2139 698 2217 ff.
713 2139 748 2197 de
762 2137 971 2216 pignoribae3
992 2136 1078 2196 idest
1092 2137 1171 2215 Lege
1185 2153 1244 2195 ere·

152 2235 244 2304 aldor,
258 2238 304 2295 ael
316 2237 396 2315 Lege
416 2243 455 2296 23
476 2236 604 2315 digestis,
625 2257 676 2296 scu
696 2238 776 2296 titulo
793 2237 829 2295 de
843 2236 1041 2316 pignoribus.
1083 2233 1188 2294 Codex
1201 2237 1243 2294 sic

152 2335 252 2393 citatur
272 2337 308 2394 L.
331 2355 455 2406 nouum,
471 2336 516 2395 vel
529 2335 567 2394 L.
588 2343 618 2396 2.
643 2335 676 2395 0.
691 2337 727 2395 de
739 2335 834 2415 appel.
849 2336 878 2394 id
897 2347 940 2394 est
959 2335 1038 2414 Lege
1058 2354 1121 2408 qua
1141 2335 1246 2414 incipit

151 2451 274 2504 nonum,
288 2435 335 2494 vel
347 2435 386 2494 L.
397 2442 426 2494 2.
442 2435 540 2494 codiee
553 2436 589 2494 ale
602 2434 862 2515 appellationibus.
905 2434 1039 2494 Novella
1052 2454 1105 2494 seu
1118 2434 1244 2495 autlen-

151 2531 217 2592 tiaa
231 2535 273 2592 sia
293 2536 413 2594 citantur
432 2535 567 2594 authent.
582 2537 628 2594 vel
647 2535 754 2595 novell.
768 2542 805 2593 ut
813 2535 909 2616 sacta
922 2553 1007 2594 noua
1022 2542 1116 2594 conat.
1131 2534 1178 2592 vel
1191 2552 1245 2593 aa·

150 2630 244 2690 tltent.
261 2637 310 2692 66.
328 2633 400 2712 Cap.
417 2638 443 2691 1.
460 2633 588 2711 §igitar
601 2635 713 2694 etiam:
734 2635 763 2692 id
782 2643 826 2692 est
839 2632 1023 2692 datlentica
1042 2633 1125 2708 cujus
1144 2633 1244 2690 aulus

150 2740 204 2798 est,
213 2729 349 2810 utfacta
361 2750 444 2790 noua
460 2732 708 2800 Constitutionea,
722 2750 785 2804 que
799 2741 843 2788 est
852 2735 892 2789 66
905 2730 977 2807 Cap.
992 2734 1019 2786 1.
1034 2730 1112 2805 §qai
1124 2728 1244 2805 incipit,

148 2827 254 2910 igitur
274 2829 374 2889 etiam.
416 2830 500 2889 Liber
522 2831 672 2890 feudorum
694 2831 737 2888 sic
757 2830 872 2886 citatur:
892 2827 983 2908 send.
996 2826 1038 2904 ff.
1063 2825 1098 2885 de
1118 2825 1242 2904 prohib.

139 2925 232 3007 send.
247 2927 337 2988 alien.
355 2929 387 2988 0.
402 2928 450 2988 ael
467 2929 506 2988 L.
521 2929 666 3007 quonian.
690 2929 720 2989 id
742 2937 786 2986 est
807 2927 841 2986 in
863 2926 940 2986 libro
949 2925 1129 3010 feudorum,
1154 2923 1245 2984 titulo

150 3025 186 3084 de
206 3027 364 3106 prohibita
382 3027 477 3110 seadi
496 3027 687 3098 alienatione,
711 3029 745 3087 in
768 3027 871 3106 Capite
897 3026 945 3088 ael
962 3026 1027 3106 lege
1046 3024 1243 3104 quaineipit,

150 3127 306 3202 quoniam.

189 3231 219 3283 2.
239 3226 294 3284 Jus
308 3225 394 3286 civile
407 3227 559 3300 aliquando
572 3229 693 3286 sumitur
705 3246 758 3304 pro
771 3226 921 3303 cujuslibet
930 3227 1021 3302 gentis
1034 3224 1156 3301 legibus,
1172 3243 1242 3297 quas

146 3324 196 3398 jas
209 3324 393 3404 municipale
405 3327 469 3384 aliis
482 3326 575 3402 placet
587 3326 746 3404 designare.
789 3333 809 3360 ‘⁴
817 3323 872 3381 Jur
886 3322 1003 3390 civile,'’
1017 3323 1111 3395 inquit
1123 3321 1242 3379 lastini-

151 3441 232 3492 anus,
255 3433 327 3484 “est
349 3425 425 3498 quod
438 3426 560 3498 quisque
581 3426 634 3484 sibi
654 3405 971 3500 populus‘conainit.”
1012 3418 1071 3479 Jae
1086 3437 1242 3478 commane

150 3521 237 3598 Angli
246 3523 402 3600 jurisperiti
416 3541 451 3580 ea
461 3523 558 3584 dicunt
565 3524 639 3601 juris
652 3523 794 3599 principia
801 3524 885 3598 juxta
895 3539 958 3593 quae
969 3519 1117 3578 tribunalia
1128 3536 1243 3593 semper

150 3632 361 3679 consueverunt
369 3620 509 3698 judicare,
525 3641 644 3695 quaeque
654 3623 721 3679 licet
733 3623 762 3678 in
773 3620 870 3678 codice
878 3619 975 3696 legum
985 3638 1044 3678 non
1054 3617 1239 3694 reperiantur,

150 3720 311 3796 exlegibus
331 3739 431 3796 regum
450 3729 579 3779 veteram
591 3720 700 3778 Altredi
719 3721 765 3777 vel
788 3719 916 3778 Eduardi
938 3719 1058 3778 derivari
1078 3725 1238 3776 censentur.

152 3815 409 3898 Statutorumjue
423 3829 525 3878 vocant
537 3820 616 3898 leges
629 3820 660 3878 in
673 3817 801 3878 codicem
814 3813 942 3877 relatas.¹

184 3985 226 4049 (l)
246 3992 261 4016 ⁸⁶
269 3985 327 4035 Tne
334 3987 387 4036 first
398 3987 493 4048 ground
504 3987 552 4038 and
563 3987 632 4037 ahiat
639 4002 725 4037 corner
736 3995 806 4038 stone
817 3988 846 4037 of
854 3987 895 4036 the
907 3985 953 4034 lew
966 3985 994 4033 of
1007 3981 1134 4044 Engiand,
1145 3981 1167 4030 is
1180 3997 1196 4030 a
1206 3995 1246 4042 ge·

30 4085 33 4096 ·
152 4070 221 4119 neral
240 4070 402 4121 immemorial
418 4079 522 4132 castam,
533 4088 560 4122 or
578 4088 693 4122 common
712 4073 769 4131 law,
780 4073 842 4120 from
861 4070 954 4120 timeto
971 4068 1030 4118 time
1041 4065 1150 4116 declared
1167 4065 1193 4117 in
1208 4066 1249 4116 tlte

149 4152 272 4202 decisione
290 4155 319 4204 ot
332 4153 374 4203 the
391 4164 473 4206 courts
490 4157 519 4204 ot
536 4157 640 4220 justioe;
657 4155 740 4204 which
756 4155 877 4204 decisione
894 4168 934 4203 ere
951 4150 1078 4216 preserved
1093 4166 1183 4213 among
1201 4167 1246 4202 our

151 4237 236 4300 public
253 4237 357 4297 recordo,
369 4239 500 4303 explained
519 4239 545 4290 in
563 4255 608 4291 our
625 4247 724 4303 repara,
745 4239 794 4288 and
812 4237 921 4299 digested
932 4236 970 4286 for
987 4235 1084 4298 general
1101 4251 1145 4286 use
1163 4235 1190 4286 in
1202 4236 1243 4286 the

153 4321 327 4372 authoritative
339 4324 450 4386 writiags
461 4325 490 4374 ot
504 4323 545 4374 the
556 4325 684 4375 venerante
691 4340 762 4386 seges
773 4323 802 4372 ot
815 4323 856 4372 the
865 4321 935 4372 law.”
970 4319 1141 4370 Blaokstone'r
1149 4319 1247 4372 Oomm.

149 4404 241 4456 Introd.
255 4410 268 4467 ς
282 4409 307 4456 3.
319 4423 344 4457 ιι.
357 4409 396 4458 73.
