3146 5266
686 1199 827 1260 CAPUT
850 1201 888 1260 ll.

611 1431 656 1472 DE
685 1433 785 1472 LEGE
814 1433 971 1473 vu‘rxnl.

283 1613 329 1667 19.
350 1610 487 1676 Quauvrs
500 1608 565 1668 Lex
578 1609 695 1668 Naturae
717 1610 838 1670 dicenda
856 1611 951 1689 potius
972 1612 1008 1670 sit
1026 1610 1084 1670 Dei
1102 1612 1160 1680 lex,
1183 1631 1273 1685 quum
1295 1613 1332 1670 sit

236 1707 299 1784 ipse
326 1717 429 1765 naturae
451 1717 554 1776 auctor,
577 1727 715 1782 suamque
736 1710 907 1768 voluntatem
925 1711 1041 1768 rationis
1067 1710 1144 1772 dono
1168 1711 1329 1789 patefaciat,

235 1807 355 1864 obtinuit
368 1814 460 1865 tamen
473 1826 546 1874 mos,
557 1818 592 1878 ut
611 1807 779 1866 divinalem
792 1810 949 1885 praesertim
968 1807 1075 1867 dicatur
1094 1828 1157 1882 quae
1176 1830 1194 1866 a
1205 1809 1274 1867 Deo
1289 1827 1331 1866 re-

233 1905 325 1962 velata
338 1907 564 1976 esthominibus,
579 1926 699 1981 qumque
721 1907 801 1983 plura
819 1907 879 1984 juri
899 1907 1016 1964 naturali
1037 1906 1164 1984 adjungit
1176 1914 1330 1983 praecepta,

235 2003 280 2060 vel
292 2003 504 2079 prohibitiones.
546 2005 617 2064 Adae
631 2007 766 2082 praeccpit
785 2006 864 2064 Deus
878 2024 914 2063 ne
936 2023 972 2064 ex
993 2005 1116 2078 quodam
1129 2005 1222 2066 sructu
1235 2023 1332 2064 come-

234 2101 327 2159 deret:
350 2103 416 2162 Noe
429 2105 515 2162 etiam
528 2105 609 2180 plura
628 2113 768 2181 praecepta
787 2103 913 2163 tradidit:
935 2104 1055 2162 Abrahae
1068 2106 1164 2181 legem
1184 2103 1332 2162 circumci-

233 2201 321 2258 sionis
335 2203 489 2278 imposuit:
512 2204 563 2263 sed
576 2203 643 2262 Lex
663 2200 751 2261 Vetus
760 2205 894 2279 accipitur
906 2222 958 2280 pro
972 2204 1080 2281 integro
1089 2203 1139 2262 illo
1153 2204 1333 2261 sanctionum

233 2300 340 2368 codice,
355 2302 456 2374 quibus
469 2302 561 2371 Deus,
585 2323 637 2380 per
650 2303 787 2380 Moysen,
802 2302 939 2380 populum
959 2303 1146 2361 Israeliticum
1165 2302 1331 2361 obstrinxit.

232 2396 308 2456 Eam
320 2400 478 2476 rejecerunt
491 2401 594 2460 Simon
608 2403 713 2479 Magus
733 2411 762 2460 et
782 2401 969 2469 Marcionitae,
984 2401 1140 2460 Manichaei
1162 2412 1191 2458 et
1213 2399 1331 2458 Priscil-

232 2495 361 2564 lianistae,
382 2509 540 2558 asserentes
560 2499 617 2559 duo
637 2519 700 2558 esse
714 2501 861 2577 principia,
885 2499 1002 2558 alterurn
1023 2500 1140 2568 malum,
1162 2519 1179 2556 a
1200 2517 1258 2572 quo
1280 2498 1329 2554 lex

232 2603 315 2651 vetus
328 2606 372 2652 est
381 2597 515 2671 profecta,
524 2598 641 2654 alterum
654 2599 770 2665 bonum,
780 2600 826 2656 cui
839 2597 998 2670 Evangelia
1011 2599 1176 2654 tribuebant.
1218 2597 1332 2653 Eorum

234 2709 361 2749 errorem
374 2693 490 2750 confixit
502 2695 650 2753 concilium
664 2694 836 2752 Toletanum
849 2694 880 2750 I:
903 2701 922 2728 ‘⁶
935 2693 969 2751 si
982 2694 1045 2765 quis
1059 2692 1163 2750 dixerit
1175 2692 1222 2748 vel
1242 2691 1334 2748 credi·

234 2787 309 2846 derit
322 2789 441 2848 alterum
455 2791 549 2849 Deum
561 2809 623 2851 esse
637 2800 780 2851 auctorem
793 2793 894 2869 priscae
916 2789 999 2866 legis,
1014 2789 1133 2848 alterum
1156 2788 1330 2864 Evangelio·

233 2905 312 2956 rum;
344 2887 493 2948 anathema
518 2883 601 2950 sit.”¹
643 2890 775 2949 Christus
795 2899 889 2949 autem
912 2897 1007 2966 aperte
1029 2887 1180 2947 declaravit
1201 2887 1331 2964 decalogi

231 2995 374 3064 praecepta
386 2987 482 3047 Deum
494 2989 598 3050 habere
613 3000 764 3059 auctorem,
779 3009 867 3064 quum
888 2989 1001 3046 Scribas
1014 2995 1042 3045 et
1055 2988 1219 3046 Pharisaeos
1233 3005 1331 3064 argue·

231 3094 289 3143 ret:
334 3087 458 3153 “Quare
485 3088 712 3167 transgredimini
737 3088 899 3148 mandatum
924 3087 981 3146 Dei
1008 3096 1123 3164 propter
1148 3086 1329 3146 traditionem

234 3187 379 3244 vestram?
400 3206 467 3245 nam
492 3186 573 3247 Deus
594 3188 683 3246 dixit:
705 3188 813 3247 honora
835 3197 943 3264 patrem
964 3196 993 3244 et
1011 3181 1181 3244 matrem.'’²
1221 3185 1330 3243 Totam

232 3285 316 3342 etiam
328 3284 423 3362 legem
437 3286 580 3362 probavit:
603 3286 733 3350 “Nolite
747 3296 855 3364 putare,
870 3286 1004 3359 quoniam
1017 3286 1083 3344 veni
1096 3285 1207 3344 solvere
1223 3284 1329 3360 legem,

234 3391 280 3439 aut
292 3384 463 3461 prophetas:
485 3405 544 3445 non
557 3387 622 3444 veni
635 3385 756 3456 solvere,
765 3385 816 3444 sed
829 3383 993 3461 adimplere.
1034 3386 1129 3443 Amen
1139 3383 1247 3458 quippe
1262 3381 1328 3438 dico

233 3480 323 3550 vobis,
337 3483 429 3541 donec
442 3493 564 3543 transeat
576 3486 691 3553 coelum,
706 3493 734 3542 et
747 3495 829 3550 terra,
843 3483 900 3540 iota
911 3499 1012 3547 unum,
1026 3490 1073 3538 aut
1085 3498 1159 3536 unus
1180 3497 1255 3554 apex
1268 3495 1333 3536 non

238 3582 388 3654 praeteribit
400 3601 416 3639 a
428 3583 502 3659 lege,
516 3583 607 3642 donec
616 3585 713 3642 omnia
725 3574 841 3639 fiant.”³
882 3577 1208 3656 ConsonatApostolur:
1232 3585 1251 3612 ‘⁶
1263 3575 1329 3634 Lex

237 3675 353 3748 quidem
366 3690 471 3750 sancta,
486 3692 514 3740 et
525 3682 688 3741 mandatum
697 3689 836 3749 sanctum,
845 3689 874 3738 et
881 3673 1203 3756 justum,etbonum.''⁴
1236 3686 1255 3713 ‘⁶
1265 3676 1330 3736 Lex
1348 3715 1351 3722 ·

234 3784 327 3834 autem
340 3780 513 3850 urbintravit,
527 3791 559 3838 ut
581 3780 735 3840 abundaret
747 3781 881 3839 delictum
892 3772 941 3847 ;'’⁵
960 3798 995 3838 eo
1016 3781 1231 3840 scilicetsensu
1251 3773 1330 3849 quod

234 3892 269 3931 cx
281 3875 354 3952 legis
364 3871 514 3937 occasione
523 3879 626 3938 delicta
635 3890 695 3938 orta
704 3882 769 3948 sint,
781 3898 871 3953 quum
880 3878 1022 3944 homines,
1031 3879 1090 3936 suis
1097 3871 1333 3949 obtemperantes

236 3973 443 4048 cupiditatibus,
457 3981 639 4038 excusatione
648 3981 710 4057 jam
724 3987 859 4046 carerent,
872 3978 936 4053 lege
945 3975 1121 4053 promulgata
1131 3982 1159 4030 et
1168 3973 1329 4050 explicata:

238 4077 257 4105 “
267 4089 333 4132 nam
346 4077 528 4152 peccatum,”
551 4079 643 4152 inquit
663 4076 829 4157 Apostolus,
852 4075 1033 4134 “occasione
1047 4081 1163 4152 accepta
1184 4091 1237 4151 per
1250 4090 1331 4130 man·

272 4257 314 4323 (l)
335 4259 364 4308 ln
376 4262 489 4314 Consess,
501 4263 567 4314 fidei.
601 4264 666 4315 Vide
678 4271 702 4315 et
717 4263 795 4314 Cone·
807 4261 875 4312 Trid.
885 4262 944 4311 Sess
954 4261 986 4312 iv.

274 4345 314 4408 (2)
334 4343 405 4395 Mali·
416 4363 457 4399 Χῖ·
470 4351 494 4396 3·
605 4383 606 4386 =
929 4352 970 4414 (3)
987 4348 1058 4398 Matt.
1071 4364 1094 4395 v.
1109 4349 1148 4395 17.

275 4428 318 4494 (dl
338 4429 411 4481 Rom·
423 4432 464 4482 Vll.
477 4436 516 4482 12.
929 4436 971 4502 (5)
992 4434 1062 4484 Rom,
1076 4449 1099 4482 v,
1112 4431 1152 4480 90,
