3068 5256
224 434 262 490 68
597 421 654 481 DE
675 421 790 482 LEGE
812 419 938 478 NOVA.

224 599 328 658 carent,
343 588 447 664 sapius
460 585 559 646 fideles
572 587 723 644 monebant
736 604 785 644 eos
794 585 853 661 legi
866 603 925 643 non
937 585 1049 662 subjici,
1062 585 1113 644 sed
1122 586 1210 662 gratia
1219 586 1318 646 salutis

224 711 277 770 per
290 688 438 746 Christum
451 684 515 753 frui,
530 685 599 757 quin
619 694 714 743 tamen
727 683 858 742 mandata
880 702 896 740 a
917 682 1034 742 Christo
1057 683 1155 742 tradita
1171 695 1317 760 negarent.

225 791 275 847 Sic
288 783 490 862 explicandum
504 792 547 840 est
560 783 628 841 Divi
640 784 659 841 J
661 784 760 841 oannis
773 783 967 841 testimonium
980 802 987 838 ε
1010 782 1103 841 “Lex
1122 801 1176 859 per
1190 784 1320 859 Moysen

225 887 289 946 data
301 893 363 943 est:
385 881 473 960 gratia
491 892 520 938 ct
532 883 634 939 veritas
656 901 708 959 per
728 880 876 939 Christum
899 881 971 937 facta
989 873 1084 938 cst.”¹
1124 881 1213 938 Plura
1233 883 1320 943 etiam

226 981 479 1044 Paulitestimonia
488 980 609 1038 eandem
619 981 838 1058 explicationem
848 977 1007 1056 postulant:
1029 999 1063 1036 v:
1084 998 1112 1055 g.
1134 987 1153 1015 ‘⁴
1165 980 1236 1038 Non
1244 983 1322 1039 enim

226 1083 355 1158 sublege
368 1080 446 1148 estis,
461 1079 513 1138 sed
532 1079 584 1138 sub
607 1071 742 1155 gratia.'’²
783 1077 901 1145 “Quod
923 1078 949 1134 si
970 1078 1069 1154 spiritu
1092 1077 1240 1147 ducimini,
1263 1097 1323 1138 non

227 1183 296 1240 estis
310 1181 363 1238 sub
375 1170 487 1254 lege.’'³
526 1177 620 1253 Leges
634 1179 718 1236 etiam
738 1195 840 1236 ornnes
859 1178 929 1236 latas
950 1175 1017 1234 dicit
1035 1177 1203 1253 Apostolus,
1217 1187 1250 1236 ut
1268 1180 1322 1236 im-

227 1281 339 1357 piorum
350 1276 471 1353 improbi
481 1293 575 1334 mores
585 1284 774 1344 coerceantur,
785 1275 971 1352 potiusquam
980 1277 1123 1352 justorum
1133 1276 1323 1351 regendorum

227 1395 331 1443 causa;
352 1377 382 1432 hi
400 1375 486 1444 enim,
507 1382 609 1451 sponte
629 1375 715 1433 veluti
734 1393 796 1444 sua,
810 1375 919 1432 virtutis
933 1382 1021 1441 actus,
1037 1392 1108 1446 quos
1127 1374 1208 1452 leges
1222 1378 1321 1452 praeci-

227 1479 320 1554 piunt,
335 1482 483 1532 exercent:
506 1474 572 1546 quia
594 1480 612 1507 “
622 1473 671 1530 lex
680 1475 759 1550 justo
772 1492 830 1530 non
843 1482 887 1530 cst
899 1472 1002 1548 posita,
1017 1472 1069 1530 sed
1090 1473 1203 1551 injustis
1223 1483 1252 1530 et
1264 1494 1323 1534 non

227 1565 396 1634 subditis.’'⁴
436 1572 564 1629 Libertas
587 1581 691 1640 autem,
713 1591 797 1643 quam
818 1572 848 1629 in
872 1570 989 1630 Christo
1012 1573 1158 1630 consecuti
1180 1593 1323 1643 sumus,a

226 1674 299 1752 legis
314 1670 455 1729 Mosaicae
474 1670 660 1738 observantia,
684 1680 759 1729 tanta
781 1679 904 1738 nonest,
919 1679 950 1728 ut
972 1669 1170 1746 cupiditatibus
1193 1674 1322 1745 obsequi,

227 1773 302 1830 vela
317 1769 426 1828 Christi
440 1770 530 1848 ipsius
544 1768 682 1828 mandatis
696 1771 804 1828 resilire
818 1770 911 1837 liccat,
925 1768 1038 1828 dicente
1051 1771 1210 1846 Apostolo:
1233 1772 1323 1830 “Vos

228 1873 306 1932 enim
319 1871 350 1928 in
362 1868 517 1928 libertatem
530 1871 623 1928 vocati
635 1872 715 1939 estis,
736 1869 853 1928 fratres:
874 1877 982 1928 tanturn
1001 1887 1039 1928 nc
1058 1869 1215 1930 libertatem
1235 1871 1264 1930 iu
1278 1890 1323 1929 oc·

230 1971 377 2030 casionem
392 1967 464 2027 dctis
478 1962 620 2027 camis.”⁵

268 2071 318 2126 25.
335 2069 398 2125 Lex
412 2066 498 2123 Nova
510 2074 619 2124 constat
628 2085 738 2126 morum
751 2066 866 2144 regulis,
877 2067 945 2126 fidei
958 2077 987 2125 et
999 2077 1239 2127 sacramentorum
1249 2085 1321 2146 prae·

230 2147 331 2242 ceptis.
373 2163 492 2222 Morum
517 2164 620 2241 regula
635 2165 775 2240 pleraeque
799 2165 834 2222 ad
842 2167 891 2242 jus
911 2176 1016 2224 naturae
1030 2167 1198 2235 referuntur,
1212 2178 1297 2245 prout
1310 2187 1326 2226 a

231 2265 339 2341 Moyse
353 2265 384 2321 in
397 2261 532 2340 decalogo
545 2264 599 2321 suit
611 2265 830 2342 promulgatum,
851 2275 880 2322 et
892 2285 908 2322 a
922 2264 1039 2324 Christo
1053 2265 1182 2327 Domino
1195 2267 1326 2326 enuclea·

231 2364 286 2420 tius
300 2361 475 2438 expositum,
489 2363 632 2439 precipue
646 2364 676 2420 in
698 2382 828 2422 sermone
849 2382 934 2435 quem
948 2366 978 2423 in
991 2374 1087 2424 monte
1100 2365 1208 2426 habuit.
1243 2367 1326 2424 Man·

232 2461 295 2520 data
308 2459 446 2518 servanda
459 2459 581 2530 tradidit,
596 2470 627 2519 ut
640 2461 675 2518 ad
688 2463 773 2520 vitam
794 2462 886 2520 aditus
906 2473 1029 2539 pateret:
1052 2465 1115 2524 “Si
1127 2467 1171 2523 vis
1184 2463 1220 2520 ad
1238 2466 1325 2522 vitam

232 2559 353 2636 ingredi,
367 2577 449 2616 serva
461 2555 639 2618 mandata.’'⁶
652 2560 845 2620 Dilectionem
857 2561 914 2620 Dei
928 2572 956 2620 et
968 2563 1100 2639 proximi,
1111 2573 1256 2636 tamquam
1270 2582 1327 2622 suae

231 2659 303 2738 legis
311 2659 412 2728 basim,
422 2659 532 2718 statuit:
549 2669 568 2696 “
578 2660 689 2737 Diliges
698 2660 856 2719 Dominum
865 2660 961 2718 Deum
972 2671 1051 2720 tuum
1059 2679 1096 2719 ex
1109 2662 1261 2720 totocorde
1270 2671 1327 2729 ιιιο,

233 2768 262 2818 et
271 2760 301 2817 in
311 2768 367 2818 tota
376 2758 470 2818 anima
480 2769 535 2829 tua,
544 2769 572 2818 ct
581 2761 610 2818 iu
618 2769 775 2819 totamente
785 2770 840 2819 tua.
863 2759 930 2819 Hoc
938 2770 981 2816 est
990 2762 1158 2831 maximum,
1168 2771 1197 2819 ct
1205 2763 1329 2837 primum

234 2857 407 2916 mandatum.
429 2858 593 2916 Secundum
603 2868 697 2916 autem
705 2859 797 2916 simile
806 2869 849 2916 est
858 2859 940 2917 huic:
955 2859 1066 2936 Diliges
1075 2863 1241 2937 proximum
1249 2868 1329 2918 tuum

234 2956 308 3012 sicut
321 2948 495 3029 teipsum.”⁷
535 2955 633 3013 “Hoc
646 2965 690 3013 est
702 2968 876 3034 preceptum
890 2977 996 3025 meum,
1010 2969 1042 3017 ut
1055 2959 1178 3036 diligatis
1192 2959 1327 3026 invicem,

235 3054 310 3109 sieut
322 3050 412 3109 dilexi
425 3043 526 3108 vos.”⁸
552 3052 733 3131 Quapropter
744 3055 900 3130 Apostolus
914 3058 969 3114 ait:
993 3058 1102 3117 “Alter
1117 3060 1229 3116 alterius
1243 3055 1331 3116 onera

237 3159 355 3227 portate,
369 3159 398 3206 et
410 3149 452 3206 sic
466 3149 654 3227 adimplebitis
665 3154 759 3230 legem
775 3147 931 3212 Christi.”⁹
972 3153 1116 3214 Credendi
1128 3156 1221 3234 legem
1235 3157 1332 3214 statuit

238 3248 384 3316 Christus,
406 3248 519 3320 quando
533 3250 687 3329 Apostolos
708 3253 743 3310 ad
763 3253 923 3312 docendum
943 3256 1039 3313 omnia
1051 3274 1114 3327 quae
1128 3255 1164 3314 ils
1182 3254 1331 3314 mandave-

235 3357 290 3417 rat,
304 3347 391 3416 misit,
405 3349 551 3408 sanctione
565 3351 676 3428 adjccta
688 3372 781 3429 poeuae
795 3363 916 3420 aetornae,
937 3353 972 3410 iis
993 3355 1042 3426 qui
1054 3355 1247 3432 evangelicam
1260 3373 1332 3429 prac-

236 3447 407 3508 dicationem
429 3448 590 3527 rejicerent,
614 3452 785 3528 irrogandae:
809 3453 887 3525 “qui
910 3469 978 3510 vero
1001 3471 1060 3516 non
1083 3453 1242 3519 crediderit,
1264 3471 1331 3510 con·

237 3543 478 3608 demnabitur.’'¹⁰
518 3550 700 3610 Sacramenta
719 3552 804 3610 etiam
825 3552 877 3610 sub
898 3560 1008 3610 aterne
1023 3553 1121 3610 mortis
1134 3572 1219 3628 poena
1231 3553 1333 3628 recipi·

239 3645 314 3704 enda
331 3647 435 3721 jussit:
458 3649 591 3716 “Amcn,
610 3669 705 3718 amen,
729 3650 792 3707 dico
811 3651 871 3718 tibi,
892 3651 947 3708 nisi
960 3652 1030 3723 ,quis
1052 3661 1166 3710 renatus
1187 3651 1274 3709 fuerit
1294 3669 1333 3708 ex

238 3743 1049 3827 aqua,ctSpiritusancto,nonpotestintroireinregnum
1058 3745 1176 3810 Ι)εἰ.”11
1197 3750 1331 3816 “Amen,
