3078 5258
263 486 324 544 214
482 481 540 542 DE
560 477 736 556 JEJUNIO
756 477 815 538 ET
834 477 1136 540 ABSTINENTIA.

264 650 336 714 fubri
346 646 469 726 lignarii,
482 647 601 716 ferrarii,
614 654 643 706 et
661 645 808 706 murarii.’'
852 653 871 682 “
883 645 1067 706 Excusanbrr
1085 663 1226 714 cursores,
1244 657 1356 705 sutores

264 750 314 824 qui
334 749 443 808 oeioeos
464 747 628 813 eonfieiunt,
641 761 701 804 non
712 743 779 804 verb
793 746 843 819 qui
856 745 932 804 eoria
944 744 1086 804 scindunt.
1098 787 1106 803 .
1119 787 1126 804 .
1141 787 1149 804 .
1176 745 1249 803 Item
1262 745 1357 804 furna·

266 849 311 916 rii,
323 850 455 923 pistores,
469 847 555 919 ooqui
568 847 664 923 plures
684 843 772 922 dapes
792 854 821 904 et
841 845 939 904 multis
959 845 1090 922 personis
1111 854 1314 920 properantes,
1335 845 1359 901 si

265 946 324 1004 fere
337 964 388 1023 per
401 944 478 1003 diem
496 945 642 1002 laborent.
656 987 663 1002 .
676 986 684 1002 .
699 961 792 1012 secus,
815 944 841 1001 si
863 964 954 1021 panea
975 943 1083 1002 fereula
1095 952 1194 1019 parent
1206 984 1214 1000 .
1227 985 1234 1002 .
1248 985 1255 1000 .
1271 952 1356 1020 typo·

266 1045 366 1122 graphi
385 1044 496 1120 prelum
514 1051 668 1112 versantes,
688 1060 747 1102 non
771 1040 838 1100 verb
857 1052 944 1120 typos
964 1051 1168 1118 oomponentes
1180 1083 1188 1099 .
1200 1083 1209 1098 .
1222 1083 1229 1098 .
1244 1041 1356 1108 famuli,

265 1143 316 1216 qui
329 1143 513 1202 vehementer
534 1149 592 1200 tota
611 1140 659 1199 die
681 1142 847 1200 incumbunt
868 1141 1022 1217 majoribus
1042 1140 1186 1198 laboribus
1208 1159 1268 1198 non
1287 1159 1357 1198 vero

266 1241 376 1302 ancille
388 1241 482 1300 lanam
496 1249 543 1298 ant
554 1240 645 1300 linum
658 1247 769 1306 nentes,
783 1249 831 1298 eut
849 1240 954 1298 similia
971 1240 1046 1297 levia
1064 1237 1166 1296 domus
1180 1239 1294 1298 servitia
1307 1257 1356 1296 ex·

267 1340 436 1398 hibentes..
450 1381 457 1396 .
478 1347 607 1396 secantes
626 1336 735 1414 lapides
752 1378 800 1395 ...
814 1347 1009 1413 percursantes
1022 1339 1121 1396 urbem
1141 1337 1176 1394 ad
1195 1337 1355 1395 vendendas

268 1434 427 1498 meroes.”¹
468 1436 612 1496 cstemm
632 1445 698 1514 post
717 1437 887 1495 Tamburini
906 1437 979 1495 bene
999 1435 1117 1494 advertit
1136 1435 1169 1492 S.
1190 1435 1356 1512 Alphonsus

271 1555 374 1596 omnes
387 1536 441 1596 hos
463 1545 483 1572 “
494 1555 554 1596 non
567 1535 700 1594 excusari
713 1555 729 1592 a
743 1536 867 1611 jejunio,
881 1536 937 1592 nisi
955 1536 1083 1593 laborent
1095 1535 1195 1593 saltem
1207 1553 1258 1610 per
1270 1535 1359 1611 majo·

268 1654 330 1694 rem
342 1634 399 1692 diei
412 1643 530 1710 partem,
544 1653 603 1694 non
622 1651 690 1692 vero
708 1633 735 1691 si
754 1651 805 1708 per
823 1632 893 1692 duas
909 1633 954 1692 vel
973 1644 1029 1692 tres
1049 1633 1167 1691 horas.'’
1208 1633 1356 1692 Barbiton-

270 1751 360 1800 sores,
386 1741 517 1800 sartores,
543 1735 676 1809 pictores,
699 1741 728 1790 et
749 1733 859 1801 seribae,
885 1734 1072 1792 communiter
1096 1751 1155 1791 non
1176 1742 1356 1790 excusantur.

271 1832 377 1906 Neque
398 1831 591 1908 horologiaffi,
605 1831 661 1890 nisi
682 1832 733 1904 qui
752 1833 864 1908 magnis
883 1831 1040 1908 horologiis
1060 1829 1255 1888 construendis
1277 1849 1357 1889 oceu-

271 1939 383 2010 pantur.
426 1930 515 1990 “Alii
536 1931 662 1991 absolute
681 1940 818 1989 excusant
839 1929 995 1998 molitores,
1016 1931 1198 2007 argentarios,
1220 1938 1248 1986 et
1267 1931 1358 2006 seulp-

274 2030 381 2097 tores‚''
395 2029 447 2087 sed
467 2029 500 2087 S.
514 2029 681 2105 Alphonsus
701 2039 799 2088 censet
817 2028 1053 2088 considerandum
1073 2046 1148 2096 esse,
1166 2038 1263 2086 ntmnr
1282 2029 1357 2086 labor

270 2129 318 2186 eui
331 2137 431 2186 venant
443 2127 536 2203 grauis
556 2128 602 2195 sit,
615 2127 662 2186 vel
680 2129 716 2187 ab
736 2129 806 2206 ipsis
821 2129 1017 2205 jejunantibus
1030 2129 1122 2204 possit
1138 2128 1237 2203 perfiei
1250 2128 1354 2199 absque

271 2226 352 2302 graui
363 2224 557 2287 incommodo.

313 2327 362 2382 52.
384 2325 418 2380 Si
431 2324 551 2382 artifices
565 2324 622 2380 sint
633 2321 745 2390 divites,
759 2334 789 2381 et
800 2341 887 2399 opera
904 2323 1013 2381 differri
1025 2331 1139 2396 queant,
1154 2323 1306 2381 consultius
1320 2331 1361 2378 est

271 2439 306 2480 es
318 2419 441 2486 differre,
455 2430 486 2478 ut
498 2428 625 2476 servetur
640 2421 802 2497 jejunium:
823 2423 984 2480 eommunis
1005 2431 1098 2479 tamen
1114 2430 1158 2478 est
1170 2421 1316 2487 sententia,
1329 2430 1359 2477 ut

269 2519 308 2576 ait
321 2517 353 2576 S.
367 2517 545 2593 Alphonsus,
559 2535 609 2576 eos
622 2526 764 2592 praecepto
775 2535 835 2576 non
846 2517 965 2596 obligari
978 2519 1013 2578 ad
1025 2519 1197 2586 dilationem,
1208 2537 1297 2592 quum
1308 2519 1358 2576 rei·

274 2616 395 2694 publiooe
409 2615 519 2674 intersit
531 2633 604 2692 opus
617 2615 760 2692 progredi.

311 2720 361 2775 53.
376 2715 409 2773 Si
422 2715 510 2787 aliqui
522 2715 580 2774 sint
592 2715 662 2772 adeo
675 2713 793 2782 robusti,
806 2720 838 2770 ut
847 2713 992 2791 operando
1000 2715 1131 2791 jejunare
1141 2723 1254 2787 queant,
1265 2714 1357 2790 plures

216 2882 218 2887 .
275 2813 373 2874 dieunt
385 2833 435 2872 eos
449 2813 484 2871 ad
493 2813 636 2890 jejunium
655 2815 759 2873 teneri:
782 2811 859 2885 quod
878 2813 925 2870 alii
944 2823 1057 2890 negant,
1072 2831 1108 2871 eo
1125 2811 1202 2886 qnod
1213 2813 1262 2871 lex
1275 2813 1359 2888 respi-

273 2912 329 2968 oiet
342 2930 404 2982 que
420 2911 588 2987 plerumque
607 2913 784 2988 contingunt.
827 2909 970 2969 Ceterum
989 2912 1039 2968 vix
1058 2912 1215 2987 reperietur
1234 2912 1283 2985 qui
1302 2929 1358 2987 gra·

275 3025 341 3065 vem
354 3007 479 3064 laborem
488 3007 606 3082 jejunus
620 3009 712 3084 possit
723 3010 829 3079 absque
842 3008 1011 3068 detrimento
1023 3009 1107 3067 ferre.

316 3107 365 3160 54.
386 3103 445 3169 Qui
456 3121 515 3160 uno
528 3114 577 3161 aut
588 3105 675 3164 altero
689 3105 734 3164 die
748 3115 849 3164 vacant
861 3127 878 3164 a
889 3106 996 3177 labore,
1010 3108 1150 3166 habentur
1160 3127 1176 3164 a
1185 3107 1290 3184 jejunii
1302 3107 1360 3182 lege

275 3203 427 3269 immunes,
441 3219 530 3274 quum
542 3203 621 3262 labor
633 3205 795 3279 pneeedens
809 3206 905 3282 exigat
917 3207 1019 3265 virium
1038 3206 1234 3273 refectionem,
1248 3223 1358 3282 praeser·

276 3301 328 3360 tina
341 3309 372 3360 ut
382 3301 472 3360 labori
484 3319 560 3361 novo
580 3301 675 3361 idonei
688 3303 816 3362 evadant.
858 3306 1007 3364 Tenentur
1026 3315 1119 3364 autern
1133 3303 1169 3362 ad
1177 3302 1359 3382 jejunandum

272 3401 299 3459 si
311 3399 492 3460 manifestum
506 3401 544 3460 sit
555 3419 606 3460 eos
619 3403 725 3474 absque
738 3402 920 3462 inoornmodo
929 3404 1073 3481 jejunium
1086 3421 1222 3481 peragere
1236 3421 1331 3480 posse.

317 3503 366 3561 55.
388 3497 446 3566 Qui
457 3501 584 3559 laborem
598 3519 712 3577 gravem
726 3511 883 3570 assumunt,
897 3503 974 3560 nulla
992 3513 1110 3580 urgente
1123 3521 1217 3571 eausa,
1232 3501 1285 3560 sed
1293 3501 1360 3579 jeju·

277 3599 356 3658 nium
370 3607 401 3656 ut
413 3599 528 3667 evitent,
543 3601 573 3658 in
586 3599 714 3658 fraudent
725 3602 798 3677 legis
816 3609 911 3678 agunt,
926 3611 954 3658 et
966 3603 1076 3678 peceati
1089 3611 1156 3660 sunt
1167 3602 1218 3660 rei.
1261 3601 1324 3658 Imo
1340 3600 1363 3656 si

277 3697 383 3768 absque
397 3714 492 3764 eausa,
506 3699 560 3754 etsi
579 3697 655 3756 haud
668 3700 762 3758 animo
781 3700 875 3776 legem
895 3700 1042 3769 evadendi,
1062 3702 1151 3759 labori
1170 3709 1281 3769 vacent,
1295 3699 1361 3757 adeo

277 3802 308 3852 ut
316 3795 446 3872 jejunare
460 3805 611 3867 nequeant,
626 3815 684 3854 non
698 3805 764 3856 sunt
775 3807 892 3873 peceato
905 3801 1056 3858 immunes.
1100 3808 1119 3836 “
1132 3801 1165 3858 Si
1178 3799 1361 3876 peregrinatio

278 3902 307 3950 et
326 3895 420 3970 operis
438 3893 519 3954 labor
531 3895 681 3954 commode
701 3895 809 3954 differri
828 3899 920 3973 possit
939 3908 986 3956 aut
1006 3899 1137 3968 diminui,
1157 3900 1265 3971 absque
1282 3896 1360 3954 detri-

276 4001 374 4052 mento
388 3995 542 4068 corporalis
555 3995 652 4052 salutis
666 4002 694 4052 et
712 3996 863 4054 exterioris
876 4006 964 4054 status
978 3997 1028 4070 qui
1040 3998 1192 4068 requiritur
1204 3997 1240 4055 ad
1254 4013 1360 4055 conser-

277 4090 419 4148 vationem
439 4094 603 4168 corporalis,
618 4093 663 4150 vel
676 4094 828 4170 spiritualis
848 4096 923 4163 vitae,
943 4115 1002 4154 non
1022 4104 1088 4155 sunt
1107 4104 1222 4172 propter
1234 4096 1291 4155 hoo
1309 4093 1360 4153 Ec·

277 4185 371 4244 olesiae
380 4188 492 4263 jejunia
504 4188 791 4266 pretermittenda.”²

314 4381 353 4448 (l)
362 4379 389 4432 Β·
398 4381 520 4447 Alpheus.
532 4387 549 4434 1.
560 4385 595 4436 iii.
605 4401 632 4436 5.
646 4388 717 4440 1041.
820 4393 862 4459 (2)
876 4396 900 4442 2.
912 4397 936 4443 2.
947 4407 989 4456 qu.
1000 4393 1082 4443 cxlvii.
1092 4399 1136 4442 ert.
1145 4391 1178 4441 ir.
1189 4391 1221 4441 sd
1232 4391 1334 4442 tertium.
