3076 5260
294 456 353 514 3⁰2
447 450 503 510 DE
529 446 889 508 OBLIGATIONIBUS
910 447 1244 510 RELlGlOSORUM.

296 619 377 698 ipsis.
419 615 527 676 Curam
553 617 666 675 illorum
692 606 815 674 bahem
855 615 890 674 ln
915 635 951 674 eo
975 616 1090 676 elucere
1116 617 1200 676 debet
1225 617 1388 694 Superioris

294 717 428 784 studium,
440 725 542 774 utnon
557 723 665 773 tuntum
679 713 862 774 eliminentur
878 715 954 782 vitia,
975 714 1026 772 sed
1045 725 1073 773 et
1082 715 1219 791 perfectio
1239 727 1387 788 queratur,

298 827 326 876 et
344 813 480 893 specialia
501 813 614 890 pietatis
634 814 780 882 exercitia,
803 831 866 886 que
888 813 1004 872 cuilibet
1025 815 1153 872 instituto
1175 825 1242 872 sunt
1267 818 1388 893 propria,

300 915 438 983 colentrr,
453 913 621 972 florescente
634 911 786 988 disciplina
804 911 946 988 religiosa.
988 912 1074 980 Quod
1094 912 1119 969 si
1140 913 1272 973 socordia
1294 925 1390 972 suaet

301 1013 482 1074 conniventia
503 1011 668 1090 languescat
686 1011 787 1088 pietas,
811 1019 839 1068 et
865 1009 1002 1086 regularis
1024 1012 1204 1070 observantie
1222 1013 1388 1092 negligatur,

302 1113 384 1172 focile
400 1111 452 1170 erit
463 1128 530 1168 reus
544 1109 683 1186 gravioris
691 1110 809 1184 pcccati.
853 1108 977 1167 Pulchre
990 1111 1112 1187 exponit
1129 1111 1316 1170 Innocentius
1335 1112 1387 1171 111.

298 1209 461 1286 Superioris
474 1209 586 1268 muniet
609 1215 628 1242 ‘⁶
641 1207 705 1264 Proe
724 1207 833 1264 ceteris
852 1216 956 1282 potens
970 1208 1049 1267 sitin
1062 1227 1149 1287 opere
1163 1220 1193 1268 et
1204 1229 1347 1278 sermone,
1360 1220 1389 1268 ut

292 1307 427 1385 exemplo
440 1309 518 1374 vite,
531 1307 675 1378 verboque
689 1303 824 1364 doctrine
838 1303 938 1364 fratres
951 1314 980 1364 et
989 1307 1127 1390 instruere
1140 1310 1234 1385 possit
1255 1311 1287 1367 in
1305 1311 1385 1375 bono,

292 1419 320 1466 et
345 1427 363 1466 e
388 1406 464 1466 mulo
496 1422 642 1464 revocare.
693 1403 795 1462 Zelum
828 1404 973 1482 religionis
1004 1404 1111 1466 habens
1137 1408 1298 1466 secundum
1325 1428 1385 1469 con·

296 1507 456 1573 scientiam,
482 1514 514 1564 ut
541 1503 738 1576 delinquentes
763 1504 896 1580 conipiat
918 1513 947 1561 et
964 1505 1092 1582 castiget,
1115 1505 1281 1564 obedientes
1301 1510 1387 1568 foveat

296 1617 324 1664 et
336 1605 475 1664 confortet
476 1644 557 1660 .....
569 1602 695 1678 vigilem
716 1620 813 1660 curam
836 1611 865 1659 et
876 1601 1041 1678 diligentem
1063 1604 1274 1664 solicitudinem
1289 1627 1385 1686 gerens

293 1703 328 1764 dc
343 1703 499 1763 omnibus:
520 1711 553 1759 ut
562 1700 597 1760 de
610 1699 706 1760 officio
719 1701 773 1758 sibi
786 1701 941 1760 commisso
955 1700 1070 1778 dignam
1083 1703 1149 1761 Deo
1162 1705 1256 1782 possit
1272 1707 1384 1766 reddere

293 1798 485 1862 rationem.”²
504 1801 601 1867 Quum
615 1817 718 1858 munus
729 1800 784 1858 hoc
797 1799 867 1858 odeo
882 1800 919 1856 sit
930 1798 1060 1868 arduum,
1075 1802 1164 1874 liquet
1172 1802 1319 1879 digniores
1327 1825 1384 1864 csse

295 1901 459 1981 eligendos:
482 1907 600 1976 peccant
618 1899 703 1974 igitur
715 1898 813 1958 iratres
830 1899 879 1971 qui
892 1897 1008 1957 laxioris
1023 1901 1086 1958 vitse
1100 1901 1194 1960 studio
1208 1903 1382 1982 Religiosunr

294 2011 392 2060 curant
404 2000 459 2058 sibi
472 1996 685 2076 praeficiendum
699 1997 749 2072 qni
761 1997 873 2074 dignior
885 1998 927 2056 eis
938 2016 997 2056 non
1010 1997 1145 2059 videatur.

312 2261 316 2268 Α
408 2197 449 2262 (l)
470 2195 538 2246 Ecel.
550 2195 627 2246 xxxii.
641 2201 661 2247 l.
841 2193 882 2260 (ἓ)
902 2195 961 2262 Cep
974 2197 1007 2246 vi.
1019 2198 1049 2246 de
1061 2196 1133 2248 Statu
1145 2199 1260 2250 monson
