3146 5266
276 512 315 566 36
638 503 695 562 DE
717 504 999 564 PASSIONIBUS.

277 670 411 743 quoniam
419 668 475 744 ipsi
489 660 752 726 consolabuntur.''1
773 677 791 704 “
801 668 907 726 Luctus
914 667 1071 744 praesens‚'’
1082 669 1212 741 inquitS.
1222 670 1362 739 Thomas,

278 766 341 824 “ad
361 767 583 824 consolationem
603 767 701 827 luuuae
727 769 791 824 vitae
817 766 959 844 perducit:
982 768 1048 838 quia
1069 786 1106 824 ex
1126 768 1182 824 hoc
1202 770 1265 844 ipso
1288 769 1364 841 quod

277 866 364 923 homo
377 865 455 940 luget
467 884 518 940 pro
532 867 665 941 peccatis,
686 866 731 922 vel
750 885 802 942 pro
822 866 953 922 dilatione
973 865 1077 940 gloriae,
1098 876 1221 923 meretur
1238 868 1363 924 conscla-

277 965 384 1020 tionem
398 972 539 1020 aetemam.
582 964 718 1021 Similiter
730 972 852 1021 meretur
864 965 948 1020 etiam
962 982 1023 1020 earn
1037 964 1137 1036 aliquis
1151 983 1189 1021 ex
1208 964 1274 1032 hoc,
1289 965 1363 1037 quod

278 1061 313 1118 ad
335 1063 427 1138 ipsam
448 1061 676 1133 consequendam
696 1081 753 1118 non
773 1063 875 1138 refugit
892 1061 1012 1128 labores,
1032 1071 1059 1118 et
1084 1063 1225 1137 angustias
1251 1073 1364 1138 propter

278 1161 369 1235 ipsam
391 1153 577 1216 sustinere.''²
617 1160 778 1232 Aliquando
797 1160 893 1216 laetitia
912 1161 1012 1216 miscet
1033 1178 1064 1216 se
1086 1161 1212 1227 tristitiae,
1236 1161 1281 1218 vel
1301 1179 1364 1218 eam

278 1258 369 1314 statim
396 1259 530 1329 sequitur,
551 1276 588 1315 ex
613 1277 643 1314 re
670 1257 789 1325 diversa,
816 1258 861 1314 vel
885 1273 1007 1333 persona
1035 1258 1097 1325 alia,
1118 1258 1210 1316 solent
1228 1260 1304 1315 enim
1324 1259 1364 1334 pii

276 1355 408 1412 homines
424 1364 442 1390 “
452 1355 572 1431 gaudere
582 1375 647 1412 cum
661 1355 854 1431 gaudentibus,
863 1356 931 1412 flere
945 1374 1009 1413 cum
1017 1350 1197 1413 fientibus.’'³
1216 1357 1262 1414 De
1271 1356 1365 1413 divina

277 1453 425 1528 Sapientia
437 1454 553 1510 dicitur:
576 1463 662 1512 “non
681 1453 766 1510 habet
784 1452 998 1510 amaritudinem
1017 1455 1191 1512 conversatio
1211 1456 1295 1522 illius,
1310 1473 1365 1512 nec

276 1551 389 1608 taedium
400 1552 543 1608 convictus
553 1552 639 1618 illius,
651 1551 701 1607 sed
713 1552 837 1608 laetitiam
851 1561 879 1608 et
891 1545 1073 1626 gaudium.’'⁴
1107 1553 1194 1627 igitur
1207 1553 1254 1628 qui
1268 1553 1363 1609 Deum

277 1650 512 1724 contemplantur,
526 1649 632 1706 nullam
645 1648 710 1705 inde
724 1649 888 1724 concipiunt
906 1649 1054 1717 tristitiam,
1069 1651 1131 1726 ipse
1144 1651 1219 1706 enim
1233 1651 1314 1708 dolor
1326 1651 1363 1708 ob

277 1765 342 1804 eurn
356 1755 471 1823 peccato
483 1747 593 1814 laesum,
607 1765 738 1822 magnam
752 1745 859 1804 inducit
871 1745 1058 1804 dulcedinem.
1100 1748 1258 1820 Aliquando
1271 1759 1364 1806 tamen

277 1846 360 1903 taedet
373 1865 422 1903 eos
436 1864 534 1902 eorum
549 1865 611 1918 quae
625 1866 642 1902 a
654 1845 893 1920 contemplatione
903 1863 953 1902 eos
966 1846 1117 1903 retrahunt.
1140 1845 1243 1903 Cordis
1255 1847 1364 1903 tristitia

276 1965 314 2004 ex
321 1947 405 2003 rebus
413 1945 501 2003 menti
514 1945 638 2002 intimius
649 1945 859 2002 obversantibus
869 1953 1014 2019 concepta,
1024 1945 1108 2021 longe
1119 1945 1231 2002 excedit
1239 1945 1363 2002 dolorem

275 2064 312 2102 ex
326 2045 451 2118 corporis
461 2043 553 2098 malo:
570 2044 690 2100 “omnis
704 2045 787 2118 plaga
796 2043 904 2099 tristitia
917 2041 1008 2099 cordis
1021 2040 1111 2110 est‚”⁵
1123 2045 1249 2101 maxima
1258 2045 1364 2120 quippe

279 2160 348 2198 voce
362 2141 410 2196 illa
423 2148 442 2174 “
451 2140 564 2196 omnis”
579 2159 632 2197 usu
647 2141 789 2198 Hebraico
803 2140 971 2215 designatur.

320 2244 369 2298 70.
385 2238 483 2294 Animi
492 2239 566 2294 vires
574 2239 683 2296 tristitia
695 2240 775 2296 valde
789 2241 961 2306 minuuntur,
975 2239 1050 2296 unde
1064 2241 1095 2296 fit
1106 2250 1137 2297 ut
1152 2259 1233 2298 mens
1246 2247 1366 2312 nequeat

282 2357 330 2394 eas
341 2355 488 2394 exercere:
511 2355 613 2412 corpus
626 2339 710 2396 etiam
723 2339 877 2413 plurimum
888 2336 1014 2405 laeditur3
1028 2339 1132 2396 viribus
1143 2341 1219 2396 enim
1232 2339 1365 2416 paulatim

282 2434 486 2503 deficientibus,
499 2435 663 2511 languescit.
707 2438 855 2494 “Animus
869 2435 993 2512 gaudens
1013 2445 1121 2492 artaoem
1140 2436 1270 2494 floridam
1283 2437 1364 2494 facit:

282 2535 396 2609 spiriurs
411 2533 495 2590 tristis
509 2535 633 2590 exsiccat
645 2527 757 2592 ossa.'’6
798 2544 817 2570 ‘⁶
827 2536 908 2592 Sicut
926 2535 1000 2591 tinea
1018 2533 1194 2601 vestimento,
1218 2543 1246 2589 et
1260 2535 1366 2591 vermis

282 2633 376 2708 ligno:
398 2633 437 2688 ita
449 2632 558 2689 tristitia
571 2633 623 2689 viri
636 2643 718 2690 nocet
732 2626 856 2690 cordi.’'⁷
883 2641 901 2667 ‘⁶
912 2634 938 2689 A
948 2633 1055 2689 tristitia
1064 2633 1140 2688 enim
1153 2631 1266 2688 festinat
1277 2649 1365 2699 mors,

282 2739 311 2787 et
319 2731 445 2806 cooperit
457 2731 597 2798 virtutem,
609 2740 636 2787 et
648 2733 757 2788 tristitia
770 2732 862 2789 cordis
876 2731 962 2787 flectit
972 2725 1157 2788 cervicem.‘’8
1178 2739 1197 2764 “
1206 2729 1365 2796 Tristitia,”

275 2829 371 2905 judice
383 2830 413 2885 S.
423 2829 548 2896 Thomu,
564 2831 663 2886 “inter
676 2849 775 2887 omnes
789 2831 889 2886 animae
899 2831 1046 2903 passiones
1056 2830 1146 2904 magis
1157 2829 1266 2904 corpori
1273 2837 1365 2884 nocet.

282 2926 374 3000 Cujus
395 2927 464 2982 ratio
485 2934 543 2980 est:
565 2927 631 2997 quia
649 2929 758 2983 tristitia
776 2934 915 3001 repugnat
934 2926 1065 2981 humanae
1087 2927 1150 2982 vitae
1177 2935 1310 2998 quantum
1330 2924 1366 2980 ad

282 3023 406 3098 speciem
421 3031 513 3078 motus
527 3023 581 3089 sui,
596 3032 624 3078 et
636 3042 693 3080 non
706 3025 799 3082 solum
819 3031 954 3095 quantum
974 3023 1009 3078 ad
1021 3041 1183 3080 mensuram
1196 3043 1246 3080 seu
1259 3024 1366 3094 quanti·

279 3129 374 3186 tatem,
399 3120 472 3176 sicut
484 3120 544 3176 aliae
560 3121 659 3178 animae
673 3124 828 3197 passiones
872 3120 1011 3178 Consistit
1030 3122 1105 3177 enim
1125 3123 1248 3178 humana
1262 3122 1319 3178 vita
1336 3122 1366 3178 in

281 3217 401 3290 quadam
415 3219 549 3286 motione,
564 3237 626 3290 quae
641 3220 752 3277 acorde
771 3222 801 3276 in
822 3229 921 3276 caetera
940 3220 1066 3276 membra
1084 3217 1248 3278 diffunditur
1269 3261 1275 3276 .
1298 3261 1305 3275 .
1328 3261 1335 3276 .
1358 3261 1366 3275 .

281 3317 429 3392 passiones
443 3325 546 3383 autem,
561 3336 623 3389 quae
637 3319 789 3393 important
807 3327 916 3375 motum
930 3318 1069 3392 appetitus
1087 3337 1151 3374 cum
1171 3317 1247 3394 fuga,
1261 3318 1306 3374 vel
1325 3336 1367 3374 re·

281 3415 414 3472 tractione
438 3414 569 3486 quadam,
590 3425 747 3491 repugnant
768 3416 844 3471 vitali
863 3416 992 3481 motioni,
1015 3433 1073 3471 non
1098 3416 1191 3473 solum
1213 3414 1367 3472 secundum

282 3515 474 3586 quantitatem,
489 3513 636 3571 sedetiam
651 3513 805 3571 secundum
818 3514 942 3590 speciem
957 3521 1059 3568 motus.
1081 3513 1122 3570 Et
1130 3513 1195 3571 ideo
1205 3513 1369 3588 simpliciter

282 3621 396 3678 nocent,
411 3613 483 3668 sicut
496 3615 580 3668 timor
593 3625 621 3668 et
633 3613 800 3688 desperatio,
812 3623 840 3670 et
852 3632 909 3688 prae
923 3612 1053 3670 omnibus
1067 3613 1184 3679 tristitia,
1196 3631 1258 3683 quoe
1272 3630 1367 3688 aggra-

280 3716 327 3763 vat
346 3709 474 3763 animum
496 3726 532 3763 ex
554 3709 630 3764 malo
656 3711 797 3782 praesenti,
824 3711 903 3784 cujus
924 3719 966 3765 est
985 3709 1082 3770 sortior
1103 3711 1262 3786 impressio,
1283 3727 1368 3781 quarn

813 4041 854 4106 (2)
876 4039 897 4089 1.
908 4039 932 4089 2.
945 4056 984 4104 qu.
997 4055 1072 4093 xxxv.
1084 4049 1127 4092 art.
1136 4042 1170 4091 iii.
1182 4039 1355 4110 Adprimum.

378 4121 448 4170 Rom.
459 4122 502 4171 xii.
515 4124 553 4171 15.
879 4123 937 4189 Sap.
944 4125 996 4174 viii.
1012 4126 1049 4176 16.

379 4203 447 4252 Eccl.
458 4220 516 4254 xxv.
529 4206 568 4255 17.
814 4126 858 4274 {dl
878 4210 950 4259 Prov.
962 4210 1021 4260 xvii.
1032 4207 1072 4258 22.

377 4283 479 4348 Ibidem,
488 4303 546 4337 xxv.
556 4287 596 4336 29.
815 4293 857 4358 (8)
883 4294 952 4344 Eccl.
963 4294 1065 4344 xxxviii.
1076 4293 1115 4343 19.

382 4373 402 4417 1.
415 4373 438 4420 2.
450 4387 491 4435 qu·
503 4373 597 4422 xvxvii.
610 4379 652 4422 art.
664 4373 695 4422 ir,
730 4375 803 4442 Roap.
