3068 5256
270 453 327 508 106
553 445 609 504 DE
632 445 796 513 QUINTO
817 445 1071 508 PRAECEPTO.

267 621 299 670 ut
311 611 425 678 evadat;
446 611 491 668 vel
503 611 590 668 alium
604 611 718 689 aggredi
731 613 781 683 qui
796 621 857 669 actu
871 612 930 669 vim
952 630 1009 668 non
1029 611 1131 668 infert:
1153 629 1221 667 nam
1235 613 1292 669 sibi
1306 631 1363 669 non

267 710 351 767 debet
369 711 515 766 consulere
534 712 715 768 innoxiorum
738 710 824 768 eaede.
868 710 900 766 si
922 711 1044 767 furiosus
1064 709 1148 766 alicui
1169 712 1227 767 vim
1251 711 1362 777 inferat,

268 827 321 866 nec
332 809 368 864 sit
386 809 456 866 ratio
470 809 616 878 evadendi,
631 811 687 868 nisi
701 811 786 867 vitam
807 810 834 866 ei
852 807 1007 884 eripiendo,
1029 816 1095 865 sunt
1117 809 1168 880 qui
1187 809 1288 866 dicunt
1307 827 1365 866 non

269 907 355 964 licere
369 925 435 964 eum
448 909 615 976 interficere,
631 927 718 980 quum
741 909 843 985 injuria
862 927 920 965 non
941 908 978 963 sit
989 924 1065 974 vera,
1080 906 1231 964 deficiente
1246 908 1363 964 rationis

161 1056 167 1064 .
267 1023 331 1073 usu,
346 1015 374 1062 et
387 1025 534 1082 aggressor
557 1017 672 1084 peccato
692 1017 754 1064 ante
776 1006 907 1064 delirium
926 1006 1020 1063 forsan
1034 1005 1208 1077 inquinatus,
1224 1007 1253 1063 in
1274 1007 1364 1063 mani·

269 1104 340 1162 festo
361 1107 489 1163 interitus
509 1104 671 1163 discrimine
692 1107 747 1162 sit:
770 1105 820 1162 sed
841 1105 958 1162 adversa
983 1104 1064 1160 nobis
1086 1104 1191 1161 arridet
1212 1105 1363 1170 sententia,

270 1223 337 1262 nam
346 1205 395 1280 jus
409 1205 510 1262 habere
525 1204 633 1262 videtur
646 1206 766 1276 quisquc
780 1225 796 1262 a
809 1214 907 1261 namra
927 1211 957 1260 ut
979 1220 1009 1258 se
1031 1211 1141 1259 tueatur
1154 1213 1252 1260 contra
1267 1221 1364 1274 quem·

270 1321 325 1375 quc
339 1321 405 1360 eum
419 1303 524 1374 absque
538 1322 624 1360 causa
637 1303 855 1379 aggredientem.
898 1301 931 1360 Id
945 1320 980 1358 eo
1000 1303 1091 1377 magis
1106 1300 1258 1358 dicendum
1275 1309 1318 1357 est
1330 1299 1364 1356 de

274 1401 343 1458 ebrii
369 1401 550 1476 aggressione
570 1421 656 1474 quem
679 1402 815 1478 repellere
837 1403 904 1460 licet
924 1419 990 1458 eum
1005 1398 1177 1468 occidendo,
1199 1419 1289 1472 quum
1316 1417 1365 1456 sua

270 1498 353 1573 culpa
366 1499 395 1556 in
409 1500 560 1556 discrimen
574 1519 605 1557 se
620 1500 777 1557 adduxerit.

313 1599 380 1653 104.
402 1599 435 1654 Si
449 1599 512 1668 quis
526 1600 706 1656 occasionem
720 1598 827 1654 dederit
849 1598 1026 1674 aggressioni
1042 1599 1226 1665 contumelia,
1241 1597 1366 1654 dubitant

271 1694 400 1752 nonnulli
412 1704 506 1753 utrum
526 1697 616 1771 possit
635 1698 721 1754 vitam
743 1697 823 1762 tueri,
844 1696 1055 1772 aggredientem
1079 1695 1294 1753 interficiendo:
1316 1695 1366 1752 sed

271 1793 398 1869 plerique
413 1794 568 1862 affirmant;
587 1795 655 1852 licet
668 1797 744 1853 enim
767 1796 798 1851 in
818 1795 901 1870 culpa
921 1795 1005 1852 fuerit
1025 1795 1161 1870 probrum
1185 1793 1365 1870 proferendo,

205 1923 209 1934 ·
272 1912 331 1951 non
344 1892 408 1951 ideo
422 1895 517 1952 amisit
525 1895 574 1970 jus
585 1895 620 1952 ad
634 1896 719 1953 vitam
733 1894 877 1961 tuendam,
893 1913 977 1966 quam
992 1894 1060 1950 alter
1073 1893 1179 1970 injuria
1189 1893 1364 1969 aggreditur:

273 1993 443 2050 contumelia
455 1994 532 2050 enim
544 2004 664 2050 mortem
678 2013 737 2051 non
750 2002 880 2050 meretur.
912 1993 975 2050 lmo
989 1991 1057 2048 dicit
1071 1992 1192 2068 Mayol:
1217 1991 1366 2048 “Adulter
1381 1991 1384 1998 '

274 2089 467 2164 deprehensus
481 2092 511 2147 in
525 2091 662 2166 flagranti,
686 2103 714 2148 et
734 2093 849 2148 invasus
870 2112 886 2148 a
905 2091 1015 2158 marit0,
1039 2099 1132 2166 potest
1154 2091 1231 2148 licite
1250 2109 1282 2148 se
1302 2109 1366 2147 cum

274 2187 466 2245 moderamine
480 2188 640 2258 defendere,
655 2193 739 2249 etiam
754 2210 819 2248 cum
834 2191 924 2266 ipsius
938 2184 1132 2247 occisione.’'1

321 2291 387 2344 105.
408 2289 481 2344 Actu
496 2291 639 2364 aggressio
652 2290 701 2348 fiat
713 2308 830 2348 necesse
844 2298 930 2346 estut
944 2289 1007 2361 quis
1022 2290 1081 2346 vim
1101 2289 1130 2344 vi
1142 2287 1281 2363 repellere
1296 2287 1367 2343 dica-

274 2395 327 2452 tur,
354 2404 407 2441 nec
432 2387 537 2444 sufficit
560 2395 592 2443 ut
624 2390 686 2459 quis
712 2397 844 2448 noscatur
870 2407 1075 2465 aggressurus:
1111 2389 1161 2458 qui
1182 2388 1269 2462 igitur
1292 2385 1369 2444 novit

274 2503 311 2540 ex
325 2482 436 2542 indiciis
450 2486 572 2558 aliquem
586 2505 617 2543 sc
636 2497 722 2545 noctu
743 2489 815 2544 velle
839 2488 1005 2554 interficere,
1020 2505 1078 2545 non
1099 2494 1191 2562 potest
1203 2503 1270 2542 eum
1285 2494 1365 2541 antea

276 2583 316 2643 nil
339 2583 547 2658 aggredientem
568 2585 680 2645 tollere:
704 2606 766 2659 quae
788 2587 866 2644 enim
888 2585 968 2642 datur
993 2585 1111 2642 facultas
1132 2603 1163 2641 se
1184 2583 1280 2641 tuendi
1302 2601 1368 2641 cum

277 2681 390 2740 alterius
405 2683 566 2743 discrimine
580 2694 736 2745 extremam
749 2686 948 2744 necessitatem
956 2685 1081 2760 respicit,
1092 2702 1145 2740 neo
1159 2682 1195 2739 ad
1208 2683 1277 2739 alios
1290 2681 1369 2740 facile

281 2781 459 2841 extendenda
472 2795 515 2842 est
527 2805 620 2843 rerum
647 2806 738 2844 casus.
781 2784 926 2844 Censetur
951 2792 1045 2842 autem
1066 2791 1128 2840 actu
1146 2781 1262 2858 aggredi
1275 2781 1325 2852 qui
1339 2797 1368 2836 se

277 2881 428 2937 manifesti
442 2893 522 2956 parat
535 2883 570 2938 ad
582 2884 815 2958 agrrediendum;
836 2901 889 2940 nee
903 2892 1012 2940 tenetur
1026 2883 1090 2954 quis
1104 2889 1265 2956 expectare,
1281 2897 1369 2950 quum

278 2994 358 3033 mora
371 2975 528 3035 facultatem
542 2998 657 3038 omnem
670 2981 820 3040 resistendi
840 2982 937 3038 tollere
955 2983 1055 3056 possit.
1099 2980 1147 3037 Sic
1161 2981 1252 3036 viator
1269 2978 1369 3034 videns

278 3075 427 3132 inimicum
442 3095 518 3132 arma
526 3077 587 3151 jam
607 3079 750 3137 tollentem
772 3091 803 3138 ut
816 3099 881 3138 eum
895 3081 1053 3147 interficiat,
1068 3079 1171 3155 poterit
1183 3095 1250 3135 eum
1265 3075 1386 3156 interfi-¹

279 3172 380 3229 ciendo
401 3175 565 3249 praevenire,
588 3177 613 3233 si
636 3178 689 3234 alia
709 3180 785 3237 nulla
805 3180 841 3236 sit
853 3178 923 3236 ratio
936 3176 1083 3236 evadendi.
1326 3182 1328 3187 '

322 3275 388 3328 106.
411 3272 515 3331 Utrum
528 3274 592 3345 quis
606 3277 696 3351 possit
709 3297 739 3334 se
757 3277 907 3335 defendere
927 3296 993 3334 cum
1013 3277 1076 3333 vitae
1096 3275 1255 3332 innocentis
1274 3273 1373 3330 discri-

279 3371 356 3428 mine
371 3372 512 3443 quaeritur,
528 3373 552 3429 si
565 3393 600 3430 v:
622 3394 659 3451 g:
681 3386 747 3451 post
759 3378 836 3434 hunc
848 3377 933 3433 lateat
946 3393 1104 3452 aggressor,
1120 3392 1173 3431 nec
1187 3373 1271 3430 facile
1282 3373 1375 3448 possit

280 3469 411 3528 discerni.
453 3471 574 3530 Videtur
586 3493 643 3531 non
657 3475 741 3532 licere
756 3479 937 3535 innocentem
950 3471 1078 3533 consulti
1096 3472 1271 3530 interficere:
1294 3467 1372 3543 quod

281 3571 306 3627 si
321 3571 384 3642 quis
398 3582 520 3643 nequeat
533 3591 563 3628 se
585 3575 655 3630 tueri
678 3575 733 3631 nisi
756 3595 821 3634 cum
842 3573 992 3632 manifesto
1014 3571 1174 3630 innocentis
1198 3570 1372 3635 discrimine,

281 3685 339 3724 non
360 3667 470 3724 videtur
489 3687 540 3725 suo
558 3671 663 3744 jure,a
684 3681 781 3730 natura
803 3672 939 3740 derivato,
961 3671 1071 3739 cadere,
1093 3670 1215 3742 ideoque
1236 3687 1301 3726 reus
1316 3686 1373 3725 non

282 3765 344 3831 erit,
359 3765 383 3821 si
396 3782 473 3822 mors
490 3765 648 3825 innocentis
670 3781 811 3841 sequatur,
834 3790 897 3846 quae
918 3770 1076 3848 aggressori
1095 3769 1190 3845 potius
1211 3768 1264 3825 erit
1283 3767 1374 3842 impu·
1403 3761 1404 3764 ’

282 3863 376 3921 tanda.

324 3967 391 4020 107.
414 3963 487 4021 Sunt
508 3983 546 4022 ex
566 3964 705 4043 theologis
730 3968 778 4040 qui
795 3968 898 4026 docent
908 3969 994 4025 licere
1008 3967 1068 4024 viro
1082 3967 1172 4023 nobili
1185 3973 1213 4021 et
1225 3963 1373 4028 honorato,

283 4061 440 4136 presertim
454 4064 547 4134 militi,
563 4065 609 4123 cui
621 4068 724 4141 probro
738 4077 814 4126 esset
832 4067 939 4144 fugere,
953 4065 1110 4122 interficere
1125 4082 1191 4122 eum
1206 4063 1256 4134 qui
1269 4061 1372 4119 fustem

322 4263 364 4328 (¹)
378 4262 442 4328 ΕΧΡ·
455 4281 479 4313 v·
490 4281 557 4330 pree
570 4269 657 4318 artri.
669 4274 692 4328 ς.
705 4269 720 4318 i.
740 4271 786 4320 col.
800 4269 856 4320 623.
874 4269 938 4319 Vide
949 4275 974 4318 et
985 4267 1100 4318 Loesium
1112 4267 1142 4318 de
1151 4265 1250 4334 justitia
1262 4269 1286 4312 et
1294 4264 1348 4328 jure
1361 4263 1375 4318 ς

286 4363 303 4396 ι.
312 4363 331 4396 c.
344 4362 377 4396 rx.
