3068 5256
435 481 491 539 DE
514 480 716 540 SECUNDO
737 483 989 543 PRAEOEPTO.
1223 494 1261 550 83

170 645 321 719 quandam,
343 664 394 703 seu
421 664 514 721 poenae
540 645 739 722 obligationem
761 646 867 716 reduci,
889 649 974 725 juxta
999 649 1031 706 S.
1058 648 1263 725 alphonsum)

169 745 341 814 ‘Nunquam
352 743 421 802 hino
428 763 545 806 movear
555 743 574 800 :'
590 754 762 816 ‘numquam
773 744 884 804 videam
894 747 1011 815 Deum,’
1028 747 1189 816 ‘damnem’
1204 747 1261 817 duo.

168 843 242 901 idem
253 853 297 900 est
306 863 340 901 ac
350 843 445 900 dicere
457 863 464 899 :
480 843 571 900 sinon
580 844 618 900 ita
627 852 680 910 est,
691 853 804 919 paratus
812 863 876 902 sum
887 848 959 904 mori
970 863 978 912 ;
992 844 1241 908 hincnonmoveri
1252 869 1262 920 3

170 941 266 1000 Deum
280 961 436 1015 numquam
450 940 563 1007 videre;
584 941 722 1009 damnari,
736 942 803 1010 dau,
818 945 887 1012 quin
895 943 975 1002 Deus
988 945 1093 1003 vindex
1106 945 1262 1006 invocetur.

170 1041 265 1098 Multo
287 1041 379 1117 magis
402 1059 419 1095 a
439 1041 553 1098 mortali
572 1039 675 1098 delicto
695 1049 868 1098 excusantur
888 1044 937 1115 qui
950 1043 1047 1100 dicunt
1066 1043 1263 1116 “Numquam

171 1138 317 1205 videam,''
341 1140 412 1213 quin
434 1139 543 1212 aliquid
565 1137 726 1214 adjungant.
766 1141 932 1199 Asserimus
950 1123 1082 1218 jurando,
1102 1159 1147 1198 ree
1169 1153 1264 1219 metas

171 1237 321 1296 referendo
334 1237 380 1296 vel
393 1237 577 1312 denegando:
599 1238 804 1311 promissiones
818 1240 903 1296 etiam
925 1239 1070 1298 firmamus
1089 1241 1262 1316 juramento,

170 1335 221 1393 sed
235 1345 265 1393 et
277 1336 435 1394 minamur:
456 1335 531 1393 unde
552 1335 677 1412 theologi
698 1345 907 1394 consueverunt
922 1339 1147 1414 juramentorum
1167 1338 1264 1398 distin-

172 1453 258 1511 guere
286 1436 445 1492 varietates.
487 1434 585 1500 Quum
606 1435 703 1491 omnia
722 1436 884 1511 juramenta
902 1437 1033 1512 ejusdem
1059 1437 1118 1494 sint
1142 1432 1266 1513 speciei²

168 1551 241 1609 opus
255 1552 313 1590 non
330 1544 374 1590 est
392 1532 553 1591 confitendo
567 1532 722 1608 explicare,
734 1541 829 1591 utrum
843 1552 895 1609 per
907 1533 1014 1604 Deum,
1028 1535 1075 1593 vel
1094 1553 1145 1610 per
1158 1535 1262 1594 Jesum

171 1629 330 1716 Qhrismm,
344 1632 390 1688 vel
410 1651 461 1707 per
474 1641 599 1699 sanctos,
613 1631 659 1688 vel
679 1649 730 1706 per
749 1632 862 1701 celum,
887 1633 998 1692 aliudve
1019 1633 1096 1707 quod
1115 1632 1152 1691 ad
1166 1633 1262 1694 Deum

169 1729 298 1797 refertur,
313 1731 377 1802 quis
387 1731 531 1806 juraverit.

210 1832 260 1887 47.
281 1829 332 1886 Ex
345 1828 412 1886 fidei
426 1827 562 1896 doctrina,
572 1829 669 1904 jurare
681 1827 749 1885 licet
767 1830 850 1886 certis
863 1831 964 1905 positis
983 1830 1210 1889 conditionibus:
1233 1830 1263 1889 id

169 1929 248 1986 enim
270 1937 432 1986 sanctorum
454 1929 580 1984 virorum
603 1945 620 1982 a
639 1925 740 1984 mundi
762 1927 870 2002 origine
893 1929 1027 2004 exempla
1046 1927 1206 1996 ostendunt,
1233 1936 1262 1984 et

171 2027 303 2101 Apostoli
318 2026 409 2095 Pauli,
424 2027 473 2098 qni
488 2025 584 2083 Deum
598 2026 702 2101 saepius
716 2025 828 2082 invocat
840 2033 950 2095 testem,
964 2028 1130 2102 comprobat
1142 2027 1261 2084 auctori·

170 2134 221 2182 tas.
265 2125 363 2182 Vetuit
375 2125 494 2195 quidem
508 2122 641 2181 Christus
657 2125 751 2200 jurare
764 2125 891 2192 omniuo,
911 2125 967 2183 levi
986 2125 1094 2182 scilicet
1112 2123 1147 2183 de
1168 2143 1262 2192 causa,

170 2221 381 2295 discrimenque
396 2222 473 2296 quod
492 2222 630 2282 Phan'saei
650 2223 722 2280 inter
736 2222 898 2298 juramenta
917 2223 1083 2291 statuebant,
1097 2224 1180 2282 inane
1195 2241 1259 2280 esse

169 2322 300 2390 ostendit,
315 2323 385 2395 quin
399 2330 504 2389 umen,
519 2321 598 2397 gravi
611 2321 742 2396 exigente
761 2338 856 2389 causa,
870 2321 1044 2397 prohibuerit
1052 2323 1159 2399 jurare,
1174 2319 1261 2395 quod,

170 2430 280 2478 servata
292 2422 421 2494 aequitate
444 2428 474 2477 et
491 2419 619 2487 veritate,
640 2420 669 2476 in
683 2418 750 2486 Dei,
773 2420 821 2490 qui
844 2422 924 2478 testis
947 2420 1104 2488 adhibetur,
1123 2419 1263 2478 honorem

170 2512 272 2576 cedit³
312 2520 401 2577 “Per
423 2537 530 2577 nornen
550 2517 627 2574 illius
643 2514 802 2595 jurabis.’'⁴
842 2519 1074 2578 “Laudabunhu
1092 2537 1193 2578 omnes
1213 2518 1262 2591 qni

165 2619 264 2693 jurant
278 2619 308 2676 in
329 2609 413 2675 eo.”⁵
453 2625 473 2652 ‘¹
484 2615 716 2684 Juramentum,'’
731 2616 863 2686 inquitS.
875 2618 1016 2686 Thomas,
1032 2616 1218 2676 “secundum
1232 2633 1263 2672 se

172 2724 218 2771 est
229 2716 341 2772 licitum
350 2725 379 2772 et
390 2715 559 2773 honestum:
581 2714 659 2787 quod
671 2722 792 2790 patetex
800 2717 946 2790 origineet
958 2733 995 2770 ex
1003 2715 1077 2772 fine:
1100 2733 1138 2770 ex
1151 2714 1262 2789 origine

168 2812 300 2886 quidem,
316 2814 383 2885 quia
397 2815 586 2890 juramentum
600 2822 644 2872 est
656 2811 849 2870 introductum
869 2830 905 2869 ex
918 2810 975 2868 fide
989 2829 1045 2882 qua
1056 2810 1189 2868 homines
1203 2827 1263 2866 cre·

169 2910 240 2971 dunt
262 2912 360 2970 Deum
381 2911 483 2969 habere
506 2912 683 2971 infallibilem
705 2911 859 2979 veritatem,
883 2919 912 2968 et
932 2910 1113 2968 universaleu
1133 2909 1262 2968 omnium

168 3012 612 3088 cognitionemetprovisionem.
640 3009 867 3077 Exfineautem,
878 3009 1262 3088 quiajuramentuminduci·

168 3117 211 3167 tur
223 3109 257 3166 ad
266 3109 481 3189 justificandum
493 3110 626 3168 homines
639 3117 668 3166 et
680 3108 714 3165 ad
727 3107 887 3166 finiendum
897 3109 1111 3177 controversiae,
1122 3117 1154 3166 ut
1160 3108 1262 3166 dicitur

168 3207 202 3265 ad
215 3208 355 3267 Hebraeos
369 3198 464 3266 1Ἰ.”ὀ

205 3311 255 3365 48.
277 3309 353 3365 Tres
376 3307 530 3384 juramenti
550 3306 728 3366 conditiones
754 3323 791 3363 ex
815 3305 942 3363 Jeremia
964 3304 1056 3362 solent
1078 3305 1257 3364 enumerarit

172 3412 191 3439 “
203 3405 333 3464 Jurabis:
355 3406 427 3464 vivit
438 3405 582 3464 Dominus
596 3406 626 3462 in
638 3405 763 3473 veritate,
777 3405 848 3462 etin
865 3403 986 3480 judicio,
1006 3412 1035 3459 et
1053 3404 1084 3460 iu
1099 3397 1259 3479 justitia,'’⁷

171 3503 281 3562 scilicet
289 3507 484 3582 juramentum
497 3504 582 3562 debet
593 3521 657 3560 esse
677 3521 787 3569 verum,
808 3521 846 3558 ex
866 3503 944 3575 gravi
956 3518 1042 3556 causa
1060 3501 1210 3574 prolatum,
1226 3497 1261 3554 ad

172 3620 235 3659 rem
250 3621 359 3675 mquam
373 3603 566 3662 sanciendam.
609 3603 674 3659 “Si
693 3601 796 3658 veritas
810 3598 892 3665 desit,
907 3597 953 3654 vel
966 3605 1078 3672 putetur
1091 3595 1201 3664 deesse,
1215 3593 1261 3652 vel

169 3699 254 3759 dubia
265 3703 302 3759 sit
309 3703 427 3780 juranti,
436 3711 480 3759 est
488 3702 654 3779 perjurium,
665 3709 694 3759 et
706 3715 821 3775 semper
834 3696 950 3755 mortale
959 3705 1119 3772 peccatum,
1129 3696 1216 3754 etiam
1228 3695 1259 3754 in

169 3817 200 3856 re
212 3798 268 3858 levi
282 3795 436 3858 asserta.'’⁸
476 3802 519 3859 Ita
531 3819 633 3859 omnes
653 3799 790 3874 theologi,
810 3805 927 3855 testante
940 3797 1075 3856 Antoine.
1117 3795 1261 3854 Damnata

169 3906 212 3956 est
223 3899 381 3975 propositio
400 3917 541 3972 sequens:
565 3899 706 3956 “Vocare
729 3897 825 3956 Deum
838 3888 877 3955 ¹iu
899 3905 1001 3954 testem
1021 3891 1164 3954 mendacii
1176 3893 1259 3958 levis,

204 4066 246 4130 (l)
264 4064 294 4114 L.
305 4067 339 4116 iii.
351 4081 377 4115 n.
391 4065 446 4116 14³.
750 4066 793 4131 (2)
814 4063 915 4114 Ibidem.

203 4150 243 4215 (8)
262 4149 405 4201 Matudl.
438 4149 526 4201 lace.
540 4149 578 4201 12.
746 4150 787 4214 (4)
807 4144 924 4196 Deutvi.
939 4143 976 4192 18.

202 4233 244 4298 (5)
263 4233 303 4283 Pa
313 4235 365 4284 lxii.
378 4237 415 4282 12.
752 4233 791 4296 (6)
809 4231 832 4279 2.
845 4227 1046 4292 2a.qu.lxxxix.
1059 4225 1133 4276 ertii.
1168 4223 1243 4293 h'eep.

203 4317 245 4381 (7)
260 4318 311 4367 Jer.
323 4319 355 4366 ir.
367 4317 392 4365 2.

203 4402 244 4467 (8)
264 4402 341 4452 Tract
352 4402 383 4452 de
394 4399 456 4452 Virt.
469 4401 523 4451 Rel.
534 4418 556 4452 c.
568 4401 600 4451 iv.
609 4417 650 4465 qu.
663 4398 695 4449 ir.
728 4397 828 4464 Respi.
