3076 5260
274 511 334 568 390
453 505 509 566 DE
530 501 795 566 FORENSIBUS
816 502 1187 564 onulnlulomssus

276 677 390 749 praestet
401 669 498 732 utilem
512 679 542 730 et
553 677 651 728 tutam.
684 666 942 746 Diligenter'debet
954 668 1066 726 clientis
1079 671 1124 728 sui
1135 686 1234 745 gerere
1247 667 1371 746 negotia,

277 786 403 844 querere
422 770 564 837 utilitates,
585 777 614 826 et
632 786 717 828 omne
737 766 903 844 impendere
921 767 1056 835 studium,
1076 778 1109 825 ut
1128 768 1240 844 incepta
1259 767 1372 826 felicem

277 867 399 926 habeant
407 869 526 928 exitum.
568 865 681 925 Arcana
692 866 746 926 sibi
759 867 915 926 commissa
923 864 1007 924 debet
1017 865 1139 925 fideliter
1152 866 1305 934 custodire,
1318 883 1372 923 nec

276 965 376 1026 notitia
388 975 550 1044 comparata
568 966 599 1024 in
611 966 721 1024 clientis
735 964 936 1024 detrimentum
949 966 1000 1024 uti.
1043 964 1123 1024 Huic
1142 965 1227 1024 debet
1245 967 1370 1042 ingenue

277 1063 401 1141 pandere
421 1084 512 1126 causae
526 1072 664 1132 naturam,
679 1065 784 1136 etquis
797 1065 860 1141 ejus
880 1064 974 1122 exitus
987 1064 1186 1123 verosimiliter
1198 1064 1309 1122 futurus
1323 1065 1369 1122 sit.

278 1160 404 1220 Causam
419 1172 511 1222 autern
525 1163 563 1220 ita
574 1179 674 1238 gerere
688 1171 808 1238 oportet,
822 1170 853 1219 ut
867 1161 987 1237 justitiae
1007 1172 1036 1220 ct
1054 1163 1177 1236 aequitati
1197 1163 1370 1230 consulatur,

275 1269 304 1320 et
316 1259 392 1318 fraus
405 1262 499 1320 omnis
513 1269 541 1318 et
552 1258 732 1318 mendacium
747 1260 847 1336 procul
859 1259 1024 1320 habeantur.

318 1361 386 1416 133.
409 1359 529 1424 Quoties
540 1359 604 1434 lege
627 1358 674 1416 vel
691 1357 897 1418 consuetudine
917 1359 1049 1435 pretium,
1063 1360 1109 1417 vel
1124 1359 1311 1436 stipendium,
1326 1361 1370 1419 ad·

278 1458 415 1534 signatam,
430 1476 488 1518 non
502 1457 584 1516 debet
602 1455 754 1516 advocatus
774 1460 867 1536 majus
888 1459 1020 1534 exigere:
1042 1468 1217 1535 quapropter
1232 1460 1371 1535 justitiam

277 1556 375 1622 violat,
388 1565 418 1614 et
430 1554 466 1614 ad
478 1573 630 1614 excessum
644 1555 849 1616 restituendum
864 1565 985 1624 tenetur,
994 1560 1043 1630 qui
1053 1559 1145 1634 exigit
1157 1576 1300 1615 summam
1313 1577 1371 1616 ma·

274 1655 369 1732 jerem
395 1665 532 1714 consueta
556 1657 594 1714 ob
614 1656 800 1714 instrumenta
819 1654 1005 1716 conficienda.
1047 1655 1133 1724 Quod
1159 1655 1193 1714 ad
1217 1656 1372 1715 honoraria

276 1751 407 1829 pertinet,
431 1753 555 1828 pendent
576 1754 744 1830 plerumque
764 1772 801 1812 ex
813 1754 871 1813 litis
884 1755 1087 1830 magnitudine,
1102 1765 1131 1812 et
1152 1754 1282 1814 advocati
1296 1775 1368 1832 proe·

277 1851 398 1918 stantia3
419 1859 448 1908 et
457 1852 535 1911 licite
544 1854 721 1930 accipiuntur
734 1871 796 1925 quae
807 1863 909 1928 sponte
923 1853 1022 1912 dantur
1035 1874 1050 1911 a
1063 1854 1232 1913 clientibus:
1254 1855 1308 1913 sed
1323 1856 1371 1928 qui

277 1949 379 2008 nolunt
390 1967 472 2010 suam
494 1960 626 2026 praestarc
648 1969 765 2027 operam
788 1953 935 2011 clientibus
956 1953 985 2010 in
1006 1971 1100 2012 rerum
1121 1952 1299 2022 discrimine,
1314 1955 1371 2013 nisi

278 2047 455 2124 amplissima
475 2050 595 2125 pecunia
608 2059 734 2126 accepta,
745 2052 886 2128 justitiam
902 2050 1031 2110 videntur
1043 2052 1158 2119 violare,
1173 2055 1334 2128 praesertim
1348 2054 1373 2111 si

277 2147 396 2208 clientes
407 2147 437 2205 in
450 2149 498 2206 illa
511 2166 605 2208 rerum
620 2149 747 2225 positura
761 2157 905 2222 nequeant
917 2149 952 2208 ad
966 2151 1051 2209 alium
1060 2169 1214 2208 recurrere.
1257 2152 1373 2210 Debent

276 2245 384 2304 idcirco
397 2247 542 2304 restituere
555 2265 717 2314 excessum,
731 2248 825 2307 habita
837 2250 946 2307 ratione
959 2249 1074 2317 laboris,
1095 2259 1122 2308 et
1136 2250 1244 2326 peritiae
1259 2271 1330 2319 suae,
1344 2263 1372 2308 et

276 2343 491 2404 consuetudinis
505 2355 637 2420 receptae.
679 2345 737 2410 Qui
751 2347 818 2406 verd
828 2366 892 2406 eum
904 2349 1053 2408 clientibus
1064 2351 1245 2424 paciscuntur
1253 2369 1286 2407 se
1300 2350 1371 2406 nihil

276 2437 468 2518 postulaturos
495 2441 567 2498 ultra
593 2443 739 2516 impensas
762 2447 939 2503 necessarias
963 2447 992 2504 in
1015 2447 1064 2505 lite
1084 2448 1295 2522 prosequenda,
1317 2449 1372 2506 nisi
1417 2441 1422 2450 ⁸

277 2545 363 2598 causa
375 2537 504 2607 vicerint,
518 2547 638 2614 possunt
657 2539 819 2600 mercedem
831 2543 919 2620 longe
939 2547 1078 2623 majorem
1092 2549 1207 2622 exigere
1222 2549 1259 2605 ob
1273 2547 1370 2610 condi·

253 2711 256 2719 Ι
278 2639 384 2698 tionem
398 2637 475 2696 illam
489 2645 590 2714 sponte
604 2647 777 2715 susceptam,
792 2643 947 2715 prasertim
961 2645 985 2701 si
996 2663 1081 2702 causa
1089 2645 1170 2704 valde
1185 2644 1264 2704 dubii
1278 2648 1371 2704 exitus

277 2739 322 2796 sit.
364 2735 450 2801 Quod
463 2745 557 2794 autem
579 2739 709 2796 nonnulli
733 2747 872 2812 quartam,
886 2741 932 2798 vel
954 2743 1064 2802 tertiam
1088 2753 1207 2821 partem,
1222 2745 1270 2803 vel
1284 2747 1370 2804 etiam

277 2834 427 2895 dimidium
438 2837 480 2894 rei
493 2834 528 2892 de
542 2853 599 2907 qua
613 2837 713 2913 agitur,
728 2837 782 2895 sibi
795 2837 860 2895 ideo
873 2839 1027 2910 vindicent,
1039 2844 1089 2902 vix
1102 2853 1196 2919 potest
1208 2863 1275 2902 cum
1288 2845 1371 2922 justi·

280 2935 325 2992 tiae
338 2932 450 3008 legibus
464 2933 619 3003 conciliari,
641 2937 753 3008 quoties
767 2946 917 3014 paupertas
930 2939 977 2996 vel
990 2940 1044 2997 alia
1057 2940 1126 2998 dura
1137 2961 1232 3000 rerum
1246 2942 1371 3002 conditio

275 3029 424 3088 clientibus
437 3030 633 3086 necessitatem
648 3033 820 3090 assentiendi
840 3036 985 3111 imposuit.
1028 3039 1247 3115 sapientissime
1261 3041 1368 3100 ideireo

274 3136 303 3184 et
311 3125 470 3204 justissime
479 3127 545 3203 jure
552 3126 629 3186 civili
639 3128 804 3207 hujusmodi
814 3141 896 3208 pacta
908 3137 994 3194 vetita
1006 3136 1096 3205 sunt‚¹
1110 3148 1207 3216 utpote
1215 3139 1367 3200 clientibus

274 3225 389 3303 injusta,
404 3235 432 3284 et
451 3227 631 3288 occasionem
652 3230 804 3305 praebentia
823 3230 965 3293 advocatis
985 3255 1037 3312 per
1055 3237 1097 3294 sas
1117 3245 1146 3294 et
1164 3239 1244 3296 nefas
1259 3239 1295 3297 ad
1308 3241 1367 3298 exi·

274 3335 334 3386 tum
347 3325 459 3386 felicem
476 3344 537 3386 rem
560 3327 745 3402 perducendi.
787 3327 931 3390 Oaeterum
953 3353 1041 3405 quum
1064 3335 1138 3412 opud
1160 3356 1213 3396 nos
1235 3338 1286 3396 lex
1309 3358 1366 3399 non

275 3425 375 3492 obstet,
390 3423 425 3482 de
439 3425 528 3499 pactis
538 3425 622 3502 juxta
635 3428 794 3499 aequitatem
804 3427 991 3504 judicandum
1005 3444 1058 3492 est.

315 3527 383 3583 134.
406 3522 476 3583 Νοιι
497 3523 565 3584 licet
584 3527 728 3602 suscipere
751 3545 844 3584 causae
867 3531 1016 3590 manifesti
1037 3535 1149 3611 injuste
1163 3535 1364 3612 patrocinium,

274 3625 341 3696 quia
361 3624 410 3696 qui
423 3639 539 3696 operam
559 3642 639 3683 suam
659 3633 774 3700 praestat
792 3626 937 3703 injustitia
951 3632 1103 3706 patrandae,
1117 3634 1163 3691 vel
1176 3633 1364 3705 vindicandae,

274 3723 304 3780 in
317 3739 402 3780 causa
415 3729 459 3778 est
472 3729 504 3777 ut
512 3730 647 3797 patretur,
658 3724 704 3782 vel
718 3725 829 3782 obicem
840 3727 939 3804 objicit
951 3748 986 3787 ne
1000 3741 1153 3808 reparetur.
1197 3741 1216 3768 ‘⁶
1227 3733 1365 3794 illicitum

273 3830 317 3878 cst
330 3820 413 3879 alicui
426 3823 573 3896 cooperari
592 3820 627 3879 ad
647 3823 752 3882 malurn
773 3823 946 3896 iaciendum,
960 3829 1020 3887 sive
1041 3831 1227 3899 consulendo,
1241 3833 1303 3890 sive
1317 3834 1363 3892 ada

267 3919 405 3997 juvando,
420 3919 481 3976 sive
496 3919 738 3995 qualitercumque
752 3925 973 3983 consentiendo:
996 3929 1062 4000 quia
1075 3931 1227 3988 consilians
1241 3938 1270 3987 et
1282 3932 1364 3990 coad-

266 4018 382 4092 juvans,
403 4016 613 4092 quodammodo
637 4030 680 4079 est
702 4019 818 4080 sacieris.
861 4025 902 4082 Et
920 4025 1077 4102 Apostolus
1097 4027 1164 4085 dicit
1182 4027 1218 4086 ad
1238 4028 1359 4090 Romi.

270 4116 346 4187 quod
361 4115 460 4194 ‘digni
473 4126 539 4176 sunt
552 4127 643 4178 morte
662 4107 721 4180 non
740 4120 835 4182 solum
848 4125 897 4196 qui
912 4124 1020 4184 faciunt
1032 4135 1189 4202 peccatum,
1211 4127 1263 4185 sed
1277 4131 1363 4190 etiam

269 4213 318 4286 qui
331 4217 512 4274 consentiunt
524 4216 689 4277 facientibus
701 4219 719 4275 :¹
741 4219 817 4278 unde
837 4231 866 4280 et
885 4241 970 4300 supra
989 4225 1096 4286 dictum
1111 4225 1244 4300 estquod
1258 4245 1358 4288 omnes

670 4403 710 4466 (1)
728 4402 758 4452 L.
768 4403 808 4454 liii.
821 4409 835 4466 ς
848 4404 877 4457 ds
882 4411 951 4472 pau.
1039 4461 1041 4466 ,
