3078 5258
252 487 309 544 104
566 477 622 538 DE
644 475 770 536 Mtssrt
789 475 1021 536 AUDIENDA.

253 647 317 706 ciali
331 645 480 704 festivitate
493 649 779 708 commemorasset,
793 659 856 714 qun
876 641 908 698 in
927 638 1024 698 codice
1042 639 1156 710 antiquo
1176 639 1342 699 Sacramen-

254 755 346 806 torum
366 743 502 802 Romanae
523 741 664 800 Ecclesiae
684 738 812 796 refertur.
854 738 1018 814 Epiphania
1037 736 1113 812 apud
1132 735 1293 796 Orientalcs
1315 749 1343 796 et

255 841 453 904 occidentales
473 858 587 916 semper
607 838 661 896 suit
682 837 842 906 celebris,a
860 836 941 894 tertio
955 836 1054 894 saltem
1067 835 1182 894 saeculc.
1223 837 1342 896 Annun-

254 942 377 1001 dationis
391 938 448 998 diei
461 939 567 998 mentio
590 937 711 995 occurrit
730 937 761 995 in
779 935 892 1012 synodo
912 934 1050 994 Trullaua
1064 952 1139 992 anno
1161 937 1236 1001 6923
1258 937 1288 993 in
1307 954 1343 994 ea

254 1039 363 1099 scilicet
374 1047 471 1114 utpote
485 1037 565 1104 festa,
576 1036 657 1094 licuit
669 1035 840 1093 sacrificium
853 1033 965 1102 offerre,
975 1030 1053 1106 quod
1063 1032 1158 1091 Greci
1171 1051 1229 1092 uon
1241 1033 1342 1092 offere·

254 1139 321 1198 bant
334 1138 500 1216 plerumque
513 1153 564 1212 per
578 1133 839 1210 Quadragesimam,
854 1134 911 1192 nisi
934 1131 1056 1190 sabbatis
1069 1139 1098 1188 et
1110 1129 1209 1190 diebus
1223 1129 1343 1190 domim·

256 1238 313 1296 o'ts:
337 1235 387 1294 sed
400 1233 435 1292 de
449 1233 511 1309 ejus
532 1233 641 1310 origine
661 1251 720 1291 non
742 1240 859 1298 constat,
882 1248 971 1304 quum
991 1228 1027 1288 de
1047 1248 1081 1286 oa
1101 1237 1246 1302 tamquam
1269 1230 1342 1288 sesto

255 1335 377 1394 solemni
386 1334 448 1410 jam
457 1341 526 1391 noto
535 1331 666 1404 loquatur
679 1328 818 1406 synodus.
845 1329 958 1388 Pascha
966 1327 1193 1394 Resurrectionis
1204 1328 1238 1386 ab
1249 1330 1342 1404 Apos-

256 1435 377 1494 tolorum
397 1441 523 1508 tempore
543 1430 596 1488 t'uit
615 1430 801 1488 celebratum:
825 1437 923 1486 octava
944 1426 989 1484 die
1009 1426 1220 1503 deponebantur
1239 1446 1255 1484 a
1274 1447 1341 1486 neo·

256 1531 353 1610 phytis
367 1541 460 1590 vestes
474 1529 553 1598 albae,
567 1528 643 1588 unde
667 1527 778 1586 occasio
791 1536 853 1585 orta
864 1536 908 1586 est
920 1544 983 1584 eam
996 1524 1107 1585 dicendi
1125 1525 1297 1584 dominicam
1311 1529 1342 1586 in

256 1630 343 1688 albis:
365 1629 452 1686 habet
473 1628 559 1685 etiam
577 1627 682 1684 festum
705 1626 760 1682 hoc
782 1644 919 1701 magnum
944 1633 1070 1682 octavam
1089 1623 1342 1694 hebdomadarum,

254 1745 312 1786 non
327 1727 405 1785 enim
418 1726 474 1783 nisi
487 1734 553 1801 post
564 1735 628 1783 octo
641 1723 832 1784 hebdomadas
852 1724 956 1782 desinit
976 1732 1088 1799 tempus
1104 1723 1253 1782 Paschale.
1295 1723 1342 1782 Do

254 1826 440 1886 Ascensionis
454 1822 573 1882 Domini
586 1823 658 1882 festa
671 1823 716 1882 dic
729 1823 852 1897 loquitur
865 1823 897 1880 S.
906 1820 1109 1898 Augustinus‚¹
1122 1840 1185 1894 quae
1198 1821 1233 1881 ad
1246 1823 1340 1898 Apos-

256 1925 370 1984 tolicam
385 1933 494 1982 aetatem
508 1923 584 1982 haud
596 1921 826 1982 invcrosimiliter
837 1923 964 1980 refertur.
996 1920 1179 1978 Pentecosten
1193 1920 1254 1978 dies
1268 1921 1342 1979 cele·

256 2023 313 2080 bris
337 2040 452 2098 semper
471 2023 573 2090 extitit,
601 2022 749 2078 consueuit
774 2022 861 2089 enirn,
883 2021 917 2078 ab
941 2020 1004 2096 ipsa
1028 2018 1231 2096 Apostolorum
1251 2030 1341 2088 etate,

257 2120 380 2196 Spiritus
404 2120 501 2176 Sancti
521 2119 637 2194 illapsus
660 2138 695 2178 eo
717 2117 763 2178 dio
784 2120 928 2187 celebrari,
943 2136 999 2191 quo
1018 2127 1047 2174 et
1058 2118 1128 2176 olim
1140 2117 1189 2176 lex
1202 2119 1232 2178 in
1245 2130 1341 2176 monte

257 2218 338 2277 Sinai
351 2217 450 2275 tradita
462 2225 514 2274 est.
557 2217 674 2274 Festum
687 2218 836 2278 Trinitatis
850 2217 973 2296 speciale
987 2235 1061 2276 anno
1077 2220 1164 2284 1405,
1179 2218 1231 2275 sub
1249 2217 1342 2274 Bene·

256 2316 332 2374 dicto
346 2316 431 2374 ΧΙΙΙ.
445 2315 550 2387 ubique
560 2316 689 2383 obtinuit,
699 2334 787 2388 quum
797 2319 858 2392 jam
869 2317 986 2374 abanno
999 2315 1230 2382 manasserus
1240 2316 1341 2374 XXII.

256 2415 348 2490 prima
362 2413 515 2470 Dominica
528 2412 800 2472 Post-Pentecosten
813 2417 840 2472 ei
853 2415 1056 2489 adsignaretur,
1066 2415 1150 2472 variis
1164 2423 1246 2472 antea
1259 2415 1292 2472 dc
1307 2433 1343 2472 eo

256 2509 516 2570 consuetudinibus.
538 2512 656 2569 Festum
670 2513 796 2588 corporis
808 2511 916 2570 Christi
927 2513 961 2570 ab
975 2512 1092 2570 Urbano
1101 2511 1154 2570 lv.
1166 2532 1241 2572 anno
1254 2517 1340 2582 1264,

255 2610 425 2671 servandum
449 2611 555 2682 ubique
581 2619 714 2668 statutum
739 2621 791 2679 est,
812 2621 963 2688 postquam
987 2630 1040 2687 per
1065 2630 1155 2670 annos
1181 2612 1342 2672 octodecim

256 2709 358 2772 Leodii
380 2711 550 2768 celebratum
569 2719 643 2768 erat:
666 2719 694 2766 et
712 2711 848 2787 paulatim
870 2711 1015 2787 processio
1036 2709 1238 2770 consuetudine
1258 2713 1343 2769 intro·

255 2810 339 2868 ducta
353 2819 405 2868 est.
446 2810 615 2885 Assumptio
624 2809 752 2884 Virginis
766 2810 897 2868 asaeculo
907 2808 1006 2867 saltem
1017 2817 1116 2867 octavo
1129 2809 1262 2866 celebrari
1275 2829 1342 2870 con·

255 2909 356 2973 suevit,
372 2907 416 2962 vel
435 2908 607 2981 probabilius
627 2926 643 2962 a
662 2903 771 2964 sexto.²
811 2909 927 2965 Festum
949 2907 1086 2964 Omnium
1106 2907 1273 2967 Sanctorum
1286 2911 1341 2966 ori·

253 3003 348 3080 ginem
363 3001 521 3076 desumpsit
534 3021 570 3058 ex
583 3002 674 3059 dicato
690 3005 796 3079 templo
817 3006 918 3064 Romae
938 3005 1015 3064 dicto
1036 2997 1196 3075 Pantheon,
1218 3008 1293 3079 quod
1313 3009 1342 3064 in

252 3100 359 3158 cultunt
373 3101 432 3157 veri
446 3099 512 3166 Dei,
527 3118 601 3158 anno
614 3103 683 3167 687,
704 3103 843 3162 transtulit
862 3103 1103 3172 BonifaciusIV.,
1121 3105 1247 3178 reliquiis
1268 3125 1339 3170 mar-

253 3208 348 3274 tyrum
374 3197 414 3256 ibi
440 3197 586 3274 depositis.
629 3191 786 3276 Gregorius
813 3203 867 3262 111.
895 3204 1032 3280 deinceps
1057 3203 1161 3262 festum
1193 3204 1261 3262 fecit
1285 3207 1336 3262 toti

253 3297 391 3355 Ecclesiae
406 3315 568 3365 commune,
582 3308 611 3355 et
634 3298 791 3376 Gregorius
809 3302 864 3361 IV.
888 3303 964 3360 diem
990 3306 1003 3358 l
1027 3301 1201 3360 Novembris
1222 3304 1342 3361 eitcelc·

251 3396 359 3456 brando
379 3397 483 3454 statuit.
526 3396 676 3455 Fastorum
697 3397 807 3458 dierum
828 3401 1057 3460 celebrandorum
1076 3402 1209 3460 utilitates
1229 3402 1341 3459 laudant

252 3494 462 3564 Oxonienses,³
475 3497 659 3556 vetustiorum
674 3499 724 3570 qui
737 3498 880 3558 Puritanis
900 3501 1061 3558 restiterunt
1080 3509 1242 3579 prementes
1257 3503 1340 3558 vesti·

284 3683 326 3744 (l)
346 3681 424 3730 Scrm.
436 3681 524 3730 cclxxi.
536 3681 595 3729 alies
607 3683 689 3732 cxviii.
700 3691 725 3734 et
736 3684 801 3734 cxix.

284 3765 322 3830 (2)
342 3762 434 3812 Bened.
446 3763 517 3813 XIV.
529 3764 559 3812 de
569 3763 656 3825 Fertis,
669 3783 721 3830 cop.
735 3771 758 3816 8.
770 3784 795 3817 n.
807 3769 850 3818 29.

285 3853 324 3916 (3)
345 3846 450 3903 Pulchre
470 3848 552 3912 Pusey
570 3864 661 3898 morem
686 3850 814 3914 antiquum
837 3853 962 3915 Ecclesia,
979 3855 1022 3920 qui
1041 3855 1105 3906 idem
1123 3863 1214 3916 mouet,
1225 3855 1339 3919 exponit!

248 3938 263 3966 “
272 3933 342 3984 Each
354 3931 440 3983 Lord's
448 3932 496 3998 day
508 3931 564 3998 they
578 3947 631 3981 rose
642 3931 703 3983 with
714 3933 783 3994 Him,
794 3936 843 3985 aud
854 3936 920 3997 thus,
931 3937 993 4003 ‘day
1005 3947 1067 3989 unto
1079 3940 1125 4004 day
1138 3938 1231 3991 uttered
1244 3937 1339 4003 speech,

247 4019 296 4067 aud
309 4019 379 4079 night
390 4027 451 4068 unto
463 4018 534 4081 night
546 4017 646 4068 sbowed
656 4018 801 4082 knowledge
810 4019 824 4080 ;’
842 4021 891 4072 end
909 4039 936 4071 as
951 4024 993 4072 tho
1004 4039 1063 4088 yser
1078 4023 1165 4074 flowed
1177 4039 1217 4084 on,
1229 4022 1270 4072 the
1281 4021 1340 4072 Fes-

248 4087 318 4150 tivals
330 4103 358 4151 of
371 4119 415 4152 our
427 4102 493 4153 Lord
511 4103 551 4154 did
569 4111 613 4154 not
629 4105 717 4171 simply
729 4115 916 4158 commemorate
939 4108 979 4173 (in
997 4109 1099 4160 modern
1115 4109 1216 4178 phrase)
1240 4114 1341 4158 ‘events

248 4186 330 4236 which
341 4188 399 4236 toolr
410 4187 479 4252 place
493 4188 556 4238 1300
568 4204 638 4253 years
650 4189 712 4251 ago,'
723 4193 768 4241 but
778 4191 877 4242 sbowed
895 4191 956 4244 Him
968 4200 993 4243 to
1010 4193 1073 4244 their
1090 4194 1193 4260 purified
1212 4193 1301 4250 hearts,
1313 4208 1341 4240 as

247 4287 307 4320 even
321 4271 379 4320 theu
392 4272 490 4332 coming
502 4272 555 4320 into
567 4271 609 4321 the
620 4275 703 4334 world,
715 4252 916 4341 mrniff‘tuffering,
927 4278 1011 4343 dying,
1020 4279 1104 4343 rising,
1116 4279 1265 4340 ascending;
1282 4277 1340 4338 they

247 4355 335 4426 longsd
347 4354 382 4404 sor
394 4353 442 4402 His
453 4355 559 4416 coming,
571 4356 628 4421 they
638 4357 744 4409 suffered
762 4361 788 4410 in
801 4360 849 4412 His
858 4361 978 4421 Pessiont
995 4362 1052 4429 tbey
1065 4379 1119 4414 roso
1136 4363 1196 4414 with
1209 4361 1268 4412 Him
1277 4360 1341 4410 from
