3078 5258
519 455 577 516 DE
598 454 723 516 mest
743 455 974 518 AUDIENDA.
1235 461 1290 522 197

193 633 262 682 sent
273 626 351 701 piam
364 623 439 680 hanc
452 621 604 689 actionem,
618 637 704 698 posse
718 621 754 680 ad
774 621 830 680 Dei
844 623 961 690 cultum,
975 623 1024 696 qui
1043 625 1073 682 in
1086 623 1180 684 Missa
1192 628 1289 703 praeci-

196 742 255 800 pue
275 723 425 800 peragitur,
449 720 557 778 referri.
600 719 713 778 Horum
734 722 903 782 sententiam
922 723 1095 798 probabilem
1117 723 1212 783 dicere
1231 743 1289 784 non

196 821 281 879 audet
307 823 353 878 Su
366 819 533 896 Alphonsus
563 818 598 878 de
628 815 771 896 trigorio}
825 818 970 880 Ceterum
1000 823 1026 880 si
1055 821 1145 881 sacili·
1174 825 1288 882 occasio

195 939 255 978 non
267 921 304 978 sit
316 920 411 978 futura
433 917 588 976 confitendi
607 917 722 976 famulis
743 918 841 976 aliisve
857 921 934 995 juste
954 919 1109 998 impeditis,
1130 922 1225 981 nullus
1247 923 1288 981 eis

195 1019 251 1076 erit
268 1017 430 1076 movendus
451 1017 602 1092 scrupulus
622 1018 659 1076 ob
680 1017 891 1076 consessionem
912 1018 980 1077 dum
1000 1037 1080 1079 sacro
1099 1019 1208 1080 adstant
1227 1037 1290 1097 per·

196 1126 299 1174 acum.

239 1219 286 1272 13.
308 1214 508 1272 Consabulatio
529 1232 581 1289 per
603 1232 736 1290 magnam
759 1215 859 1273 Missae
880 1225 988 1292 partem
1011 1219 1174 1276 continuata
1198 1217 1290 1277 obstat

195 1315 345 1370 attentioni
369 1315 455 1370 etiam
488 1321 623 1378 externe,
649 1311 772 1384 ideoque
799 1316 932 1390 precepti
958 1315 1152 1374 observantie.
1201 1315 1288 1376 Levis

197 1421 294 1470 autem
316 1413 369 1468 erit
390 1412 472 1486 eulpa
493 1411 640 1486 paululum
667 1410 849 1469 confabulari.

243 1513 289 1566 14.
310 1510 356 1567 De
368 1509 431 1567 loco
445 1510 474 1565 in
488 1526 545 1581 quo
559 1509 700 1569 audienda
712 1517 757 1566 est
769 1510 861 1568 Missa
875 1511 923 1568 vix
937 1511 1043 1584 aliquid
1062 1514 1183 1570 occurrit
1195 1512 1290 1572 dioen-

198 1608 279 1666 dum.
321 1607 441 1666 Constat
452 1606 569 1679 quidem
582 1593 617 1665 iis
631 1609 661 1665 in
681 1607 844 1684 regionibus
858 1611 889 1668 in
909 1611 1011 1682 quibus
1031 1611 1223 1669 ecclesiastica
1235 1611 1291 1670 dis·

199 1707 306 1786 ciplina
332 1707 415 1782 viget,
441 1707 472 1764 in
494 1707 634 1774 ecclesiis,
661 1725 719 1764 non
742 1717 834 1764 autem
863 1709 893 1766 in
922 1709 1037 1783 privatis
1066 1710 1204 1778 oratoriis,
1228 1729 1291 1770 eam

197 1804 379 1872 audiendam,
393 1805 449 1862 nisi
462 1805 614 1881 privilegio
628 1806 691 1878 quis
714 1805 798 1862 fuerit
816 1805 945 1863 donatus.
988 1805 1045 1863 His
1068 1817 1162 1865 autem
1186 1809 1215 1864 in
1228 1827 1292 1883 pro·

197 1905 299 1962 vinciis
319 1903 453 1961 satisfacit
475 1913 618 1980 praecepto
639 1905 686 1976 qui
709 1904 831 1962 Missam
858 1903 984 1976 quolibet
1003 1907 1033 1963 in
1055 1905 1120 1963 loco
1132 1915 1291 1967 reverenter

201 2000 289 2058 audit.
337 2042 361 2048 .-

243 2104 289 2158 15.
311 2101 354 2157 Ab
379 2099 518 2158 audienda
540 2101 634 2158 Missa
661 2110 779 2158 excusat
804 2101 912 2174 quaevis
943 2120 1028 2159 causa
1052 2103 1155 2179 gravis,
1182 2103 1289 2162 scilicet

196 2199 319 2257 notabile
346 2198 461 2272 aliquod
480 2198 705 2267 incommodum,
727 2209 774 2258 aut
795 2199 931 2257 damnum
953 2201 982 2257 in
1003 2201 1086 2259 bonis
1110 2202 1221 2272 animae,
1242 2203 1287 2260 vel

196 2300 324 2374 corporis
345 2299 463 2374 proprii,
487 2298 533 2354 vel
553 2299 687 2374 proximi.
730 2299 772 2356 Ita
793 2299 982 2357 communiter
1001 2299 1137 2376 theologi,
1161 2309 1232 2360 teste
1256 2301 1287 2361 S.

198 2396 348 2472 Alphonso
368 2395 404 2453 de
427 2396 556 2471 Ligerio.
589 2397 656 2464 Qui
678 2397 763 2455 habet
785 2398 964 2474 privilegium
978 2399 1137 2457 celebrandi
1160 2400 1190 2458 in
1212 2401 1290 2458 altari

197 2497 331 2572 perutili,
346 2495 430 2553 debet
442 2511 477 2551 eo
490 2497 531 2554 uti
544 2496 574 2552 iu
593 2495 638 2552 die
659 2495 811 2564 dominica,
826 2496 942 2565 fastuve,
957 2500 981 2556 si
1001 2499 1069 2555 alias
1090 2498 1213 2557 Missam
1227 2501 1289 2576 ipse

196 2593 295 2650 audire
317 2603 457 2666 nequeat:
479 2592 633 2652 dummodo
656 2603 751 2653 temen
771 2595 864 2671 possit
884 2607 1044 2654 reverenter
1064 2605 1172 2654 tantum
1186 2615 1289 2655 munus

199 2692 281 2750 obire
296 2693 330 2749 iis
341 2692 370 2748 in
382 2709 475 2748 rerum
488 2693 626 2770 adjunctis
639 2693 669 2750 in
683 2695 785 2765 quibus
800 2711 866 2750 eum
881 2696 986 2750 versari
999 2695 1157 2767 contigerit.
1199 2693 1291 2751 Gaete·

198 2807 267 2848 rum
282 2791 306 2847 si
321 2790 393 2848 inter
406 2789 572 2850 acatholicos
586 2792 664 2849 solus
678 2799 804 2848 versetur
817 2791 847 2847 in
861 2791 959 2846 itinere
973 2809 1030 2848 non
1050 2799 1160 2846 tenetur
1172 2791 1206 2847 ad
1220 2792 1291 2850 cele·

200 2889 361 2956 brandum;
382 2907 469 2962 quum
483 2891 531 2947 vix
544 2891 636 2967 possit
649 2890 742 2948 debita
755 2889 895 2946 sacrificio
910 2889 1066 2949 reverentia
1079 2889 1194 2947 servari.

245 2992 291 3046 16.
314 2987 371 3054 Qui
384 2989 413 3044 in
426 2989 508 3056 mari,
518 2989 564 3045 vel
578 3007 689 3046 carcere
699 2997 852 3057 versantur,
862 2991 991 3048 excusari
1001 2989 1035 3047 ab
1045 2987 1186 3048 audiendo
1199 2993 1290 3058 sacro,

198 3089 226 3144 si
240 3086 372 3144 sacerdos
385 3087 434 3158 qui
447 3087 569 3144 celebret
581 3105 639 3144 non
660 3087 741 3155 adsit,
755 3107 841 3146 nemo
861 3107 919 3146 non
933 3089 1017 3146 videt.
1060 3088 1193 3147 infirmos
1206 3093 1291 3148 etiam

196 3186 337 3252 excusari,
352 3185 401 3256 qui
421 3185 552 3242 exeundo
566 3184 601 3241 ad
615 3183 737 3244 Missam
752 3187 920 3246 audiendam
940 3205 1024 3262 grave
1038 3185 1173 3244 damnum
1186 3189 1290 3248 valetu-

195 3284 267 3350 dini,
282 3283 328 3340 vel
340 3301 449 3340 moram
469 3283 504 3340 ad
523 3284 780 3342 convalescendum
794 3284 957 3350 notabilem,
972 3285 1081 3350 timent,
1097 3283 1172 3360 apud
1186 3302 1287 3344 omnes

196 3390 316 3440 constat.
359 3382 393 3438 In
405 3380 492 3439 dubio
513 3389 604 3439 autem
628 3385 709 3454 sequi
723 3392 856 3458 poterunt
868 3381 1044 3448 confessarii,
1059 3381 1104 3437 vel
1118 3381 1231 3452 medici,
1245 3385 1290 3440 vel

197 3478 344 3556 prudentis
358 3489 386 3536 et
405 3480 445 3554 pii
459 3480 512 3536 viri
527 3479 680 3555 judicium.
724 3481 815 3538 Senes
830 3481 914 3536 ctiam
927 3479 1009 3537 facile
1023 3488 1195 3536 excusantur
1207 3482 1287 3538 saevi·

196 3587 262 3636 ente
276 3579 382 3645 hieme,
397 3585 425 3634 et
437 3577 526 3652 glacie
541 3578 604 3636 solo
617 3590 731 3638 coacto:
754 3588 798 3636 est
810 3578 888 3636 enirn
902 3577 1085 3635 manifestum
1104 3577 1202 3654 lapsus
1216 3581 1289 3655 peri·

198 3677 306 3744 culum,
317 3685 346 3733 et
357 3676 478 3732 membri
491 3677 630 3736 fracture.

242 3780 288 3834 17.
311 3775 495 3832 Excusantur·
514 3776 534 3832 ii
557 3778 607 3848 qui
630 3777 790 3834 necessario
811 3793 925 3834 manere
948 3774 1025 3834 domi
1048 3776 1150 3834 debent
1170 3777 1204 3833 ad
1230 3779 1291 3852 ejus

199 3874 379 3940 custodiam3
400 3871 451 3929 sed
465 3874 490 3931 si
503 3876 600 3950 plures
614 3877 672 3932 sint
690 3874 820 3950 ejusdem
833 3875 956 3941 familiae,
978 3875 1080 3930 debent
1093 3876 1166 3930 inter
1178 3891 1210 3928 se
1225 3891 1291 3930 oon·

198 3973 305 4040 venire,
320 3981 351 4028 ut
363 3980 415 4047 'per
427 3972 506 4029 vices
518 3975 677 4033 custodiam
697 3983 819 4030 servent.
861 3971 973 4030 Famuli
993 3979 1113 4046 possunt
1125 3973 1254 4028 excusari
1268 3973 1292 4029 si

201 4073 291 4128 rarius
306 4071 343 4128 ad
356 4071 480 4130 Missam
494 4072 661 4132 audiendam
682 4070 824 4136 accedant,
839 4071 915 4127 heris
935 4069 1045 4144 copiam
1066 4068 1215 4127 eeclesiam
1229 4067 1293 4128 ade-

604 4260 646 4324 (1)
666 4256 768 4313 Ibidem,
778 4271 802 4306 n.
816 4257 873 4302 311.

720 4349 775 4406 18*
821 4361 849 4390 *·
