3146 5266
404 457 461 515 DE
483 456 537 524 VI,
557 455 693 523 METU,
713 455 771 516 ET
791 453 1181 518 CONCUPISGENTlA.
1293 463 1328 520 17

243 624 320 680 omni
332 622 419 698 culpa
431 631 558 689 excusat,
573 640 661 693 quum
675 641 756 680 mens
769 638 827 678 non
840 621 877 678 sit
887 622 981 698 legem
994 621 1118 692 serentis,
1132 631 1164 680 ut
1175 639 1242 680 cum
1255 631 1331 682 tanto

243 721 425 780 incommodo
438 733 465 779 et
477 720 582 778 damno
595 721 642 778 lex
656 721 769 798 obliget.
803 719 853 781 Sic
866 729 1017 779 excusatur
1029 722 1063 778 ab
1076 719 1214 780 audienda
1227 721 1330 790 Missa,

243 823 292 892 qui
304 829 416 878 veretur
428 839 464 878 ne
478 838 545 877 eum
558 819 707 876 ecclesiam
726 819 875 878 adeuntem
897 820 1030 879 inimicus
1052 811 1222 880 1111111111111.1
1261 819 1331 880 Non

243 929 336 978 autem
350 917 531 976 excusandus
545 926 588 974 est
601 919 650 990 qni
663 927 740 975 metu
760 917 844 976 etiam
864 920 942 994 gravi
961 919 1074 978 simulat
1092 927 1330 978 sacramentorum

244 1018 522 1084 administrationem,
537 1035 626 1088 quum
641 1015 758 1074 Christo
777 1035 876 1074 eornm
897 1018 1003 1076 auctori
1016 1017 1064 1074 liat
1076 1018 1189 1095 injuria,
1202 1027 1231 1074 et
1242 1019 1330 1078 emori

244 1118 274 1174 in
286 1118 442 1174 animarum
455 1116 610 1192 perniciem
633 1114 668 1172 de
689 1125 863 1174 sacramento
886 1127 1018 1194 percepto
1038 1115 1119 1174 detur
1138 1115 1235 1174 locus:
1262 1133 1331 1190 qna·

244 1223 357 1290 propter
368 1216 552 1273 Innocentius
566 1214 620 1272 XI.
641 1212 783 1271 damnavit
800 1223 966 1285 sequentem
988 1215 1225 1291 propositionem:
1247 1223 1267 1252 ‘⁶
1276 1215 1332 1276 Ur·

243 1332 313 1390 gens
332 1323 424 1371 metus
444 1315 536 1391 gravis
557 1321 600 1370 est
612 1331 697 1370 causa
712 1314 789 1389 justa
807 1323 1043 1374 sacramentorum
1064 1311 1331 1374 adminnnattonem

244 1405 444 1470 11111111111111.”2

280 1516 329 1568 24.
356 1511 605 1591 Concupiscentia
625 1513 792 1590 plerumque
811 1515 918 1590 peccati
937 1513 1028 1572 fornes
1045 1513 1224 1590 intelliginu3
1248 1514 1330 1574 latius

246 1617 339 1668 tamen
351 1613 426 1688 apud
438 1613 585 1689 theologos
599 1621 684 1688 patet,
699 1612 818 1669 sumitur
831 1612 937 1670 scilicet
950 1631 1001 1690 pro
1014 1621 1092 1671 motu
1106 1611 1232 1686 quolibet
1245 1631 1330 1692 appe·

250 1706 316 1764 titus
339 1709 369 1764 in
395 1729 441 1766 res
463 1713 592 1768 sensibus
618 1711 768 1786 subjectas.
809 1711 899 1768 “Per
923 1711 1212 1787 concupiscentiam,”
1240 1713 1332 1786 inquit

245 1807 401 1883 Angelicus
415 1807 532 1876 Booten,
548 1817 566 1844 ‘⁴
575 1810 701 1867 voluntas
714 1809 863 1866 inclinatur
876 1807 911 1867 ad
923 1809 1076 1868 volendum
1096 1809 1125 1868 id
1137 1810 1215 1882 quod
1227 1829 1330 1872 concu-

246 1905 345 1980 piscit:
368 1917 396 1964 et
408 1907 472 1964 ideo
486 1906 711 1984 eoncupiscentia
727 1909 818 1984 magis
841 1908 907 1965 facit
928 1907 964 1964 ad
983 1909 1049 1975 hoc,
1071 1907 1148 1982 quod
1168 1907 1273 1980 aliquid
1296 1910 1332 1968 sit

246 2004 440 2074 voluntarium,
456 2025 541 2078 quarn
562 2007 638 2079 quod
661 2000 979 2064 1111111111111111111111.”3
1017 2007 1089 2073 Quae
1109 2024 1146 2064 ex
1159 1995 1253 2083 ‘prava
1265 2026 1332 2067 con·

243 2104 392 2162 suetudine
406 2107 494 2163 oritur
507 2107 736 2186 concupiscentia
756 2106 863 2181 peccati
884 2107 1021 2165 rationem
1036 2114 1128 2183 auget,
1143 2124 1232 2180 quum
1245 2126 1332 2168 causa

243 2203 279 2258 sit
303 2204 469 2262 omnimodo
494 2204 659 2272 voluntaria,
687 2214 714 2260 et
739 2204 893 2262 deliberato
913 2207 1008 2264 animo
1027 2207 1170 2264 foveatur:
1198 2206 1332 2266 “Passio

244 2312 336 2360 autern
347 2321 526 2376 consequens
534 2323 593 2362 non
603 2303 735 2360 diminuit
744 2314 903 2379 peccatum,
912 2303 962 2360 sed
972 2305 1063 2381 magis
1073 2314 1167 2382 auget,
1178 2305 1224 2362 vel
1237 2307 1331 2381 potius

243 2411 286 2457 est
299 2402 411 2478 signum
425 2403 628 2480 magnitudinis
642 2402 714 2478 ejus,
729 2403 758 2459 in
772 2413 908 2474 quantum
928 2404 1036 2460 scilicet
1055 2403 1230 2462 demonstrat
1243 2405 1331 2464 inten-

244 2501 354 2558 sionem
366 2502 517 2558 voluntatis
532 2502 674 2561 adactum
695 2503 812 2577 peccati,
835 2503 923 2558 etsie
944 2520 1043 2560 verum
1063 2512 1106 2559 est
1127 2502 1206 2577 quod
1226 2514 1331 2576 quanto

245 2597 346 2669 aliquis
356 2601 457 2676 majori
465 2601 582 2660 libidine
592 2600 637 2658 vel
648 2601 878 2676 concupiscentia
887 2611 995 2676 peccat,
1003 2611 1080 2659 tanto
1087 2603 1178 2678 magis
1186 2597 1332 2678 peccat.''⁴

247 2694 326 2753 Hinc
338 2697 462 2774 theologi
474 2701 565 2757 solent
577 2699 670 2756 dicere
692 2700 951 2774 concupiscentiam
970 2698 1188 2758 antecedentem
1208 2700 1331 2773 plerum·

246 2813 302 2866 que
323 2796 450 2853 minuere
470 2806 625 2874 peccatum,
647 2816 705 2870 quo
726 2799 804 2855 enim
824 2797 917 2874 maJ’or
935 2806 979 2853 est
991 2795 1151 2872 proclivitas
1169 2805 1197 2854 et
1208 2796 1330 2873 impetus

244 2895 395 2971 appetitus,
417 2915 452 2953 eo
475 2898 569 2956 minor
588 2906 630 2952 cst
652 2896 769 2954 facultas
790 2894 956 2954 resistendi:
983 2896 1242 2972 concupiscentiam
1264 2896 1330 2955 verd

244 3001 467 3070 consequentem
479 3015 580 3072 erigere
591 3003 749 3073 peccatum,
765 3014 852 3066 quum
863 2997 967 3053 oriatm
979 3013 1017 3053 ex
1030 2996 1214 3054 causa'libere
1227 2996 1329 3073 posita.

279 3098 329 3151 25.
354 3094 453 3152 Motus
477 3095 715 3169 concupiscentia
732 3094 943 3173 primo-primi
959 3093 1164 3153 ascholasticis
1178 3093 1256 3163 dicti,
1270 3096 1331 3167 qui·

242 3194 295 3250 bus
309 3193 417 3250 scilicet
429 3193 587 3251 nullatenus
605 3193 733 3251 voluntas
754 3195 903 3260 consentit,
925 3195 1030 3267 quique
1048 3195 1079 3252 in
1100 3195 1183 3252 nobis
1204 3195 1331 3252 oriuntur

242 3291 358 3348 omnino
372 3292 476 3363 absque
489 3293 583 3359 nobis,
603 3292 687 3368 culpa
706 3301 806 3350 vacant
825 3310 912 3363 quum
925 3310 983 3349 non
1005 3293 1062 3349 sint
1073 3292 1239 3358 voluntarii3
1264 3311 1330 3364 qua·

241 3400 356 3466 propter
368 3389 498 3448 damnata
510 3399 554 3448 est
567 3391 633 3466 Baji
645 3393 817 3467 propositio:
843 3399 862 3425 ‘⁶
872 3391 970 3449 Motus
991 3392 1071 3468 pravi
1093 3391 1330 3466 concupiscentie

242 3499 308 3546 sunt
324 3507 376 3564 pro
389 3499 461 3546 statu
473 3489 599 3548 hominis
612 3490 703 3562 vitiati¹
715 3489 847 3564 prohibiti
861 3497 1018 3563 praecepto:
1043 3488 1112 3543 Non
1125 3488 1329 3561 concupisces:

242 3586 318 3643 unde
328 3587 414 3645 homo
424 3607 473 3646 eos
486 3591 609 3646 sentiens
623 3596 651 3644 et
663 3606 722 3644 non
735 3586 914 3646 consentiens
929 3583 1127 3662 transgreditur
1139 3594 1329 3662 praeceptum:

244 3703 302 3743 non
312 3689 511 3762 concupisces:
527 3686 656 3760 quamvis
670 3687 855 3762 transgressio
862 3686 893 3743 in
907 3693 1053 3761 peccatum
1064 3703 1121 3744 nen
1135 3681 1331 3762 deputatus*

276 3879 319 3944 (l)
338 3879 388 3928 Jer.
401 3878 495 3942 Taylor
505 3877 569 3929 Duc.
581 3877 647 3929 Dub.
660 3879 675 3927 1.
687 3878 720 3928 iii.
729 3893 750 3928 c.
761 3877 779 3926 1.
792 3877 832 3927 ait
850 3883 865 3908 “
875 3875 917 3926 No
928 3891 986 3925 man
998 3876 1019 3924 is
1028 3875 1111 3925 bound
1123 3881 1148 3924 to
1160 3890 1192 3935 go
1203 3881 1228 3923 to
1240 3874 1333 3924 chnrch

241 3979 273 4013 on
285 3980 300 4012 1
310 3947 404 4013 festival
416 3972 441 4013 to
451 3963 511 4012 hear
522 3963 604 4012 divine
615 3964 706 4012 service
715 3961 788 4010 when
800 3977 832 4012 an
843 3977 931 4024 enemy
943 3960 988 4008 lies
997 3959 1024 4008 111
1035 3958 1094 4007 11111
1105 3964 1130 4007 to
1141 3957 1184 4007 lrill
1195 3957 1261 4007 him:
1280 3957 1333 4009 that

241 4049 269 4106 is,
281 4048 321 4099 the
332 4049 392 4098 laws
404 4048 433 4097 ol
446 4047 488 4097 the
499 4047 591 4097 church
602 4063 666 4097 vvere
677 4043 793 4096 intended
806 4045 843 4095 for
855 4046 896 4095 the
907 4044 971 4106 good
983 4043 1011 4092 ol
1019 4042 1059 4093 the
1067 4043 1129 4104 seul,
1140 4043 1197 4104 and,
1207 4043 1332 4104 therefore,

240 4139 284 4181 not
295 4131 397 4181 suffered
407 4138 432 4180 to
444 4131 480 4184 dn
487 4129 545 4180 hurt
557 4138 581 4180 tc
590 4131 631 4180 the
642 4129 731 4195 body·”

277 4218 318 4282 (2)
338 4217 412 4280 Prop.
422 4216 491 4264 xxix.
503 4215 567 4265 inter
578 4215 713 4276 damnatas,
725 4230 791 4266 anno
805 4215 879 4262 1669.

276 4300 318 4367 (3)
340 4302 361 4347 1.
374 4302 399 4347 2.
411 4313 454 4362 qu.
466 4297 498 4346 vi.
511 4306 548 4348 art
558 4299 599 4348 vii.
613 4299 687 4366 Reep.
809 4298 851 4362 (4)
870 4295 962 4346 Ibidem
974 4312 1017 4360 qu.
1028 4295 1113 4347 lxxvii.
1126 4303 1168 4346 art.
1180 4295 1212 4346 vi.
1224 4293 1299 4361 Rerp.

276 4383 317 4449 (5)
336 4381 410 4447 Prop.
423 4383 464 4432 75.

798 4452 835 4505 311
