3068 5256
265 532 321 586 its
561 523 617 582 DE
639 517 781 582 SEXTO
806 516 1057 580 PRAEOEPTO.

261 690 399 768 impudici
421 690 494 748 inter
514 688 752 766 consanguineos,
774 687 874 746 saltem
894 686 981 762 primi
1001 694 1030 742 31
1051 684 1170 744 secundi
1183 685 1299 762 gradus,
1323 687 1356 746 ad

261 794 400 852 incestum
413 788 579 848 referuntur.

302 893 369 948 148.
395 885 602 964 Sacrilegium
621 903 779 946 venereum
798 893 842 944 est
860 883 974 942 violatio
994 884 1036 942 rei
1055 884 1101 941 vei
1120 901 1250 959 personae
1271 901 1356 944 sacre

260 998 413 1068 peractum
424 979 603 1046 venereum.l
623 984 726 1044 Omnis
737 995 813 1044 actus
823 984 1200 1051 luxuriosustaminterior,
1211 1001 1298 1056 quam
1309 1001 1357 1042 ex-

262 1090 357 1156 terior,
372 1088 402 1146 iu
415 1105 546 1164 persona,
561 1086 605 1144 vel
619 1105 684 1144 curn
698 1104 819 1162 persona
831 1093 898 1142 voto
917 1083 1039 1141 solemni
1059 1083 1192 1142 castitatis
1204 1083 1301 1159 ligata,
1315 1094 1359 1142 est

261 1187 455 1264 sacrilegium.
497 1184 646 1252 Sacerdos,
661 1185 710 1257 qui
730 1185 814 1242 etiam
834 1182 1000 1259 religionem
1022 1181 1166 1258 professus
1180 1191 1234 1250 est,
1249 1182 1357 1259 duplex

261 1287 440 1364 sacrilegium
454 1284 599 1343 nonnullis
620 1282 729 1343 videtur
749 1282 906 1350 admittere,
920 1281 988 1340 dum
1006 1281 1092 1338 violat
1110 1282 1285 1340 castitatem:
1309 1283 1357 1340 alii

261 1385 327 1446 verd
341 1387 458 1444 unicum
468 1384 649 1460 sacrilegium
659 1384 690 1440 in
702 1392 819 1460 peccato
829 1379 994 1458 hujusmodi
1007 1391 1173 1456 agnoscuut3
1188 1389 1289 1456 putant
1301 1383 1357 1439 sci·

260 1487 327 1544 lieet
345 1494 442 1544 votum
455 1483 600 1560 religionis
620 1491 649 1540 31
667 1481 775 1546 ordinis
795 1480 831 1539 ad
850 1479 968 1538 eandem
989 1479 1148 1555 Religionis
1166 1480 1300 1538 virtutem
1313 1499 1357 1539 re-

261 1586 347 1644 ferri:
370 1584 415 1642 131
428 1583 567 1640 Ecclesioe
580 1582 674 1658 legem
688 1581 787 1640 eadem
802 1581 903 1639 virtute
917 1579 978 1637 niti.
1013 1578 1130 1654 Duplex
1143 1587 1236 1637 autem
1250 1579 1283 1636 fit
1295 1597 1355 1638 sac·

258 1683 388 1758 rileginm
402 1680 426 1738 si
439 1699 562 1757 persona
574 1690 690 1753 utraque
711 1699 833 1756 peccans
847 1696 927 1736 sacro
940 1678 1054 1736 vinculo
1067 1677 1152 1753 ligata
1164 1679 1210 1736 sit.
1254 1679 1349 1737 Sacri·

257 1783 366 1858 legium
379 1781 468 1840 etium
482 1779 611 1847 admittit,
626 1781 675 1854 qui
689 1780 727 1837 ita
738 1782 840 1858 ligatus
860 1777 1012 1835 delectatur
1026 1776 1175 1853 cogitando
1189 1777 1224 1835 de
1238 1789 1356 1854 peccato

261 1882 386 1948 31133133,
400 1881 445 1938 131
459 1880 576 1938 alterum
589 1881 648 1938 suis
661 1881 792 1938 manibus
814 1879 924 1956 polluit.
966 1875 1062 1934 Locus
1082 1893 1161 1934 sacer
1178 1876 1280 1936 dicitur
1292 1897 1356 1936 om-

260 1982 305 2040 nis
318 1982 398 2039 locus
412 1981 446 2037 ab
458 1979 607 2056 Episcopo
620 1978 795 2047 benedictus,
809 1988 838 2036 et
857 1977 1005 2052 deputatus
1025 1975 1060 2032 ad
1080 1975 1175 2033 officia
1186 1975 1293 2044 divina,
1308 1987 1357 2036 aut

260 2078 296 2138 ad
308 2087 433 2137 mortuos
448 2075 637 2152 sepeliendos.
681 2077 748 2136 Hoc
767 2078 883 2136 nomine
903 2094 960 2132 non
974 2074 1252 2150 comprehenduntur
1264 2077 1353 2145 cellae,

260 2177 424 2244 claustrum,
448 2176 585 2241 sacristia,
612 2174 817 2245 dormitorium,
845 2185 950 2233 tectum
970 2193 1055 2250 supra
1075 2173 1235 2242 ecclesiam,
1268 2177 1358 2252 janua

260 2285 339 2334 exoa
351 2275 438 2332 limen
451 2275 589 2340 ecclesia,
614 2276 725 2333 atrium.
748 2277 781 2335 Si
791 2277 911 2334 violetur
922 2274 1003 2330 locus
1017 2291 1097 2330 sacer
1107 2273 1262 2331 voluntaria
1271 2277 1357 2333 semi·

260 2377 305 2433 nis
316 2374 434 2432 humani
444 2373 583 2432 effusione
593 2373 774 2450 sacrilegium
787 2369 845 2432 tit.2
865 2373 943 2430 Hinc
954 2371 1056 2446 copula
1069 2373 1238 2450 conjugalis,
1253 2373 1354 2432 saltem

260 2474 372 2550 publice
386 2481 462 2542 nota,
477 2473 507 2530 in
521 2471 640 2529 ecclesia
653 2472 756 2541 habita,
777 2493 839 2532 earn
861 2471 979 2548 polluit:
1001 2472 1094 2547 gravis
1115 2474 1191 2530 enim
1206 2474 1233 2530 ei
1247 2473 1357 2549 irroga·

260 2581 305 2631 tur
317 2571 429 2650 injuria.
459 2573 491 2630 Si
505 2579 600 2629 autem
613 2579 739 2648 tompore
752 2572 819 2630 belli
833 2571 978 2646 contingat
987 2589 1023 2627 cx
1037 2571 1204 2628 necessitate
1217 2573 1356 2649 conjuges

260 2675 290 2732 13
317 2672 438 2731 33313313
459 2672 508 2732 (113
530 2671 664 2739 habitare,
691 2673 728 2730 ob
754 2671 965 2730 incontinentiae
992 2669 1150 2745 pericnlum
1173 2679 1355 2729 excusantur.

261 2773 369 2831 Tactus
383 2773 520 2849 impudici
532 2772 564 2829 in
576 2771 698 2829 33313313
716 2771 803 2830 habiti
823 2769 963 2846 sacrilegii
982 2769 1117 2827 malitiam
1130 2769 1263 2830 videntur
1275 2769 1357 2829 iudu-

260 2892 318 2931 ere.
360 2871 457 2930 Verba
469 2881 497 2929 et
510 2881 641 2945 aspectus
660 2884 765 2947 turpes,
781 2880 809 2928 et
821 2869 959 2943 quidquid
972 2869 1098 2926 exterius
1120 2889 1236 2945 gravem
1252 2887 1357 2945 praese·

260 2971 314 3029 sert
323 2969 447 3044 culpam,
458 2989 474 3025 3
484 2968 611 3043 pluribus
621 2969 763 3045 theologis
774 2969 920 3045 sacrilegia
931 2959 1082 3026 censentur
1092 2968 1205 3040 quando
1216 2969 1358 3028 habentur

260 3069 290 3126 iu
303 3065 432 3124 ecclesia.
475 3065 670 3141 Cogitationes
691 3077 719 3124 31
738 3067 878 3125 desideria
892 3068 983 3142 turpia
1000 3086 1058 3126 333
1072 3067 1201 3127 videntur
1214 3069 1356 3145 sacrilegii

260 3165 425 3226 contrahere
439 3164 592 3241 specialem
612 3164 757 3234 malitiam,
772 3167 825 3224 etsi
845 3168 875 3224 in
895 3166 1018 3224 ecclesia
1038 3167 1102 3239 quis
1122 3167 1163 3225 eis
1183 3166 1355 3226 indulserit:

260 3284 314 3324 nec
327 3265 405 3322 33113
418 3273 533 3322 externa
546 3266 704 3322 reverentia
715 3266 779 3324 1333
792 3285 872 3324 33313
883 3266 975 3324 debita
992 3267 1027 3322 iis
1040 3267 1168 3324 violatur.
1212 3265 1359 3325 Caeterum

260 3366 285 3424 si
299 3365 362 3438 quis
377 3365 573 3441 concupiverit
586 3365 710 3422 exterius
731 3367 761 3423 in
781 3366 902 3424 ecclesia
921 3383 1049 3441 peccare,
1063 3367 1116 3424 erit
1129 3365 1223 3424 animo
1242 3367 1359 3425 sacrile-

261 3484 323 3544 gus.
367 3463 427 3523 Res
442 3483 534 3522 sacras
549 3464 583 3522 ad
598 3465 715 3540 turpiter
728 3444 902 3542 peccandurd
923 3463 1055 3522 adhibere
1076 3465 1256 3541 sacrilegium
1270 3467 1357 3524 311313

260 3567 343 3626 foret.
368 3565 426 3632 Qui
439 3565 651 3624 Eucharistiam
665 3573 788 3642 gestans,
803 3573 901 3640 peccat
913 3573 1009 3620 contra
1021 3565 1177 3624 castitatem
1191 3564 1236 3621 131
1249 3564 1356 3632 animo,

261 3666 306 3724 vel
320 3665 422 3730 verbis,
437 3663 482 3720 vel
496 3672 570 3727 actu,
586 3663 696 3720 videtur
708 3663 887 3738 sacrilegium
904 3672 1022 3738 patrare.

303 3763 369 3818 149.
394 3757 549 3826 Sodomia,
570 3781 587 3816 a
606 3760 741 3819 Sodomis
761 3763 816 3820 hoc
836 3757 1132 3830 333133313133111133,3
1152 3770 1266 3820 vocatur
1286 3781 1355 3820 con·

261 3879 375 3939 gressus
399 3857 517 3917 duarum
537 3877 722 3934 personarum
742 3859 870 3937 ejusdem
891 3879 987 3919 sexus.
1030 3861 1080 3918 Sic
1101 3880 1161 3919 mas
1181 3879 1246 3918 cum
1268 3863 1351 3929 mari,

260 3962 305 4018 vel
319 3961 434 4019 13311113
446 3977 513 4018 cum
525 3958 643 4017 13331133
655 3958 731 4016 coire
751 3957 928 4035 aggrediens,
944 3960 1037 4017 scelus
1057 3959 1112 4018 hoc
1126 3959 1254 4017 admittit.
1297 3960 1355 4018 lm-

261 4060 458 4117 manissimum
481 4059 536 4117 hcc
557 4067 703 4134 peccatum
721 4059 865 4116 ultricibus
886 4059 1010 4116 flammis
1031 4059 1110 4117 Deus
1131 4059 1200 4118 olirn
1222 4059 1334 4136 punivit

296 4275 339 4340 (1)
353 4271 417 4323 Vide
428 4272 454 4321 S.
465 4271 597 4332 Theman,
609 4278 633 4323 2.
645 4280 669 4325 2.
681 4293 722 4340 qu.
734 4277 799 4326 cxix.
812 4285 855 4325 art.
867 4276 942 4327 iliad
954 4277 1052 4328 tertium

271 4394 273 4399 .
292 4359 334 4425 (2)
352 4357 381 4406 C.
390 4373 432 4408 33.
449 4357 479 4406 de
488 4373 594 4407 consecr.
606 4359 675 4410 Eccl.
687 4362 713 4410 13
726 4360 748 4411 6.
760 4369 826 4412 etex
838 4378 859 4412 3.
871 4361 996 4412 Ecclesiis·
1009 4365 1050 4411 20.
1063 4361 1093 4411 de
1103 4377 1198 4412 consec.
1210 4360 1266 4410 dist.
1282 4363 1302 4408 1.

296 4443 336 4511 (3)
350 4441 412 4491 Gen.
426 4439 492 4490 xviii.
