3078 5258
389 463 445 522 DE
467 461 721 522 POTESTATE
742 461 881 522 LEGES
902 463 1101 524 FERENDI.
1238 471 1291 526 161

201 651 290 691 omne
311 647 346 688 ex
367 628 508 688 Ecclesiae
531 630 717 688 concessione
737 623 902 687 derivatur.¹
943 631 1040 688 Nemo
1061 647 1120 688 non
1142 630 1219 688 videt
1231 630 1292 688 baec

204 731 321 790 nonnisi
334 730 367 786 ab
381 728 573 786 ecclesiastica
585 737 722 804 potestate
735 728 869 803 pendere.
912 728 978 804 lpse
998 731 1150 804 imperator
1162 729 1292 786 ethnicus

203 830 335 887 Aurelius
343 827 555 903 aedesepiscopi
563 845 633 899 quas
641 826 910 904 occupabatPaulus
918 826 1122 887 Samosotenus
1130 826 1201 885 tradi
1205 829 1295 904 jussit

202 930 229 986 ei
243 929 289 985 cui
303 928 433 1004 episcopi
446 926 535 983 ltalioe
554 935 583 982 et
596 926 733 984 Romanae
752 927 829 984 urbis
842 927 994 1002 episcopus
1012 943 1059 984 eas
1077 923 1293 1002 adjudicarent.²

202 1025 289 1102 Apud
297 1026 372 1104 juris
386 1026 516 1082 canonici
529 1025 634 1100 peritos
649 1033 668 1060 “
680 1025 821 1100 pertinent
833 1025 870 1082 ad
879 1025 1042 1100 spirituales
1064 1043 1109 1083 res
1130 1043 1215 1082 racrae
1229 1044 1292 1097 que

203 1125 311 1182 scilicet
324 1124 389 1182 Deo
402 1135 431 1181 et
444 1123 589 1199 Religioni
603 1131 670 1181 sunt
682 1133 861 1190 consecratae,
876 1133 907 1180 ut
925 1123 1038 1183 divinus
1057 1123 1148 1182 cultos
1162 1141 1293 1182 exercea-

204 1233 264 1290 tur;
286 1223 372 1280 veluti
393 1222 530 1287 ecclesia,
545 1239 681 1294 sacraque
700 1241 776 1288 vasa,
797 1232 825 1279 et
847 1233 1019 1289 ornamenta,
1034 1223 1158 1296 itemque
1172 1239 1218 1280 res
1231 1222 1294 1280 reli·

203 1323 301 1397 giosae,
316 1321 418 1380 domus
432 1321 540 1378 scilicet
553 1329 581 1378 et
594 1322 665 1387 loca,
680 1321 710 1378 in
731 1322 835 1393 quibus
854 1320 899 1377 vel
919 1321 1075 1397 Regulares
1095 1323 1181 1379 vitam
1201 1321 1293 1380 tradu-

203 1433 281 1487 cunt,
296 1420 341 1476 vel
354 1437 491 1496 pauperes
506 1429 588 1492 atque
602 1420 700 1494 egroti
713 1429 854 1486 curantur,
868 1419 913 1476 vel
925 1419 1053 1478 fidelium
1064 1419 1199 1476 cadavera
1211 1439 1292 1496 sepe-

202 1520 318 1577 liuntur.
360 1519 419 1576 Res
433 1519 604 1594 temporales
618 1516 815 1574 ecclesiasticae
836 1528 902 1574 sunt
919 1517 1035 1586 reditus,
1056 1527 1084 1574 et
1105 1516 1185 1575 sundi
1204 1521 1293 1576 eccle-

202 1620 310 1674 siarum
322 1618 423 1688 quibus
442 1618 554 1674 aluntur
576 1615 683 1682 clerici,
698 1625 727 1672 et
739 1632 889 1691 pauperes,
903 1616 1055 1689 omniaque
1079 1615 1113 1672 ad
1133 1615 1291 1693 Religionis

202 1735 289 1774 usum
303 1716 462 1773 necessaria
474 1708 721 1791 comparantur.”³

241 1819 269 1873 9.
291 1815 385 1890 Leges
399 1814 598 1872 ecclesiasticae
611 1812 647 1871 de
660 1815 744 1871 rebus
765 1830 843 1870 mere
864 1815 1064 1889 temporalibus
1078 1831 1136 1871 non
1155 1816 1290 1880 seruntur,

200 1915 257 1972 nisi
270 1925 408 1986 quatenus
421 1913 526 1972 liceant
538 1912 733 1972 determinant.
775 1911 914 1968 Ecclesiae
929 1922 972 1968 est
983 1912 1100 1969 definire
1119 1921 1213 1970 utrum
1227 1932 1293 1971 con·

167 1999 170 2004 ¹
202 2021 304 2070 tractus
318 2013 439 2090 injustus
453 2013 499 2078 sit,
514 2020 543 2068 et
554 2013 623 2069 vitio
636 2030 728 2070 usurae
744 2011 875 2078 infectus,
886 2029 953 2068 nam
967 2029 1004 2068 ex
1014 2010 1111 2068 divina
1123 2010 1195 2087 lege,
1205 2031 1291 2085 quam

200 2113 264 2188 ipsa
285 2111 365 2169 tradit
384 2121 412 2169 et
431 2108 562 2177 custodit,
579 2109 693 2187 pendet.
735 2109 814 2168 Hinc
834 2111 928 2185 plures
942 2110 1105 2185 prodierunt
1118 2109 1291 2170 Pontificum

199 2221 226 2268 et
239 2211 428 2270 conciliorum
441 2210 563 2276 decreta,
587 2209 689 2282 quibus
712 2211 854 2266 vetabatur
875 2227 911 2266 ne
924 2209 1022 2266 fideles
1037 2208 1174 2282 quosdam
1188 2212 1291 2268 inirent

198 2319 355 2368 contractus
379 2310 449 2367 vitio
477 2326 582 2375 usurae,
605 2307 651 2365 vel
673 2309 734 2385 ejus
764 2307 891 2384 periculo
913 2317 941 2364 et
960 2311 1057 2384 specie
1077 2325 1134 2365 non
1154 2319 1289 2366 carentes.

197 2408 317 2467 Ratione
337 2409 425 2485 igitur
446 2409 556 2484 peccati
580 2407 720 2484 pertinent
739 2406 774 2463 ad
793 2406 954 2466 Ecclesiam
980 2426 1044 2480 quae
1064 2407 1190 2482 alioquin
1211 2409 1290 2467 civili

195 2511 328 2584 potestati
341 2507 460 2567 omnino
474 2507 629 2582 subjacent.
656 2505 815 2564 Praesulum
828 2525 885 2565 non
900 2514 943 2562 est
954 2525 999 2563 res
1013 2505 1169 2564 mundanas
1182 2526 1289 2574 curare,

194 2607 247 2665 sed
270 2607 400 2664 divinam
424 2606 567 2680 explicare
588 2605 692 2681 legem,
707 2613 735 2661 et
756 2604 854 2662 fideles
874 2625 891 2660 a
912 2607 1021 2681 pcccati
1043 2605 1169 2681 periculo
1190 2607 1289 2680 procul

199 2719 309 2762 tenere.
353 2701 440 2770 Quod
453 2704 477 2760 si
490 2703 524 2759 de
537 2713 653 2762 externa
665 2722 816 2778 regnorum
831 2703 937 2778 politia,
953 2712 981 2758 et
994 2703 1155 2778 principum
1169 2705 1291 2776 negotiis

197 2805 229 2862 in
244 2804 334 2860 sacris
349 2801 481 2869 comitiis,
496 2803 586 2861 medio
600 2821 671 2868 aevo,
686 2819 900 2872 nonnumquam
908 2808 1053 2858 tractatum
1072 2800 1117 2864 sit,
1133 2809 1291 2874 temporum

199 2904 315 2960 illomm
330 2900 456 2960 conditio
466 2911 509 2957 est
521 2901 681 2978 spectanda,
692 2911 720 2958 et
732 2900 893 2976 principum
903 2900 931 2958 in
944 2899 1054 2974 legibus
1068 2898 1124 2956 illis
1135 2896 1289 2956 condendis

199 3019 292 3076 opera
305 3001 352 3058 vel
365 2997 526 3058 assensus.⁴

242 3103 288 3156 10.
309 3098 354 3156 De
368 3099 536 3156 criminibus
550 3108 647 3156 contra
658 3097 746 3155 fidem
760 3117 889 3156 moresve
903 3108 989 3174 agunt
1001 3098 1078 3174 leges
1093 3098 1289 3156 ecclesiastica

200 3199 355 3274 praesertim
367 3208 400 3256 ut
412 3197 506 3254 clerici
520 3199 550 3254 in
570 3197 666 3257 officio
686 3199 866 3264 retineantur,
881 3197 926 3254 vel
946 3198 971 3253 si
990 3196 1167 3268 deliquerint,
1187 3198 1292 3268 absque

199 3295 307 3354 ordinis
321 3297 460 3354 dedecore
474 3297 633 3372 puniantur.
677 3297 783 3354 Gravia
796 3297 879 3353 etiam
896 3296 1032 3353 laicorum
1047 3293 1157 3361 delicta,
1174 3313 1237 3366 quac
1251 3294 1292 3350 os·

200 3395 361 3455 sensionem
374 3396 488 3472 pariunt
500 3396 697 3473 plurimorum,
711 3396 820 3472 legibus
835 3405 1009 3462 coercentur,
1025 3402 1052 3450 et
1066 3402 1176 3449 servato
1192 3392 1294 3468 judicii

199 3494 300 3553 ordine
326 3496 494 3572 plectuntur.
542 3494 635 3570 Leges
662 3506 755 3553 autem
782 3513 844 3566 quae
871 3494 990 3551 crimina
1016 3490 1172 3572 respiciunt
1197 3489 1293 3546 divino

238 3697 250 3758 (
257 3697 281 3761 r)
302 3694 367 3743 Vide
379 3693 458 3744 Cone.
470 3693 538 3743 Trid.
551 3693 616 3743 Sese.
629 3695 678 3744 xiv.
690 3711 711 3744 c.
724 3695 755 3743 vi.
765 3694 827 3744 decr.
840 3692 870 3742 de
888 3691 941 3741 Rei.
960 3698 985 3740 et
1004 3691 1102 3756 passim
1137 3688 1196 3739 “La
1207 3688 1294 3750 lglesia

202 3780 269 3828 tiene
280 3780 349 3828 sobre
360 3795 391 3830 su
408 3777 554 3845 patrimonio
567 3779 623 3828 toda
635 3779 658 3828 la
669 3778 781 3842 acciony
794 3777 891 3828 arbitrio
902 3777 1035 3836 exclusivo,
1046 3791 1093 3840 que
1105 3775 1263 3839 corresponde
1281 3773 1297 3820 a

198 3864 285 3914 titulos
296 3871 338 3913 tan
350 3865 500 3922 inviolables‚
512 3878 570 3927 para
581 3863 653 3913 baeer
665 3863 695 3913 da
708 3863 732 3912 el
744 3865 768 3913 la
778 3863 934 3914 distribucion
947 3879 963 3925 y
979 3861 1147 3926 aplieaciones‚
1165 3875 1213 3921 quc
1224 3866 1297 3918 tanga

199 3963 246 4012 por
253 3948 434 4007 convenientes,
445 3946 462 3996 a
474 3947 545 3997 todos
554 3949 591 3997 los
602 3949 694 4014 objetos
705 3949 743 3998 del
755 3951 821 4000 culto
831 3965 849 4012 y
860 3947 947 4013 piedad
959 3943 1097 3996 cristiana.”
1115 3943 1216 4006 Ensayo
1228 3944 1296 3992 sobre

206 4034 232 4082 la
249 4031 454 4096 Supremaciadel
467 4033 542 4097 Papa,
554 4048 577 4096 p.
592 4033 648 4082 178.

244 4119 285 4183 (2)
305 4119 380 4183 Apud
392 4118 483 4168 Euseb.
497 4119 512 4167 l.
525 4119 565 4166 vii.
577 4117 633 4167 hist.
646 4118 743 4168 Ecclc.
756 4134 815 4168 xxx.

239 4202 281 4266 (3)
301 4201 361 4250 Inst.
372 4203 476 4258 Canon,
490 4200 587 4259 Devoti,
599 4202 615 4250 l.
627 4201 653 4250 ii.
667 4210 683 4251 t.
696 4202 711 4251 i.

238 4285 279 4349 (4)
301 4285 364 4335 Vide
377 4286 464 4336 Theoi.
478 4285 568 4348 Dogm.
580 4293 647 4335 tract.
659 4287 689 4336 de
701 4285 818 4336 Ecclesia
830 4301 853 4336 c.
864 4285 913 4335 xix.

768 4391 823 4446 15*
