3146 5266
420 491 477 548 DE
500 488 792 548 CONSCIENTIA
812 490 1097 558 SCRUPULOSA.
1268 501 1307 552 45

210 655 302 731 jussio
314 675 367 732 pro
380 665 456 714 certa
469 655 570 732 agendi
583 675 682 714 norma
701 655 847 714 sumenda.
889 656 1035 730 Equidem
1055 659 1085 716 iu
1101 677 1135 716 ca
1148 661 1250 718 mentis
1264 679 1308 718 ca·

212 753 297 830 ligine
311 756 366 812 nisi
379 757 444 828 quis
458 756 575 812 omnino
588 755 746 813 obaudierit
765 757 864 813 animae
884 755 959 822 duci,
980 758 1029 813 vix
1048 759 1150 833 poterit
1163 759 1302 818 evadere:

212 853 276 910 ideo
297 863 316 888 ‘⁶
327 853 362 911 ad
375 857 420 912 sui
432 855 552 931 pastoris
566 855 726 920 consilium,
747 856 918 912 conscientia
936 856 1008 912 levis
1028 864 1056 912 et
1075 859 1229 914 temerariae
1243 875 1303 914 cre·

212 951 335 1010 dulitatis
348 955 477 1031 explosa,
491 955 565 1012 licite
578 963 673 1029 potest
684 971 742 1010 non
755 954 848 1012 solum
868 953 996 1021 reddere,
1019 954 1070 1012 sed
1089 957 1206 1032 exigere
1225 956 1303 1013 debi-

214 1059 273 1108 tum
286 1049 483 1130 conjugale.'’¹
523 1053 566 1112 Ita
578 1053 613 1108 de
627 1053 745 1110 muliere
759 1071 796 1110 ex
809 1053 867 1111 levi
880 1073 964 1110 causa
976 1053 1114 1112 dubitanti
1126 1054 1162 1113 de
1175 1056 1304 1132 conjugii

214 1151 252 1218 vi,
266 1151 412 1226 respoudit
424 1152 494 1210 olim
507 1151 690 1210 Innocentius
703 1151 759 1209 Ill.

253 1253 281 1306 9.
305 1249 515 1320 Confessarius‚
526 1251 621 1326 igitur,
632 1252 681 1323 qui
691 1252 857 1326 scrupuloso
867 1251 975 1310 mederi
985 1251 1089 1320 studet,
1098 1252 1182 1310 debet
1191 1253 1307 1309 omnino

141 1376 145 1388 ¹
215 1351 330 1425 exigere
342 1359 374 1407 ut
385 1349 506 1418 obediat,
525 1361 555 1424 et
573 1351 662 1407 libere
676 1359 738 1426 agat
752 1350 836 1428 juxta
856 1352 994 1426 principia
1014 1351 1067 1407 sibi
1087 1349 1194 1409 tradita.
1237 1351 1306 1408 Non

215 1457 325 1524 oportet
336 1448 502 1524 plerumque
516 1449 706 1520 frequentiora
717 1449 745 1504 ei
757 1449 902 1525 indulgere
923 1450 1076 1522 colloquia,
1089 1450 1135 1506 vel
1148 1449 1306 1526 singulares

216 1565 409 1618 quoscumque
430 1566 512 1606 casus
534 1547 669 1614 definire;
693 1546 744 1604 sed
765 1548 796 1606 in
817 1549 983 1606 universum
1004 1550 1031 1605 ei
1049 1548 1148 1624 jubeat
1167 1559 1199 1605 ut
1221 1548 1308 1605 iaciat

218 1643 355 1715 quidquid
373 1664 430 1703 non
449 1645 523 1702 certd
543 1647 622 1704 novit
641 1655 789 1720 peccatum
808 1664 882 1712 esse,
903 1656 931 1702 et
949 1663 1132 1704 communem
1151 1647 1305 1723 proborum

217 1742 452 1800 consuetudinem
465 1755 603 1815 sequatur.
646 1744 788 1801 Diuturno
806 1744 984 1801 conscientia
1004 1745 1135 1802 examine
1156 1745 1307 1820 prohiben-

216 1840 269 1899 dus
283 1851 327 1898 est
339 1842 478 1917 poenitens
492 1844 540 1914 qui
553 1843 692 1918 scrupulis
712 1841 826 1908 laborat,
841 1851 870 1898 et
891 1842 926 1900 ad
945 1861 1056 1900 sacmm
1076 1843 1206 1910 tribunal,
1221 1844 1307 1902 ctiam

216 1939 295 1997 nullo
309 1941 438 1998 examine
451 1943 608 2016 praemisso,
622 1939 792 1998 invitandus.
835 1939 868 1996 Si
882 1938 916 1997 de
930 1950 1110 2014 peccatorum
1124 1941 1304 1998 consessione

218 2047 342 2114 angatur,
363 2058 424 2110 quae
445 2041 535 2098 semel
554 2041 702 2098 consessus
722 2047 841 2096 estnon
863 2047 929 2096 suut
949 2039 1102 2115 repetenda
1123 2040 1160 2098 ob
1181 2038 1308 2095 defectus

217 2137 371 2209 quosdam:
393 2137 445 2194 sed
464 2139 590 2215 suppleri
610 2145 740 2214 poterunt
758 2137 857 2205 semel,
879 2137 925 2194 vel
943 2137 1055 2206 iterum,
1069 2139 1185 2206 omissa,
1200 2147 1228 2195 et
1246 2139 1309 2196 reli·

217 2254 272 2308 qua
285 2235 386 2294 divinae
400 2237 600 2295 misericordias
620 2238 731 2312 penitus
744 2235 946 2309 relinquenda:
968 2255 1021 2295 nec
1034 2238 1121 2304 enim,
1135 2238 1161 2293 si
1173 2235 1243 2308 quid
1255 2237 1310 2294 sor-

217 2353 267 2391 san
280 2335 362 2404 desit,
377 2338 404 2393 ei
416 2336 465 2392 illo
479 2338 509 2393 in
522 2337 685 2393 discrimine
705 2336 827 2392 versanti
846 2335 1037 2411 imputabitur.
1080 2337 1113 2394 Si
1126 2335 1161 2392 de
1176 2337 1309 2412 praecepti

218 2433 380 2508 impletione
394 2436 480 2492 nimis
494 2435 530 2491 sit
543 2435 668 2492 solicitus
688 2434 837 2510 paenitens,
859 2435 960 2510 poterit
973 2435 1160 2492 confessarius
1175 2453 1241 2492 eum
1255 2435 1310 2492 sol-

218 2549 282 2588 vere
296 2531 475 2608 obligatione,
490 2534 599 2605 quoties
610 2551 723 2609 gravem
734 2531 904 2600 molestiam,
915 2552 981 2590 cum
992 2534 1099 2610 jactura
1108 2534 1209 2591 animae
1220 2534 1309 2607 pacis,

219 2628 284 2685 inde
307 2631 418 2704 patitur.
461 2632 510 2688 Sic
532 2633 651 2688 recitans
672 2631 848 2688 Breviarium
872 2650 1087 2704 nonnumquam
1111 2631 1182 2688 adeo
1200 2632 1313 2706 angitur

221 2727 375 2801 scrupulis,
387 2737 420 2784 ut
432 2731 508 2803 gravi
520 2730 667 2805 objiciatur
679 2729 836 2786 discrimini
848 2747 934 2786 usum
947 2730 1062 2786 rationis
1076 2726 1231 2786 amittendi.

263 2829 310 2881 10.
334 2824 522 2901 Scrupulosis‚
537 2829 664 2899 quivere
678 2836 822 2903 apeccatc
841 2827 920 2902 gravi
936 2827 1096 2894 abhorrent,
1110 2824 1311 2882 commendan-

218 2922 288 2981 dum
301 2932 333 2980 ut
345 2925 542 2984 eucharistiam
556 2928 660 3002 saepius
673 2927 818 3001 recipiant,
840 2925 874 2982 ad
895 2945 979 2998 quam
995 2926 1077 3002 juvat
1095 2923 1228 2983 accedere
1242 2944 1311 2982 non·
1405 2965 1411 2980 .

219 3041 365 3094 nunquam
386 3024 492 3082 omissa
511 3025 699 3092 consessione,
714 3023 826 3096 quando
846 3026 954 3082 scilicet
972 3024 1145 3083 confessario
1157 3033 1201 3081 est
1214 3025 1311 3101 explo-

221 3130 310 3181 ratum
324 3140 375 3180 eos
388 3141 488 3198 puram
509 3123 611 3200 degere
634 3125 730 3182 vitam.
773 3123 847 3200 lpsis
862 3142 893 3180 se
914 3124 1046 3201 indignos
1066 3123 1272 3199 profitentibus,
1286 3134 1314 3182 ct

221 3231 400 3294 peccatorum
420 3223 547 3298 gravium
560 3241 635 3290 reos,
657 3241 716 3280 non
735 3231 779 3278 est
797 3221 868 3279 fides
888 3221 1054 3298 praestanda,
1072 3222 1154 3280 facile
1168 3222 1246 3280 enim
1259 3223 1312 3279 sibi

222 3319 390 3394 persuadent
402 3338 436 3377 ea
448 3338 511 3391 quae
524 3321 701 3397 phantasiam
715 3321 824 3379 turbant
836 3339 899 3378 esse
914 3322 1001 3380 animi
1018 3320 1153 3378 maculas.
1198 3321 1315 3378 Solebat

222 3416 325 3474 idcirco
336 3419 368 3475 S.
383 3418 535 3495 Philippus
549 3420 656 3477 Nerius
666 3420 830 3496 hujusmodi
850 3420 1049 3495 poenitentibus
1070 3420 1222 3494 praecipere
1236 3428 1266 3474 ut
1279 3418 1315 3474 ad

221 3533 330 3574 sacram
355 3537 482 3576 mensam
506 3519 671 3576 accederent
695 3517 873 3575 confessione
896 3517 972 3573 haud
997 3517 1114 3590 expiati.
1166 3514 1313 3572 Monacho

224 3612 337 3671 cuidam
350 3635 379 3673 se
399 3616 578 3674 dubitationis
599 3617 634 3674 de
656 3615 766 3673 Christi
787 3614 906 3672 Domini
926 3614 957 3671 in
976 3613 1144 3670 eucharistia
1164 3613 1314 3688 praesentia

224 3715 375 3781 accusanti,
397 3715 469 3772 dixit
489 3715 521 3772 S.
543 3715 722 3773 Bernardus:
746 3712 866 3782 “Vade,
887 3722 916 3770 et
934 3713 964 3772 in
982 3712 1038 3772 fide
1058 3731 1123 3773 mea
1142 3713 1267 3775 celebres
1281 3712 1311 3770 :''

223 3828 282 3882 quo
295 3812 514 3889 obtemperante,
529 3813 655 3871 dubietas
669 3814 717 3872 illa
729 3813 842 3888 penitus
855 3813 962 3870 sublata
974 3822 1027 3870 est.

265 3913 312 3966 ll.
334 3910 499 3988 Benignitas
513 3913 680 3988 plerumque
695 3912 867 3987 scrupulosis
881 3921 925 3968 est
937 3911 1114 3976 exhibenda;
1135 3908 1187 3965 sed
1200 3909 1249 3981 qui
1263 3927 1315 3966 sua

222 4019 380 4080 sequuntur
401 4009 503 4086 placita
524 4009 621 4068 durius
645 4010 794 4083 aliquando
814 4009 948 4066 tractandi
970 4018 1044 4065 sunt.
1086 4007 1126 4064 lis
1146 4026 1204 4083 prae
1225 4008 1314 4064 oculis

224 4107 355 4180 ponenda
368 4118 411 4165 est
424 4109 456 4164 S.
471 4108 609 4166 Bemardi
628 4109 783 4167 sententia:
806 4108 884 4178 “qui
904 4125 935 4163 se
955 4107 1010 4164 sibi
1030 4107 1196 4182 magistrum
1214 4106 1316 4164 consti·

224 4205 285 4273 tuit,
300 4206 384 4264 stulto
397 4225 429 4263 se
442 4205 614 4283 discipulum
627 4197 770 4266 subdit.”²
810 4203 885 4262 Illud
904 4214 997 4264 autem
1011 4203 1178 4273 carendum,
1198 4223 1234 4262 ne
1249 4203 1317 4262 dum

326 4455 369 4519 (1)
391 4452 454 4518 Gap.
467 4453 524 4503 xliv.
536 4454 566 4503 de
583 4460 644 4504 sent.
656 4469 751 4524 excom.
853 4453 895 4518 (l)
910 4453 958 4517 Ep.
970 4451 1055 4501 lxxxv.
1066 4449 1096 4499 ed
1109 4448 1236 4511 Ogerium.
