3068 5256
492 527 550 588 DE
571 529 711 588 SEXTO
732 529 984 590 PRAEOEPTO.
1227 541 1282 598 ltu

189 697 284 758 tiendo
296 697 362 755 velit
373 695 526 763 remittere,
540 713 607 753 nam
620 714 653 753 ea
665 704 709 752 est
720 695 835 754 traderis
844 698 1006 774 nuptiarum
1019 705 1126 766 namra,
1136 709 1169 756 ut
1180 713 1280 761 neuter

188 799 292 875 conjux
304 797 397 873 possit
411 795 462 871 jur
475 795 505 852 in
525 793 643 852 alterum
663 794 831 854 transferre:
852 807 1023 872 quapropter
1034 797 1134 856 merito
1148 798 1279 858 damnata

186 907 230 954 est
242 896 420 973 propositio:
444 893 593 969 “Copula
612 912 677 952 cum
697 895 858 972 conjugata,
878 895 1071 955 consentiente
1090 899 1200 966 manto,
1218 917 1277 960 non

185 1006 229 1053 est
241 995 411 1054 adulterium
423 1012 430 1060 ;
451 993 573 1065 ideoque
581 992 686 1050 sufficit
697 994 728 1050 in
742 993 923 1052 confessione
936 995 1029 1054 dicere
1037 1013 1069 1055 se
1077 1015 1141 1054 esse
1154 998 1276 1058 fornica·

185 1091 294 1152 tum.”¹
336 1093 491 1150 Remittere
512 1092 629 1165 quidem
649 1101 743 1168 potest
764 1095 881 1152 maritus
901 1093 1071 1154 damnasibi
1083 1113 1121 1154 cx
1141 1095 1277 1158 adulterio

184 1195 357 1260 obventura3
379 1191 431 1248 sed
443 1191 541 1264 nequit
553 1191 668 1249 foederis
681 1194 820 1252 sanctitati
834 1194 980 1271 derogare.

226 1296 294 1350 141.
317 1291 442 1351 Gravius
456 1299 499 1347 est
511 1291 679 1349 adulterium
693 1293 804 1362 quoties
816 1301 934 1366 uterque
946 1293 1071 1370 conjugii
1081 1295 1195 1354 vinculo
1207 1297 1276 1373 liga·

121 1453 129 1468 ‚
183 1401 238 1460 tur,
252 1411 319 1449 uam
333 1391 453 1448 duorum
466 1391 621 1467 conjugum
635 1389 773 1449 violantur
781 1393 856 1468 jura,
871 1391 964 1449 ctduc
975 1392 1081 1451 fredera
1093 1395 1273 1470 nuptiarum:

183 1490 302 1567 proinde
314 1489 344 1547 id
357 1489 519 1548 confitendo
532 1489 731 1547 declarandum
751 1499 803 1548 est
845 1489 909 1548 Viri
928 1490 1094 1550 adrrltcrium
1107 1494 1220 1571 gravius
1232 1505 1277 1552 est

185 1590 313 1647 mulieris
326 1586 471 1656 adulterio,
486 1607 573 1661 quum
587 1589 634 1647 ille
657 1590 746 1647 animi
768 1582 869 1647 robori
888 1607 920 1647 se
939 1590 1074 1649 adversus
1093 1591 1275 1667 cupiditatem

185 1689 298 1746 munire
318 1686 433 1754 debeat3
453 1687 514 1747 haec
535 1687 696 1746 infirmitate
716 1689 891 1760 aliquatenus
911 1683 1090 1748 excusetur.²
1130 1689 1274 1752 01111111

184 1789 311 1846 mulieris
324 1795 481 1862 peccatum,
496 1789 532 1845 ob
546 1787 655 1864 prolem
668 1789 805 1846 incertam
818 1797 848 1844 et
858 1787 991 1856 dedecus,
1006 1789 1203 1864 gravissimum
1217 1791 1275 1867 ple·

184 1905 304 1959 mmquc
317 1894 459 1945 censetur.

227 1989 293 2043 142.
314 1987 449 2045 Moechiae
469 1987 585 2044 nomine
598 1986 813 2044 fornicationem
833 1973 960 2053 includis
969 1986 1149 2044 concubitum
1167 1985 1276 2044 tcilicet

184 2086 269 2144 soluti
285 2105 349 2144 cum
362 2085 464 2153 soluta,
479 2103 516 2143 111
531 2085 720 2143 liebraeorum
732 2105 786 2144 111
801 2087 897 2161 plures
911 2095 1048 2143 asserunt
1091 2085 1197 2158 Liquet
1209 2103 1272 2144 eam

182 2203 266 2261 grave
279 2186 386 2244 crimen
400 2185 535 2252 habitam,
549 2195 578 2242 et
589 2185 681 2260 poenis
695 2185 870 2260 gravissimis
880 2186 1018 2260 punitam.
1061 2185 1093 2244 Si
1107 2204 1164 2259 qua
1177 2185 1271 2262 puella

183 2285 213 2341 iu
224 2285 436 2343 matrimonium
450 2282 535 2341 ducta
546 2285 665 2360 virginei
678 2282 788 2341 decoris
802 2285 899 2342 amissi
913 2302 961 2341 rea
980 2285 1161 2352 inveniretur,
1176 2283 1270 2342 decre·

183 2392 310 2442 tumeat:
333 2393 353 2419 “
361 2384 480 2462 ejicient
498 2401 562 2440 eam
582 2391 662 2440 extra
684 2383 758 2440 fores
781 2382 883 2440 domus
905 2383 991 2458 patris
1014 2384 1069 2450 aui,
1092 2384 1269 2460 etlapidibus

182 2483 301 2541 obruent
313 2484 366 2540 viri
380 2482 501 2540 civitatis
515 2481 600 2549 illius,
610 2481 797 2540 etmorietur:
820 2483 954 2554 qnoniam
962 2483 1029 2541 fecit
1035 2483 1115 2542 nefas
1128 2483 1269 2552 11111111,

180 2591 212 2639 ut
224 2582 409 2642 fornicaretur
422 2583 451 2639 in
465 2581 550 2638 domo
563 2582 649 2657 patris
662 2577 756 2639 111.”3
796 2581 831 2640 11
844 2582 930 2640 Novo
944 2582 1130 2640 Testamento
1143 2583 1271 2642 interitus

182 2689 302 2739 aeternus
311 2681 397 2757 hujus
405 2681 530 2739 criminis
540 2681 596 2737 reis
604 2699 681 2757 saepe
691 2681 857 2738 intentatur:
880 2689 899 2716 ‘⁶
910 2681 957 2738 An
971 2681 1087 2738 nescitis
1102 2681 1169 2752 quia
1177 2682 1257 2753 iniqu

181 2795 304 2856 reguum
325 2776 381 2836 Dei
404 2797 461 2837 non
485 2779 690 2855 possidebunt?
732 2779 830 2836 Nolite
853 2797 961 2838 enare:
994 2777 1098 2850 Neque
1117 2777 1271 2849 fornicem,

180 2895 275 2952 neque
289 2879 373 2938 idolis
386 2879 548 2946 servientes,
563 2897 656 2951 neque
670 2877 948 2956 adulteri-regnum
968 2877 1025 2934 Dei
1038 2873 1272 2954 possidebunt.’'⁴

181 2978 315 3036 “Omnis
330 2978 491 3045 fornicator,
506 2987 553 3035 aut
566 2977 830 3038 immundus-non
843 2979 927 3037 habet
936 2977 1127 3036 hereditatem
1141 2961 1171 3036 in
1183 2995 1271 3055 regno

180 3075 289 3136 Christi
316 3073 468 3135 111)11.”6
508 3076 652 3149 Equidem
672 3079 773 3135 vitium
793 3080 848 3137 hoc
868 3097 1025 3156 repugnare
1046 3079 1148 3137 rationi
1165 3087 1194 3136 et
1212 3078 1270 3154 legi

179 3175 280 3238 divinae
293 3178 394 3250 liquet,
415 3195 504 3249 quum
517 3195 606 3252 vagus
626 3172 791 3235 concubitus
811 3180 945 3255 primario
964 3178 1015 3236 fini
1036 3178 1127 3236 coitus
1140 3178 1269 3244 humani,

179 3279 352 3352 generationi
365 3277 474 3334 scilicet
486 3277 575 3352 prolis
586 3286 614 3333 et
626 3276 797 3345 educationi,
808 3287 961 3354 repugnem
982 3276 1050 3334 huic
1062 3277 1140 3335 enim
1153 3276 1269 3334 nonnisi

178 3386 315 3452 perpetuo
342 3376 506 3435 coeuntium
526 3375 631 3433 foedere
654 3386 683 3433 et
704 3377 818 3435 vinculo
841 3377 909 3434 satis
932 3375 1097 3434 consulitur.
1140 3374 1225 3441 Quod
1246 3375 1271 3430 si

178 3475 318 3534 interdum
333 3477 509 3552 contingeret
520 3493 554 3532 ca
566 3475 693 3533 adhiberi
714 3475 885 3533 adminicula
898 3475 1000 3545 quibus
1014 3475 1086 3550 proli
1100 3491 1137 3530 cx
1150 3473 1270 3531 fornica·

179 3574 255 3631 tione
269 3578 488 3652 prospiceretur,
501 3593 535 3632 ea
555 3592 618 3647 quae
638 3574 706 3632 huic
729 3575 804 3631 inest
821 3573 928 3631 malitia
949 3591 1007 3628 non
1028 3570 1093 3630 ideo
1116 3571 1268 3637 tolleretur,

179 3691 270 3745 quum
283 3691 334 3748 per
345 3694 375 3733 e
398 3683 427 3732 et
448 3673 615 3750 plerumque
638 3674 755 3750 obijciat
775 3673 885 3750 prolem
907 3662 1089 3730 (1111111111.6
1130 3671 1208 3731 11111
1222 3671 1270 3730 dc·

177 3771 289 3830 linimm
302 3783 346 3831 est
357 3783 455 3832 contra
468 3772 634 3849 Beguardos
647 3784 676 3831 et
689 3765 860 3852 Beguinas,⁷
879 3791 942 3830 eam
956 3790 1018 3830 csse
1033 3782 1181 3850 peccatum
1194 3789 1268 3830 mor·

178 3871 250 3930 tale:
272 3882 301 3930 et
314 3873 446 3933 damnata
458 3881 502 3931 est
514 3873 548 3930 ab
560 3873 728 3932 Innocentio
748 3874 802 3932 XI.
818 3874 975 3952 propositio
996 3890 1138 3944 aequem:
1162 3880 1181 3907 “
1193 3871 1268 3928 Tam

213 4045 254 4110 (l)
274 4046 349 4111 Prop.
357 4045 388 4096 L.
400 4047 462 4096 11111
474 4047 601 4098 damnatas
615 4049 644 4097 ab
656 4047 801 4098 innocentio
810 4047 856 4096 Xl.

213 4129 253 4194 (2)
274 4130 300 4177 S.
313 4131 380 4192 Aug.
391 4132 406 4179 1.
419 4131 443 4180 11.
455 4131 485 4180 de
496 4132 639 4184 adulterinis
650 4132 781 4196 conjugiis,
793 4148 814 4180 c.
826 4131 876 4180 viii.

212 4214 253 4279 (3)
275 4214 473 4264 11111111111.
644 4217 686 4280 (4)
708 4217 716 4262 1
731 4216 786 4264 Cor.
799 4215 830 4264 ri.
843 4217 867 4264 9.
1006 4247 1009 4253 ·
1043 4215 1084 4281 (t)
1105 4213 1201 4279 Eph-r.
1214 4216 1239 4264 5.

213 4299 255 4365 (6)
276 4299 341 4348 Vide
353 4300 379 4348 S.
391 4299 482 4350 Thom.
493 4298 517 4349 2.
530 4305 554 4349 2.
564 4317 605 4364 qu.
618 4301 672 4349 cliv.
685 4299 765 4348 11111.
800 4299 874 4367 Resp.

213 4384 255 4451 (7)
274 4383 431 4436 Clementina
442 4383 487 4436 Ad
496 4390 618 4446 nostram,
631 4385 666 4434 tit.
678 4383 708 4432 de
716 4384 842 4434 haereticis

697 4463 752 4519 12*
