3078 5258
259 507 319 566 tto
476 499 533 562 DE
552 497 729 560 JEJUNIO
747 497 809 558 ET
828 496 1130 558 ABSTINENTIA.

262 687 334 748 gans
342 666 486 746 jejunium
499 665 650 734 Ecclesia,
665 663 701 722 ad
713 662 791 737 quod
804 670 924 732 tenetur,
937 681 996 722 non
1009 671 1110 740 peceat
1121 665 1285 733 mortaliter,
1295 666 1348 724 nisi

262 785 300 830 ex
322 775 497 841 contemptu,
517 765 564 824 vel
585 763 775 822 inobedientia
794 762 850 824 hoc
872 761 964 830 saciat,
988 771 1065 839 puta,
1086 763 1230 836 quianon
1249 764 1349 823 vultse

262 867 402 945 subjicere
415 857 607 941 praeceptam
647 863 733 931 Quod
745 863 771 920 si
783 864 860 936 quis,
882 860 927 918 vel
947 861 1029 930 sorte,
1044 862 1089 920 vel
1108 862 1250 931 consulti,
1264 865 1295 922 in
1307 864 1349 923 die

259 965 363 1044 jejunii
373 963 443 1022 duas
456 963 612 1041 sumpserit
618 961 796 1029 refectiones,
808 963 876 1020 alias
890 979 1002 1020 sumere
1016 980 1075 1020 non
1087 962 1140 1020 erit
1153 963 1246 1038 gravis
1260 965 1350 1041 culpa,

263 1083 352 1138 quum
364 1065 488 1140 amplius
501 1071 623 1136 nequeat
635 1071 810 1138 preceptum
823 1077 945 1120 servare.

301 1167 351 1224 42.
372 1162 503 1223 Refectio
515 1163 608 1229 unica,
622 1180 686 1233 quae
699 1160 745 1218 die
754 1161 859 1238 jejunii
868 1159 1049 1236 permittitur,
1060 1167 1126 1235 post
1137 1160 1207 1218 solis
1222 1179 1352 1219 occasum

263 1263 332 1324 olim
345 1264 508 1322 sumebatur
520 1262 550 1320 in
570 1259 804 1336 quadragesima
824 1268 853 1318 et
871 1259 942 1317 hora
954 1277 1041 1326 nona,
1064 1277 1116 1316 sou
1136 1259 1225 1318 tribus
1246 1261 1352 1318 circiter

263 1373 328 1438 post
349 1361 497 1422 meridiam
510 1360 599 1428 horis,
613 1360 721 1418 catena
741 1360 807 1418 anni
828 1359 1020 1433 temporibus;
1036 1358 1098 1434 jam
1120 1358 1257 1416 asaeculo
1269 1358 1349 1417 XIV.

263 1460 500 1522 circameridiem
520 1459 651 1519 sumitur.
693 1458 824 1534 Tempus
846 1457 902 1516 hoo
924 1456 1081 1534 prandendi
1103 1457 1262 1516 notabiliter
1284 1477 1351 1534 prte-

264 1562 371 1629 venire,
386 1571 455 1637 puta
466 1579 517 1636 per
530 1559 599 1616 duas
613 1567 661 1615 aut
674 1565 728 1614 tres
742 1557 826 1614 horas
847 1557 940 1632 gravis
959 1556 1103 1614 nonnullis
1123 1555 1234 1616 videtur
1252 1557 1350 1634 culpa:

264 1659 326 1719 aliis
339 1661 432 1719 levam
445 1677 508 1716 eam
521 1656 699 1723 habentibus,
713 1674 801 1728 quum
811 1657 968 1715 substantia
976 1656 1080 1733 jejunii
1093 1665 1229 1724 servetur,
1244 1658 1352 1728 quotics

263 1758 349 1818 unica
373 1757 403 1816 in
416 1756 461 1816 die
484 1757 604 1815 sumitur
623 1754 749 1814 relectio.
791 1754 892 1814 Alevi
919 1756 1004 1832 culpa
1024 1755 1125 1814 eximit
1144 1755 1253 1828 quaevis
1276 1775 1353 1828 aequa

265 1875 366 1918 causa:
388 1876 425 1915 v:
447 1876 481 1934 g:
503 1857 555 1914 iter
567 1853 770 1914 inchoandum.
812 1855 845 1914 st
858 1853 1009 1932 prandium
1022 1854 1188 1930 interrumpi
1200 1855 1351 1932 confingat,

264 1957 331 2016 licet
342 1955 412 2016 illud
425 1967 524 2034 postea
536 1955 628 2021 linire,
649 1973 738 2026 quum
760 1955 845 2013 unica
863 1955 998 2012 habeatur
1016 1953 1142 2012 relectio.
1184 1953 1352 2031 interruptio

258 2065 360 2116 autem
372 2056 504 2131 prudenti
523 2053 637 2112 arbitrio
656 2053 823 2113 aestimanda
835 2063 888 2122 cst,
909 2054 1004 2113 habita
1023 2053 1221 2130 adjunctorum
1233 2054 1348 2114 ratione.

265 2155 338 2212 Post
350 2152 444 2229 plures
458 2153 541 2211 horas
555 2150 591 2208 ad
603 2152 753 2227 prandium
766 2153 857 2211 redire
871 2172 929 2211 non
948 2153 1024 2221 licet,
1039 2153 1064 2208 si
1082 2153 1143 2228 jam
1162 2170 1194 2208 se
1208 2154 1277 2209 satis
1291 2155 1351 2225 quis

263 2251 402 2319 refecerit,
428 2271 483 2312 neo
507 2251 595 2319 enim,
619 2260 695 2310 tanto
721 2252 911 2312 intercedente
933 2251 1091 2319 intervallo,
1114 2249 1215 2310 eadem
1240 2252 1352 2312 resectio

264 2351 361 2410 heberi
381 2361 484 2426 potest
525 2350 591 2408 Etsi
614 2351 679 2422 quis
702 2370 837 2410 amensa
857 2353 1011 2410 surrexerit
1036 2351 1132 2408 animo
1152 2347 1274 2425 amplius
1295 2370 1353 2410 non

265 2447 445 2516 comedendi,
459 2449 562 2526 poterit
583 2448 668 2523 paulo
687 2458 753 2524 post
774 2449 876 2516 redire,
892 2452 937 2507 vel
956 2469 1042 2527 poma
1065 2458 1112 2506 aut
1124 2450 1212 2508 ‚cibos
1233 2450 1353 2508 leviores

265 2546 424 2608 comodere.
466 2548 598 2622 Tempus
612 2564 663 2621 per
676 2547 753 2619 quod
773 2547 923 2624 prandium
936 2549 1061 2625 protrahi
1074 2556 1177 2623 potest,
1191 2549 1270 2606 nulla
1281 2559 1354 2606 certa

265 2646 483 2724 reguladetiniri
495 2655 606 2723 potest;
627 2647 678 2704 sed
692 2646 846 2723 prudenter
859 2656 902 2705 est
915 2647 1110 2706 estimandum
1124 2665 1176 2722 pro
1190 2667 1269 2706 more
1283 2649 1352 2726 regi-

266 2765 364 2808 onum.
406 2746 453 2804 Ad
464 2746 534 2806 duas
547 2745 631 2804 horas
645 2745 715 2805 illud
727 2746 850 2823 protrahi
864 2746 991 2824 theologi
1004 2746 1132 2805 nonnulli
1146 2747 1315 2806 concedunt.

305 2849 355 2903 43.
377 2845 487 2904 Vinum
506 2845 633 2918 aliosque
653 2845 778 2919 liquores
799 2863 911 2903 sumere
933 2848 962 2902 in
983 2845 1082 2904 diebus
1098 2845 1203 2922 jejunii
1216 2847 1285 2904 olim
1298 2866 1353 2905 non

265 2943 360 3001 licuit:
382 2941 578 3019 progrediente
598 2941 665 3000 verb
687 2953 815 3020 ternpore
836 2944 906 3002 adeo
927 2946 1052 3022 mitigata
1072 2955 1115 3002 est
1140 2945 1299 3021 disciplina,
1325 2956 1354 3004 ut

266 3048 350 3118 potus
365 3039 530 3116 hujusmodi
549 3040 660 3115 legibus
669 3041 820 3118 jejunandi
831 3062 989 3120 repugnare
1002 3044 1078 3102 haud
1091 3053 1248 3102 censeatur.
1291 3045 1354 3104 Fini

265 3148 360 3196 tamen
374 3156 461 3211 quam
474 3137 528 3196 sibi
541 3140 676 3214 proponit
688 3141 822 3200 Ecclesia
840 3143 967 3202 maxime
987 3144 1191 3212 adversaretur,
1212 3145 1262 3218 qui
1276 3146 1352 3221 potui

264 3237 356 3296 nimio
369 3237 528 3315 indulgeret
539 3238 570 3296 in
582 3237 708 3299 fraudem
718 3241 832 3319 jejunii.
874 3243 989 3300 Bibenti
1008 3243 1154 3302 modicum
1174 3243 1281 3316 aliquid
1300 3245 1353 3302 cibi

265 3337 351 3396 simul
365 3355 478 3396 sumere
490 3356 547 3396 una
560 3347 608 3396 aut
627 3339 713 3406 altera
731 3342 804 3409 vice,
819 3359 854 3399 ne
875 3350 959 3418 potus
972 3351 1081 3411 noceat,
1103 3343 1229 3420 theologi
1242 3344 1352 3418 permit·

265 3443 336 3497 tunt.
965 3515 970 3525 ι
1057 3442 1060 3446 ’

304 3539 354 3594 44.
376 3535 564 3606 Electuario,
579 3556 642 3610 quae
656 3537 721 3596 ideo
734 3537 865 3596 dicuntur
877 3537 955 3613 quod
967 3559 1005 3598 ex
1019 3539 1116 3598 electis
1129 3541 1224 3608 rebus,
1238 3549 1306 3616 puta
1318 3559 1353 3598 ex

265 3635 411 3705 saccharo,
426 3646 454 3694 et
468 3636 613 3714 junipero,
628 3646 675 3695 aut
690 3638 774 3696 cedro
794 3639 991 3708 conficiuntur,
1006 3640 1148 3698 “etiamsi
1161 3640 1257 3714 aliquo
1271 3639 1352 3698 modo

264 3733 396 3800 nutriant,
410 3753 468 3792 nou
481 3743 575 3792 tamen
589 3736 782 3812 principaliter
794 3746 975 3796 assumuntur
984 3737 1020 3796 ad
1029 3741 1242 3808 nutrimentum,
1256 3739 1308 3796 sed
1320 3737 1351 3798 ad

263 3832 454 3912 digestionem
467 3833 612 3891 ciborum:
633 3834 710 3892 unde
724 3854 781 3894 non
793 3837 909 3896 solvunt
916 3839 1071 3916 jejunium,
1085 3839 1159 3898 sicut
1171 3858 1225 3898 nec
1239 3839 1351 3898 aliarum

262 4033 324 4098 days
335 4035 364 4084 of
376 4036 469 4087 festival
477 4035 595 4096 mitiss,
612 4037 649 4087 sor
662 4036 703 4086 the
720 4037 825 4100 framing
836 4040 865 4088 ot
879 4039 921 4089 the
939 4055 986 4090 ono
1004 4039 1126 4100 affection,
1138 4040 1186 4090 and
1204 4042 1282 4107 partly
1294 4038 1349 4090 with

262 4115 370 4164 timeaof
378 4133 392 4165 a
399 4127 509 4183 conhary
518 4128 575 4180 sort,
587 4119 623 4170 for
632 4119 673 4170 the
681 4121 815 4186 periecting
822 4122 851 4170 of
859 4121 899 4171 the
909 4121 1004 4172 other.’'
1038 4121 1105 4174 Eerl.
1115 4121 1210 4191 Potry,
1221 4125 1236 4174 l,
1249 4140 1269 4172 v.
1279 4140 1302 4174 n.
1312 4125 1348 4172 ¹72.

260 4198 393 4264 Jejunandi
403 4215 495 4251 morem
506 4211 531 4253 ot
539 4205 617 4266 legem
628 4221 659 4254 er
671 4205 778 4272 professo
789 4222 819 4257 eo
831 4206 878 4256 loci
886 4206 1001 4258 defendit.

300 4283 343 4350 (ι)
363 4282 436 4351 stop.
447 4289 488 4335 aa.
