3078 5258
424 444 803 509 naoomuumous
825 417 1045 512 Pisonum.
1224 455 1284 512 sos

187 636 228 676 ex
241 615 369 691 Eugenii
381 613 436 671 IV.
452 611 667 679 «declaratione,1
680 621 708 668 et
725 611 865 670 Ecclesiae
878 631 931 672 usu
952 624 981 672 et
993 624 1090 674 sensu.
1133 615 1288 679 Concesait

188 734 274 792 porro
297 713 388 770 Sedes
401 713 581 788 Apostolica,
595 711 760 788 rogantibus
780 713 909 788 patribus
929 715 1015 788 primi
1038 715 1153 773 concilii
1172 721 1286 792 provin·

189 811 514 879 cialisBaltimorensis,
530 821 560 868 ut
572 811 672 868 fideles
686 811 759 867 intra
771 811 932 886 provincias
946 811 1097 871 soederatas
1111 827 1285 891 praeceptum

189 914 246 976 hoc
260 911 377 986 implere
398 911 511 987 possint
530 931 546 968 a
565 894 708 968 dominica
727 910 820 984 prima
839 909 1071 987 Quadragesimae
1088 912 1123 970 ad
1136 913 1286 974 Trinitatis

191 1013 295 1070 sestam
310 1009 461 1068 inclusive.

231 1110 280 1166 33.
302 1109 399 1173 Quum
420 1108 564 1165 confessio
583 1109 702 1183 proprio
721 1107 861 1164 sacerdoti
881 1107 1009 1169 iacienda
1021 1111 1224 1190 injungeretur,
1239 1133 1286 1173 eu·

191 1206 323 1268 charistia
342 1209 377 1263 ab
396 1207 499 1264 eodem
520 1206 705 1282 suscipienda
726 1206 907 1282 intelligitur3
931 1207 1007 1280 quod
1026 1227 1063 1266 ex
1083 1212 1286 1271 consuetudine

192 1307 336 1366 Ecclesiae
357 1307 445 1382 exigit
457 1314 488 1362 ut
501 1306 531 1362 in
544 1307 660 1381 propria
673 1305 808 1380 parochia
828 1307 1006 1382 suscipiatur.
1048 1308 1081 1364 S.
1097 1307 1288 1387 Congregatio
1323 1370 1329 1383 ,

126 1463 129 1468 ,
193 1404 393 1463 Cardinalium
406 1403 521 1470 idcirco,
536 1421 611 1462 anno
627 1407 717 1472 losa,
728 1403 881 1461 declaravit
892 1407 1042 1463 seculares
1054 1425 1113 1465 non
1127 1409 1288 1471 satisfacere

193 1513 337 1582 praecepto
358 1503 559 1570 ecclesiastico,
573 1521 625 1580 per
643 1503 875 1560 communionem
893 1503 995 1562 saetam
1016 1506 1046 1562 in
1066 1505 1194 1564 ecclesiis
1207 1526 1289 1586 regu-

191 1603 306 1661 larium.
347 1604 385 1659 At
397 1601 463 1659 veni
478 1621 568 1674 quum
581 1603 665 1660 nullae
687 1601 762 1678 apud
780 1619 833 1659 nos
847 1604 976 1678 paroeciae
1000 1613 1195 1680 agnoscantur,
1216 1623 1287 1684 prc-

192 1712 312 1777 ceptum
326 1701 473 1776 impletum
488 1711 630 1774 censetur,
644 1700 814 1772 ubicumque
830 1702 893 1772 quis
901 1703 1104 1762 eucharistiam
1117 1708 1285 1781 susceperit:

192 1801 245 1859 sed
259 1799 413 1876 optandum
427 1810 472 1858 est
485 1810 514 1858 et
526 1799 704 1858 suadendum
716 1808 748 1857 ut
765 1800 794 1857 in
814 1799 934 1855 ecclesia
953 1818 1015 1871 quae
1029 1803 1188 1877 paroecialis
1201 1805 1289 1862 instar

193 1902 233 1957 sit
245 1901 425 1975 suscipiatur.

238 2003 293 2056 34.
308 1998 353 2055 De
373 1998 493 2055 consilio
513 1998 681 2058 confessarii
701 1999 737 2056 ob
757 1997 880 2070 aliquam
900 1997 1096 2058 rationabilem
1117 2019 1233 2060 oausam
1254 2002 1288 2060 ad

195 2108 312 2174 tempus
325 2099 359 2154 ab
372 2097 547 2154 eucharistiae
562 2099 744 2174 perceptione
758 2097 896 2154 abstinere
916 2097 980 2170 quis
1000 2099 1112 2173 poterit,
1131 2101 1200 2172 quin
1219 2119 1289 2178 prc-

195 2197 270 2274 cepti
286 2193 383 2254 violati
401 2211 468 2252 reus
489 2197 639 2254 habeatur:
662 2196 738 2268 qnod
758 2194 908 2253 dicendum
923 2195 1128 2256 videturetiam
1143 2198 1291 2274 decoqui

196 2315 247 2354 sua
261 2296 345 2372 culpa
359 2294 489 2360 confiteri
497 2296 624 2372 neglexit
633 2294 725 2352 donec
734 2297 871 2373 temporis
882 2295 1023 2371 paschalis
1032 2296 1097 2354 finis
1109 2297 1288 2368 immineret;

196 2397 327 2468 quamvis
341 2395 418 2452 euim
436 2395 473 2451 ob
493 2413 601 2452 moram
623 2385 710 2463 illam,
731 2413 787 2466 qua
807 2412 838 2451 se
861 2395 965 2472 objecit
983 2393 1150 2466 discrimini,
1171 2401 1291 2474 graviter

196 2493 359 2571 arguendus
370 2494 416 2560 sit,
426 2493 512 2551 utitur
524 2503 617 2551 tamen
630 2493 701 2569 legis
714 2494 910 2561 concessione,
919 2494 987 2551 dum
1001 2499 1242 2566 communionem,
1253 2518 1291 2556 ex

197 2595 321 2651 consilio
335 2592 511 2659 confessarii,
526 2591 630 2650 differt.
659 2590 801 2651 Caeterum
812 2593 836 2649 si
845 2591 1003 2668 neglexerit
1015 2594 1149 2652 accedere
1163 2605 1289 2670 ternpore

198 2713 215 2748 a
231 2691 408 2750 confessario
422 2689 545 2760 definito,
559 2711 623 2750 reus
638 2691 736 2748 violati
749 2691 884 2766 praecepti
898 2689 1135 2764 planchabendus
1148 2693 1212 2748 erit.
1239 2693 1293 2750 Dla

198 2791 275 2866 legis
292 2787 440 2846 concessio
452 2787 616 2867 suffragatur
629 2791 660 2847 in
672 2789 863 2865 hacregione,
876 2788 943 2844 licet
956 2796 1075 2863 tempus
1081 2789 1291 2865 amplissimum

199 2897 348 2966 praecepto
370 2887 567 2958 satisfaciendo
589 2889 720 2946 omnibus
743 2887 834 2955 detur,
855 2906 921 2946 nam
947 2889 1082 2964 temporis
1108 2891 1237 2949 extensio
1257 2892 1294 2950 ob

197 3005 382 3046 communem
396 2989 594 3046 necessitatem
609 2987 747 3049 noanon
760 2987 877 3065 derogat
890 2987 984 3064 gratiae
999 3005 1083 3060 quam
1096 2989 1145 3048 len
1157 2992 1294 3069 permittit

197 3087 319 3163 singulis
333 3086 425 3143 tribui.

240 3190 289 3244 35.
310 3183 491 3254 Revertantur
514 3186 653 3246 sumenda
678 3198 722 3243 est
743 3186 924 3254 eucharistia,
947 3185 1054 3243 ratione
1081 3206 1143 3259 quae
1170 3191 1201 3246 iu
1224 3192 1292 3248 tanti

199 3283 517 3360 sacramentihouorem
531 3293 559 3342 ct
572 3286 601 3342 in
610 3285 792 3362 suscipientis
805 3285 953 3342 utilitatem
966 3283 1057 3352 cedat,
1069 3284 1190 3360 ideoque
1200 3288 1295 3347 animo

199 3385 341 3461 apeccati
354 3385 447 3460 gravis
460 3381 525 3440 labe
547 3384 678 3441 immuni.
721 3383 863 3442 Damnata
884 3384 992 3442 idcirco
1015 3392 1059 3440 est
1080 3383 1114 3440 ab
1127 3385 1296 3444 Innocentio

200 3485 256 3541 ΧΙ.
281 3483 455 3566 propositio:
479 3482 655 3558 “Praecepto
678 3483 888 3545 communionis
909 3499 1009 3538 annuae
1029 3483 1131 3538 satisfit
1149 3502 1200 3558 per
1213 3485 1297 3542 sacri-

199 3583 296 3659 legam
309 3580 429 3640 Domini
442 3575 741 3643 manducationem.”²
772 3583 830 3648 Qui
844 3581 928 3656 igitur
942 3589 1049 3638 tautum
1063 3579 1177 3641 admisit
1189 3585 1297 3643 crimen

198 3693 232 3740 ut
246 3696 351 3756 eorpus
366 3680 484 3738 Domini
499 3677 615 3756 indigne
628 3682 819 3751 manducaret,
834 3681 961 3756 paschali
976 3683 1087 3740 muneri
1100 3683 1296 3743 sausfaeiendi

202 3781 311 3857 specie,
326 3779 410 3836 debet
431 3789 609 3856 quantocyus
627 3789 656 3837 et
676 3782 809 3858 plangere
823 3782 947 3857 culpam,
962 3793 990 3838 et
1006 3783 1102 3840 animo
1115 3783 1167 3840 rite
1179 3784 1297 3860 probato

202 3889 233 3938 et
247 3888 416 3954 expurgato,
432 3879 560 3936 divinum
574 3889 779 3944 sacramentum
794 3881 948 3957 suscipere.
1137 3955 1138 3958 Ἰ

247 3981 295 4035 36.
311 3977 460 4035 Paschalis
472 3981 637 4036 communio
647 3979 776 4037 facienda
789 3988 842 4048 est,
856 3981 928 4036 intra
941 3988 1052 4054 tempus
1064 3977 1172 4036 scilicet
1181 3977 1226 4037 vel
1235 3978 1298 4058 lege

202 4078 358 4158 communi
368 4078 413 4135 vel
428 4078 544 4153 speciali
558 4076 665 4147 indulto
680 4078 839 4147 definitum,
854 4079 940 4134 etiam
963 4075 997 4132 ab
1010 4095 1045 4134 eo
1058 4076 1107 4148 qui
1121 4079 1206 4155 paulo
1219 4089 1300 4138 antea

439 4297 478 4362 (l)
495 4291 579 4359 Bulla,
597 4293 661 4350 llldt
674 4295 762 4364 digna·

436 4383 453 4450 Ἰς
470 4385 481 4449 )
501 4381 573 4450 Prop·
586 4384 625 4432 5⁵.
639 4384 701 4434 inter
712 4382 839 4432 damnatae
850 4377 866 4428 2
878 4378 969 4442 Martii,
983 4383 1055 4431 toas.

290 4461 374 4524 Vos.
392 4463 501 4526 l.-19
