3078 5258
664 1371 806 1432 CAPUT
826 1373 895 1433 VII.

596 1587 643 1626 DE
674 1587 960 1629 Pnlvrnnetts.

269 1771 318 1828 62.
339 1769 547 1828 Pnrvrnnorun
561 1766 595 1824 ab
608 1765 778 1826 Innocentio
790 1767 846 1827 111.
861 1767 993 1826 definitur
1007 1767 1086 1825 “lex
1098 1768 1205 1844 privata
1217 1768 1326 1841 aliquid

228 1871 388 1947 specialiter
408 1865 592 1946 indulgens.”
634 1864 681 1925 Eo
702 1875 795 1925 antem
815 1867 931 1926 nomine
951 1867 1106 1943 praesertim
1127 1865 1323 1944 intelliguntur

227 1969 376 2037 beneficia,
391 1979 419 2026 et
432 1966 624 2026 immunitates
638 1965 768 2042 singulis,
783 1966 827 2024 vel
840 1967 957 2024 coetibns
972 1965 1151 2038 quibusdam,
1166 1983 1321 2026 concessae.

228 2066 278 2126 Sic
297 2065 479 2143 privilegium
493 2074 536 2122 est
557 2063 728 2123 clericorum
741 2073 773 2122 nt
793 2063 948 2124 habeantur
969 2065 1106 2132 inviolati,
1130 2063 1200 2122 adeo
1221 2075 1253 2122 ut
1272 2084 1323 2124 eos

225 2168 386 2242 percutiens
402 2163 579 2222 anathemate
592 2163 750 2222 irretiatur:
773 2173 802 2222 et
813 2173 845 2222 ut
857 2165 915 2222 sint
933 2165 1077 2222 immunes
1096 2163 1158 2222 foro
1172 2163 1257 2231 civili,
1272 2166 1321 2223 nbi

226 2265 322 2341 vigent
334 2283 468 2331 canones,
483 2263 534 2336 qui
547 2270 641 2320 nmen
651 2261 701 2320 vix
716 2262 818 2321 alicubi
831 2263 889 2320 vim
902 2262 1018 2339 plenam
1028 2263 1089 2339 jam
1103 2263 1235 2321 obtinent.

265 2365 314 2420 63.
337 2362 523 2438 Privileginm
537 2359 615 2418 reale
628 2358 739 2428 dieitur,
754 2359 867 2433 quando
880 2362 922 2418 rei
934 2362 981 2419 vel
997 2360 1093 2420 officio
1107 2361 1269 2428 adnectitur,
1290 2372 1322 2420 et

225 2459 342 2537 proinde
357 2460 391 2518 ad
404 2479 454 2519 eos
468 2459 590 2533 quirem
603 2458 649 2516 vel
668 2457 794 2516 officium
815 2469 1005 2533 assequuntur
1018 2461 1125 2518 transit.
1169 2461 1219 2519 Sic
1231 2461 1317 2536 privi-

224 2561 331 2638 legium
345 2571 389 2620 est
401 2561 474 2618 reale
484 2560 665 2637 episcopatus
677 2556 892 2627 Neo-Aureliis,
900 2558 978 2631 qnod
992 2558 1053 2616 sedi
1063 2560 1248 2637 Apostolicae,
1259 2577 1318 2622 non

225 2669 319 2718 sutem
339 2661 555 2739 archiepiscopo
577 2656 788 2726 Baltimorensi,
808 2658 980 2735 subjiciatur.
1021 2655 1187 2718 Personale
1206 2658 1317 2728 dicitur,

224 2760 249 2816 si
268 2779 398 2836 personae
413 2760 524 2821 cuidam
539 2759 575 2817 ob
590 2775 641 2815 sna
659 2759 769 2826 merita,
784 2758 829 2816 vel
849 2756 939 2826 dotes,
961 2756 1119 2816 similemve
1139 2757 1222 2816 aliam
1235 2759 1318 2816 ratio-

223 2876 289 2917 nem
305 2878 474 2918 concessum
489 2859 582 2925 fuerit,
603 2858 642 2914 ita
660 2865 693 2914 ut
713 2856 749 2914 ad
768 2857 839 2914 alios
860 2874 918 2914 non
937 2866 1077 2914 transeat:
1101 2855 1317 2934 “Privilegium

223 2957 371 3030 personale
391 2973 542 3030 personam
562 2953 700 3026 sequitur,
725 2967 753 3012 et
775 2955 948 3030 extinguitur
966 2975 1031 3014 cum
1054 2951 1226 3032 persona.'’l
1266 2957 1316 3014 Sic

222 3071 437 3124 nonnumquam
451 3049 588 3109 sacerdoti
602 3049 726 3126 simplici
740 3052 903 3111 conceditur
917 3055 951 3112 ab
960 3054 1126 3131 Apostoliea
1140 3055 1215 3113 Sede
1230 3056 1316 3114 sacul-

222 3159 262 3208 tas
286 3150 462 3210 ministrandi
485 3149 740 3210 confimrationem.
787 3151 965 3212 (irationem
986 3154 1104 3212 habetur
1123 3153 1313 3232 privilegium,

221 3251 298 3323 qnod
314 3269 352 3310 ex
371 3269 449 3308 mera
467 3251 640 3328 benignitate
660 3250 843 3310 concedentis
865 3253 945 3311 datur
966 3250 1095 3330 gratuiti,
1114 3253 1194 3311 nullo
1214 3255 1315 3312 merito

221 3352 364 3428 exigente,
378 3337 513 3424 nulloque
527 3350 662 3428 imposito
681 3368 776 3409 onere.
821 3352 885 3410 “Si
898 3352 1078 3430 privilegium
1099 3363 1143 3410 est
1162 3371 1239 3410 mere
1252 3372 1314 3430 gra·

220 3451 331 3520 tultum,
346 3451 471 3510 revocari
484 3459 577 3528 potest
588 3447 681 3507 valide
701 3452 786 3510 etiam
807 3451 868 3508 sine
884 3453 963 3529 justa
982 3469 1085 3510 causa:
1108 3454 1238 3524 quamvis
1257 3452 1312 3512 hoc

220 3569 279 3610 non
291 3561 443 3610 excusatur
463 3550 563 3608 saltem
583 3569 599 3607 a
622 3549 707 3626 culpa
726 3551 839 3618 veniali,
854 3551 878 3608 si
901 3549 1065 3609 scandalum
1086 3543 1207 3608 absit.”2
1247 3551 1311 3610 “Si

218 3666 365 3705 neronum
380 3648 529 3724 privilegio
542 3648 708 3708 translatum
725 3649 825 3707 linisset
838 3647 995 3708 dominium
1017 3645 1137 3726 alicujus
1156 3651 1197 3707 rei
1212 3651 1241 3707 in
1255 3653 1312 3726 pri·

219 3747 391 3824 vilegiatum,
407 3744 476 3804 illud
489 3747 616 3804 revocari
630 3749 731 3819 nequit
743 3766 796 3806 nec
805 3747 881 3806 licite
894 3767 947 3807 nec
957 3748 1061 3816 valide,
1075 3751 1131 3807 nisi
1145 3748 1181 3807 ob
1194 3768 1310 3810 censam

217 3847 447 3925 urgentissimam
460 3845 529 3903 boni
541 3846 711 3914 communis,
726 3845 771 3903 vel
783 3848 876 3924 gravis
894 3847 999 3916 delicti,
1014 3849 1058 3906 vel
1072 3848 1108 3906 ob
1121 3847 1183 3906 illas
1196 3867 1306 3916 causas,

217 3949 254 4006 ob
267 3965 338 4020 quas
351 3947 477 4005 revocari
490 3953 583 4024 potest
595 3944 728 4018 quaelibet
740 3943 886 4005 donatio.'’
930 3947 1019 4005 “Sed
1033 3947 1058 4004 si
1071 3947 1251 4024 privilegium
1265 3958 1310 4006 est

216 4048 500 4115 remuneratorium,
514 4045 561 4104 vel
573 4046 610 4103 ob
620 4045 771 4132 justitiam,
786 4046 831 4104 vel
851 4047 887 4103 ob
907 4045 1118 4122 gratitudinem,
1139 4063 1308 4122 semperne·

216 4143 335 4216 quiritur
344 4145 421 4219 justa
434 4163 528 4213 eausa,
541 4154 574 4202 ut
585 4143 676 4202 valide
689 4153 844 4204 revocetur.
866 4145 906 4203 Et
915 4147 939 4202 si
954 4147 1071 4222 insuper
1083 4156 1127 4204 est
1136 4162 1307 4215 onerosum,

215 4252 246 4300 ut
264 4242 389 4317 exempli
405 4261 489 4302 causa
508 4260 677 4303 concessum
697 4246 733 4304 ob
752 4246 874 4323 pretium
894 4255 1052 4322 acceptum,
1066 4245 1112 4304 vel
1134 4245 1171 4304 ob
1191 4244 1309 4318 aliquod

248 4449 287 4514 (1)
307 4445 565 4511 Repetiniana·
769 4450 810 4516 (a)
830 4449 940 4517 sarpa
952 4451 967 4502 1.
978 4451 1059 4516 tapp.
1075 4453 1099 4500 e.
1111 4450 1141 4500 ae
1154 4450 1212 4515 priv.
1227 4445 1266 4500 tv.
