3076 5260
267 459 326 520 tet
445 449 502 512 DE
523 446 788 514 Fottffltsluus
808 443 1180 506 OBLlGATIONlBUS.

267 617 365 678 heberi
378 621 506 692 poonrnt.
548 609 755 678 sucurrones,
769 610 816 670 vel
828 609 965 671 officiales
973 609 1090 686 publici,
1104 606 1190 666 tidem
1203 605 1314 664 faciunt
1325 603 1360 662 de

269 715 349 776 turns
363 712 408 772 vel
428 712 491 770 aliie
512 709 634 780 delictis,
655 707 805 781 inquibus
827 726 891 766 reos
914 703 1176 794 deprehenderunt
1212 705 1279 764 Iuro
1299 704 1363 780 ipsa

270 812 368 876 mortio
381 829 468 889 prena
479 811 616 886 irrogetur
628 823 844 880 nonnumquam
858 806 947 866 solius
958 807 1137 864 accusatricis
1148 804 1314 863 testimonio
1328 801 1362 860 de

270 921 368 988 stupro
381 909 435 968 eibi
448 908 536 976 illato,
550 905 665 980 quaudo
678 900 787 964 scilicet
792 903 944 964 duodecim
953 905 1110 980 juratorum
1123 901 1274 960 hominum
1283 899 1361 977 judi·

270 1009 316 1068 cio
328 1007 401 1070 nihil
413 1007 535 1068 occurrit
546 1023 605 1078 quo
616 1005 790 1064 infirmetur:
812 1021 849 1060 v:
871 1021 908 1078 g:
930 1002 955 1060 ei
968 1001 1063 1078 puelle
1081 1001 1163 1060 bone
1177 1000 1215 1057 sit
1226 999 1320 1066 famu,
1333 1009 1363 1056 et

270 1108 329 1168 vim
343 1106 398 1165 ribi
410 1105 514 1164 illatam
534 1103 618 1179 paulo
638 1110 704 1178 poet
724 1100 850 1158 retulerit
870 1098 929 1158 fido
949 1101 1052 1167 amico,
1073 1098 1118 1156 vel
1136 1100 1260 1175 parenti,
1275 1096 1363 1157 etad·

266 1206 366 1282 juncto
377 1203 435 1262 loci
448 1213 476 1262 et
494 1219 678 1278 personarum
701 1196 900 1276 respondeant,
915 1205 944 1256 et
961 1199 1052 1256 resin
1068 1196 1209 1274 judicium
1231 1197 1312 1256 brevi
1325 1196 1363 1254 sit

271 1301 400 1368 deducta,
414 1309 443 1358 et
455 1301 480 1358 oi
492 1317 557 1358 reua
577 1298 682 1375 sugerit
699 1315 736 1356 ne
756 1290 928 1372 caperetur.1
968 1295 986 1354 J
988 1315 1021 1356 us
1041 1313 1193 1356 commune
1207 1296 1296 1354 unius
1310 1304 1363 1352 tea-

175 1427 180 1437 .
271 1399 421 1460 timonium
447 1399 516 1456 satie
535 1397 629 1465 habet,
649 1415 684 1456 eo
698 1395 776 1469 quod
788 1395 910 1472 plurima
923 1395 980 1454 sint
999 1413 1062 1468 qun
1082 1395 1132 1454 uni
1152 1401 1261 1454 tanturn
1281 1395 1362 1452 inno·

303 1491 413 1559 scunt.²

275 1507 302 1560 ω
315 1600 382 1656 118.
403 1594 507 1652 Testes
526 1591 630 1650 debent
647 1609 735 1654 aeneo
753 1600 872 1650 externo
890 1590 920 1650 id
939 1591 1016 1663 quod
1034 1599 1172 1652 testantur
1188 1591 1364 1667 percepisse,

273 1694 363 1756 oculte
385 1691 496 1754 scilicet
516 1689 633 1758 vidum,
657 1691 770 1750 errribua
793 1689 915 1758 audisse,
929 1707 1015 1752 mauu
1034 1698 1236 1757 contrectasse,
1250 1689 1299 1748 vel
1312 1689 1366 1748 alia

274 1797 350 1852 certa
361 1791 480 1858 rationo,
493 1789 532 1848 ita
543 1797 575 1850 ut
586 1807 647 1850 rem
661 1798 770 1866 geatam
782 1789 886 1848 referre
899 1788 1017 1850 valeant.
1063 1787 1183 1872 Oculota‘
1202 1795 1302 1856 testes,
1316 1789 1366 1861 qui

276 1899 431 1968 presentes
443 1895 533 1956 crant,
546 1895 645 1948 etrem
654 1886 795 1955 viderunt,
809 1887 856 1948 vel
874 1905 960 1946 voces
979 1885 1139 1955 audierunt,
1152 1875 1274 1947 'coetis
1298 1905 1368 1962 pre·

274 1989 411 2056 teruntur,
434 1987 483 2062 qui
502 2003 566 2059 queo
597 1987 631 2044 ab
654 1985 716 2046 aliis
736 1994 923 2064 perceperunt
940 1977 1079 2046 narrant³
1126 1985 1232 2046 Testes
1252 1985 1366 2045 dotibus

274 2088 370 2150 ornari
382 2084 487 2149 debent
499 2102 562 2158 quae
570 2083 658 2148 fidem
666 2083 779 2154 saciant,
791 2083 1030 2145 scilicetveritatie
1040 2094 1069 2144 et
1077 2085 1245 2161 integritatis
1258 2083 1364 2150 studio.

275 2195 304 2242 et
315 2187 390 2250 bona
408 2184 492 2245 ferna.
533 2182 675 2246 Dicuntur
694 2192 787 2244 autem
806 2184 885 2244 omui
904 2183 1076 2261 exceptione
1096 2184 1231 2260 majores,
1251 2182 1365 2255 quando

276 2283 349 2346 nihil
362 2284 399 2344 iio
412 2283 499 2359 objici
511 2282 613 2350 valeat,
628 2300 679 2344 cur
692 2301 751 2344 uon
764 2282 821 2342 siut
832 2281 868 2342 ad
881 2281 1041 2342 testandum
1055 2278 1227 2359 excipiendi.

317 2383 384 2440 119.
405 2379 475 2436 Jure
488 2380 566 2440 civili
579 2399 596 2438 e
608 2377 725 2438 ferendo
739 2379 902 2440 testimonio
915 2380 1090 2457 repelluntur
1107 2380 1262 2456 mancipia,
1277 2397 1367 2452 quum

276 2476 314 2534 ob
326 2494 424 2535 corum
437 2475 575 2535 humilem
589 2475 783 2535 conditionem
795 2486 964 2537 censeantur
976 2479 1059 2539 facile
1073 2477 1109 2538 ad
1121 2477 1226 2539 salsum
1238 2479 1365 2537 testium·

276 2577 358 2639 nium
368 2572 516 2636 ferendum
529 2573 697 2638 inducendi:
712 2575 837 2640 minores
847 2583 928 2636 aetate
940 2576 1041 2653 viginti
1047 2577 1223 2636 annorumin
1235 2575 1367 2636 crimina·

278 2674 364 2742 libue,
378 2675 409 2732 in
422 2674 552 2736 civilibus
565 2682 659 2735 autem
672 2673 819 2751 inpubes:
840 2673 950 2735 inimici
962 2677 1102 2752 partium:
1124 2675 1333 2750 consanguinei
1342 2683 1370 2731 et

276 2772 428 2836 domestici
454 2773 567 2842 actoris,
589 2774 718 2849 exceptis
739 2769 908 2847 quibusdam
927 2772 1059 2832 casibus:
1080 2772 1218 2832 infames:
1239 2772 1365 2848 perjuri:

277 2871 348 2928 socii
362 2870 508 2928 criminier
530 2889 654 2948 persone
665 2871 730 2930 vilio
743 2880 772 2930 et
784 2872 878 2946 inops,
893 2889 956 2944 qun
968 2870 1080 2931 videtur
1090 2870 1173 2930 facile
1185 2889 1367 2947 conumpcn·

223 2977 226 2985 '
276 2967 322 3034 da,
337 2984 395 3024 non
408 2977 502 3024 autem
509 2986 618 3043 pauper
626 2969 782 3026 honestus:
804 2967 886 3027 deliri
896 2977 925 3026 et
933 2969 1083 3028 semifatui.
1124 2969 1267 3029 Mulieres
1281 2969 1365 3028 etiam

275 3065 341 3140 jure
367 3065 505 3122 canonico
530 3063 705 3141 repelluntur
727 3065 758 3123 in
778 3066 872 3123 causis
897 3067 1101 3126 criminalibus.
1143 3069 1179 3126 In
1200 3068 1366 3126 criminibus

277 3159 457 3234 quibusdam,
478 3180 513 3220 v:
535 3181 573 3239 g:
593 3163 721 3233 heresis,
741 3163 817 3222 laeeae
837 3165 1003 3242 majestatie,
1023 3164 1101 3224 falsae
1120 3174 1253 3234 monete,
1268 3183 1367 3224 omnes

278 3259 314 3318 ad
327 3259 487 3320 testandum
500 3262 691 3339 excipiuntur,
706 3263 743 3321 ob
765 3262 928 3339 reipublicae
949 3264 1127 3341 periculum3
1148 3263 1200 3322 scd
1222 3283 1283 3324 non
1303 3263 1367 3323 ideo

276 3377 342 3418 reue
355 3359 479 3435 punitur,
493 3361 550 3418 niei
563 3377 600 3419 ex
613 3359 752 3438 adjunctis
765 3361 912 3420 roboretur
924 3372 953 3422 et
964 3362 1148 3423 confirmetur
1160 3363 1366 3423 testimonium.

313 3543 355 3610 (1)
375 3543 438 3594 Vide
451 3543 606 3606 blechemere,
617 3546 634 3596 1.
644 3543 677 3595 iv.
687 3561 713 3596 n.
724 3546 782 3596 214.

311 3627 353 3693 (2)
372 3634 387 3658 “
396 3627 452 3680 One
463 3629 562 3682 witness
576 3630 611 3694 (il
618 3629 734 3698 credible)
747 3630 768 3682 io
778 3628 903 3696 aufficicut
909 3629 1025 3682 evidence
1035 3637 1060 3682 to
1072 3647 1087 3681 o
1095 3633 1154 3698 jury
1163 3632 1192 3682 oi
1197 3648 1212 3682 a
1223 3631 1302 3694 single
1313 3631 1369 3691 feet,

275 3711 368 3772 though
381 3710 548 3778 undoubtedly
560 3713 601 3762 the
613 3730 775 3764 concurrence
786 3715 815 3764 of
821 3721 870 3766 two
882 3730 909 3763 or
920 3730 986 3764 more
993 3716 1156 3766 corroboratos
1163 3716 1205 3766 the
1215 3716 1291 3780 proos.
1320 3715 1370 3764 Yet

276 3812 322 3846 our
333 3798 381 3846 law
391 3796 514 3846 considere
525 3797 578 3847 that
595 3797 662 3847 tbere
674 3813 713 3848 ere
724 3813 799 3863 many
811 3798 972 3850 uanuectione
983 3806 1008 3848 to
1020 3799 1102 3849 which
1113 3799 1172 3865 only
1183 3815 1231 3851 one
1248 3815 1336 3864 perron
1348 3798 1369 3846 ie

274 3881 360 3945 prim
378 3881 426 3931 and
438 3881 555 3930 therefore
572 3881 630 3931 doec
647 3889 691 3932 not
706 3879 803 3948 olwcya
814 3883 919 3934 demand
930 3883 972 3933 the
989 3882 1120 3949 testimony
1131 3884 1160 3934 os
1173 3883 1247 3934 two.'’
1282 3883 1369 3936 Blaclr·

275 3972 354 4024 otone,
366 3964 423 4018 liii.
433 3981 459 4014 n.
471 3965 528 4014 ³⁷⁰.

313 4048 355 4112 (8)
375 4053 390 4080 ‘⁴
399 4048 429 4098 In
439 4064 507 4100 corno
518 4064 587 4100 careo
598 4050 639 4115 (uo
650 4048 676 4101 in
688 4049 760 4114 proot‘
772 4051 801 4100 ol
814 4065 864 4116 any
873 4052 972 4113 general
983 4059 1101 4110 cortone,
1112 4067 1139 4102 or
1156 4059 1255 4102 matters
1266 4053 1295 4102 os
1302 4067 1368 4102 com·

276 4142 335 4177 mon
347 4131 459 4180 tradition
471 4148 499 4181 or
508 4135 612 4196 repnte)
624 4133 666 4183 the
677 4141 759 4184 coorto
770 4134 845 4185 admit
853 4135 881 4184 of
893 4131 1000 4201 Iaeuraoy
1011 4135 1133 4197 evidence,
1144 4153 1171 4186 or
1187 4153 1219 4186 an
1231 4144 1336 4186 acconen
1344 4135 1373 4185 of

277 4209 344 4259 what
353 4225 453 4273 perrone
464 4214 580 4266 deceased
588 4215 650 4265 have
661 4216 771 4268 declared
780 4217 805 4268 in
815 4217 876 4268 their
887 4217 1006 4278 lifetimce,
1016 4219 1061 4269 but
1072 4219 1134 4270 euch
1145 4219 1261 4272 evidence
1268 4219 1319 4270 will
1326 4227 1368 4270 not

274 4295 304 4344 ba
315 4291 423 4346 received
435 4297 464 4346 os
471 4312 520 4361 any
533 4299 660 4364 particular
671 4300 756 4352 Μεθ’
791 4301 947 4364 Blackatone,
958 4303 974 4354 1.
986 4301 1018 4352 iii.
1030 4318 1055 4353 n.
1067 4304 1126 4354 368.
