3046 5262
588 495 645 557 DE
667 495 814 558 BELLO.
1188 511 1248 566 249

188 667 239 720 24.
261 663 406 738 Principis
420 661 549 737 supremi
567 659 737 736 plemmque
756 671 800 720 est
818 662 924 722 bellum
936 663 1082 724 indicere:
1104 665 1157 726 sed
1170 669 1247 747 apud

149 779 204 820 nos
218 771 318 850 ⁸coetus
342 760 476 838 Supremi
498 758 726 835 legumlatorem,
753 777 841 835 quem
867 761 1074 841 Congreaaom
1097 783 1244 826 vocamus.

151 859 313 918 Consuevit
331 860 400 919 olim
420 859 528 917 bellum
541 857 706 919 solemniter
725 859 823 929 indici,
844 869 997 934 antequam
1017 861 1087 936 quid
1106 863 1188 924 tieret
1200 865 1247 923 ad·

151 977 285 1017 versum:
307 960 357 1031 qui
376 975 440 1017 mos
453 957 566 1015 seculis
585 957 688 1016 mediis
707 959 826 1018 omnino
846 961 1025 1019 necessarius
1048 961 1161 1021 babitus
1184 973 1246 1032 est;

152 1055 203 1113 sed
211 1060 275 1135 jam
289 1057 324 1115 ad
338 1077 416 1142 arma
428 1055 596 1131 confingiunt
608 1066 718 1133 gentes,
738 1058 817 1117 nullo
835 1061 944 1136 presio
963 1058 1079 1128 indicio,
1097 1061 1153 1121 nisi
1165 1080 1246 1139 repa·

152 1156 268 1214 rationis
289 1157 400 1232 injurie
422 1155 570 1232 petitione,
593 1173 657 1228 que
678 1157 830 1228 requiritur
851 1175 888 1216 ne
910 1157 1034 1216 bellandi
1054 1157 1167 1220 libidini
1181 1161 1246 1233 quis

152 1252 299 1330 indulgere
312 1247 464 1312 videamr.¹
504 1251 614 1311 Indicto
627 1255 674 1312 vel
686 1267 781 1332 ccepto
793 1255 878 1323 bello,
892 1256 969 1314 cives
983 1273 1083 1316 omnes
1096 1260 1246 1332 utriusque

153 1353 247 1427 gentis
260 1352 358 1410 hostes
370 1355 443 1411 inter
454 1369 486 1409 se
499 1352 655 1410 habentur:
677 1353 728 1410 sed
741 1352 910 1430 plemmque
923 1354 1093 1432 indulgetur,
1107 1357 1202 1430 utqui
1215 1359 1246 1415 in

153 1451 272 1508 inimica
284 1451 398 1526 regione
411 1449 480 1509 forte
493 1459 651 1518 versannrr,
665 1451 798 1511 recedant
809 1452 893 1511 rebus
907 1453 1023 1510 ablatis:
1044 1453 1122 1524 quod
1133 1455 1246 1531 legibus

154 1549 259 1606 nostris
277 1557 410 1608 statutum
423 1543 494 1616 est‚²
501 1551 566 1626 jure
580 1558 675 1607 tamen
694 1550 837 1610 vindicato
856 1569 873 1608 a
893 1551 1036 1628 Suprema
1049 1548 1138 1610 Curia
1151 1553 1247 1612 alicni-

154 1665 242 1722 genas
251 1648 384 1707 inimicos
396 1665 500 1721 resque
513 1665 612 1706 eorum
625 1649 791 1725 usurpandi,
803 1650 829 1708 si
839 1647 1017 1728 congressui
1030 1649 1124 1708 visum
1138 1646 1249 1710 fuerit.⁸

155 1745 227 1812 Qua
241 1745 364 1806 hostium
377 1764 464 1804 naves
478 1747 508 1804 in
527 1747 654 1823 portibus
666 1748 823 1816 versan'mr,
837 1749 978 1807 mercibus
992 1757 1111 1815 causas,
1126 1759 1247 1808 cetere·

155 1861 209 1916 que
222 1861 269 1902 res
283 1845 411 1904 bostium
425 1846 519 1903 solent
531 1843 661 1913 detineri,
675 1863 709 1904 ea
721 1845 883 1905 conditione
895 1855 927 1904 ut
943 1847 968 1902 si
981 1864 1026 1904 res
1039 1855 1246 1922 componantur

154 1941 313 2012 reddantur,
327 1962 411 2002 secus
424 1942 615 2002 detinentibus
628 1963 763 2002 cessurae.

195 2044 246 2098 25.
266 2042 379 2100 Bellum
392 2040 545 2117 aliquando
556 2042 644 2100 licere
664 2050 740 2120 patet
759 2041 894 2120 exemplo
913 2041 1045 2108 Abrahae,
1059 2040 1165 2110 David,
1180 2041 1247 2100 alio·

155 2155 277 2210 mmqne
288 2150 415 2200 veterum
428 2148 599 2208 sanctorum,
613 2142 688 2200 sicut
706 2149 735 2198 et
753 2157 791 2199 ex
812 2141 974 2198 auctoritate
996 2141 1028 2198 S.
1042 2139 1163 2200 Joannis
1177 2159 1247 2218 prn-

155 2239 289 2308 cursoris,
303 2241 352 2312 qui
364 2239 503 2299 militibus
516 2238 677 2315 petentibus
696 2236 766 2312 quid
778 2239 832 2297 sibi
849 2237 1009 2298 faciendum
1022 2238 1104 2306 foret,
1118 2250 1151 2297 nt
1163 2239 1248 2298 saluti

155 2337 344 2407 consulerent,
354 2357 415 2398 non
426 2337 574 2415 respondit
590 2338 720 2397 militiam
739 2336 968 2410 relinquendam,
979 2335 1030 2395 sed
1047 2337 1137 2416 jussit
1149 2355 1200 2396 eos
1213 2356 1248 2396 ea

156 2433 252 2512 fugere
265 2439 334 2496 vitia
346 2437 450 2510 quibus
463 2436 569 2496 milites
582 2435 729 2514 indulgere
742 2430 862 2496 solent.⁴
885 2437 991 2512 Liquet
1003 2437 1121 2514 insuper
1135 2455 1173 2496 ex
1185 2455 1248 2514 per·

156 2542 240 2609 petua
252 2533 483 2595 Christianorum
502 2553 603 2613 regum
625 2537 710 2595 etiam
731 2537 927 2613 piissimorum
947 2535 1164 2603 consuetudine,
1183 2537 1251 2613 jura

155 2649 209 2690 sua
221 2636 307 2692 arnna
319 2634 534 2702 vindicantium,
548 2653 634 2708 quam
644 2651 791 2706 nunquam
803 2635 964 2710 reprobavit
973 2633 1115 2691 Ecclesia.
1139 2633 1250 2691 Verum

155 2730 278 2803 quidem
292 2741 336 2788 est
347 2733 498 2791 Nicetium
507 2734 661 2792 concilium
673 2733 715 2790 eis
729 2733 778 2805 qui
788 2732 933 2808 cingulum
946 2731 1064 2798 militie,
1075 2729 1153 2802 quod
1163 2729 1250 2805 depo·

155 2839 285 2898 suerent,
299 2842 480 2899 resumerent,
493 2850 593 2909 paenas
612 2831 785 2890 intentasse:
806 2847 903 2888 earum
923 2838 1017 2888 antem
1036 2828 1106 2888 ratio
1119 2827 1250 2904 infligen-

155 2926 260 2987 damm
273 2945 311 2987 ex
323 2931 386 3006 ipsa
399 2930 505 2989 militie
520 2941 618 2989 namra
637 2947 695 2989 non
705 2928 891 2997 derivabatur,
905 2927 956 2986 sed
975 2947 1013 2986 ex
1029 2945 1064 2987 eo
1078 2927 1154 3001 quod
1167 2928 1187 2986 ii
1201 2929 1250 3001 qui

156 3028 353 3104 paenitentiam
367 3028 510 3104 publicam
528 3029 651 3106 pmfessi
672 3036 760 3098 erant,
782 3049 798 3087 a
818 3038 917 3086 sancto
938 3029 1085 3106 proposito
1106 3025 1142 3086 ad
1155 3027 1249 3105 pristi-

158 3145 230 3184 num
244 3126 307 3184 vite
321 3145 413 3204 genus
426 3127 618 3187 deflecterent.

198 3228 249 3283 26.
283 3223 483 3306 Defensicum
510 3225 631 3295 bellum,
658 3243 716 3298 quo
744 3226 788 3283 vis
820 3227 925 3302 injusta
955 3225 1111 3299 repellitur,
1145 3227 1253 3298 privata

158 3324 322 3382 auctoritate
344 3323 496 3399 aliquando
518 3327 623 3402 gcn'tm
644 3325 751 3398 absque
773 3323 875 3399 culpa:
903 3321 1085 3418 ‹affensicum
1108 3321 1251 3397 publicam

158 3423 363 3490 auctoritatem,
390 3433 492 3498 praeter
512 3426 620 3499 justam
642 3441 767 3488 oausam,
794 3422 893 3497 exigit.
943 3419 1025 3477 Justa
1051 3428 1145 3477 autem
1168 3437 1252 3476 causa

161 3535 278 3595 semper
289 3520 449 3592 requiritur,
464 3537 549 3592 qnam
563 3522 648 3578 etiam
667 3517 743 3576 certd
756 3527 885 3576 constare
904 3517 1007 3575 debere
1021 3516 1116 3592 plures
1129 3517 1256 3592 theologi

159 3617 281 3676 docent:
311 3635 363 3676 nec
385 3619 463 3676 enirn
486 3620 522 3677 ob
543 3621 666 3677 rationes
689 3625 796 3675 tantum
819 3615 996 3674 verosimiles
1018 3614 1085 3674 licet
1106 3615 1253 3672 nationum

159 3715 389 3788 tranquillitatem
402 3717 523 3785 turbare,
537 3727 565 3774 et
577 3716 749 3774 calamitates
765 3713 832 3773 belli
851 3715 966 3775 inferre.
1008 3712 1054 3772 De
1064 3715 1173 3792 justitia
1185 3713 1253 3772 belli

160 3813 267 3872 milites
280 3814 447 3890 plerumque
461 3818 528 3892 angi
548 3835 606 3875 non
626 3815 746 3882 debent;
767 3833 939 3892 presumere
959 3815 1036 3873 enim
1050 3822 1171 3891 possunt
1184 3809 1253 3869 illud

154 3913 268 3990 justum
280 3931 355 3982 esse,
369 3913 426 3972 nisi
439 3915 501 3992 ejus
515 3915 652 3992 injustitia
664 3921 774 3991 pateat:
797 3913 845 3974 alii
858 3924 951 3975 autem
965 3921 1112 3985 nequeunt
1130 3911 1251 3968 alienam

195 4130 232 4188 (l)
246 4128 284 4178 Dc
296 4129 387 4189 Vester,
399 4131 464 4181 Low
475 4130 507 4199 of
520 4131 635 4190 Nationa,
647 4133 663 4181 l.
676 4132 708 4181 iii
723 4147 744 4180 c.
757 4131 790 4182 iii.
804 4134 818 4189 ς
832 4129 874 4178 37.

196 4212 241 4279 (2)
252 4213 317 4263 Vide
329 4215 378 4263 Act
389 4215 417 4263 of
431 4214 563 4278 congress,
577 4219 591 4264 6
603 4216 672 4279 July,
686 4215 758 4264 1798.

195 4301 238 4366 (3)
259 4301 352 4350 Brown
365 4317 387 4352 v.
398 4299 454 4350 The
466 4301 558 4353 United
571 4302 659 4357 Stetes,
671 4304 686 4350 8
698 4298 797 4349 Granch
810 4295 864 4346 110.
876 4303 900 4346 st
911 4294 1006 4346 Ibidem
1018 4293 1078 4358 228,
1086 4294 1143 4345 229.

195 4387 235 4453 (4)
251 4385 315 4438 Luc.
326 4387 361 4437 iii.
376 4389 414 4439 14.
