3046 5262
592 1233 733 1298 enPUT
753 1237 808 1298 IV.

489 1447 528 1487 DE
549 1449 693 1492 racemo
712 1452 920 1492 carlmannus.

554 1669 606 1744 §L
628 1671 676 1728 Da
691 1689 848 1730 surarum.

198 1869 247 1924 35.
270 1866 414 1924 Puccarn
427 1865 595 1940 capitalia,e
615 1867 718 1939 quibus
738 1877 882 1938 tamquam
902 1866 1027 1925 fontibus
1040 1863 1132 1923 fluunt
1153 1885 1252 1944 pecea-

158 1973 252 2022 torum
261 1963 354 2031 rivuli,
368 1973 477 2040 reptem
487 1975 686 2022 recensentur:
708 1966 848 2041 superbia,
862 1965 981 2032 seilicet,
993 1965 1118 2033 avaritia,
1132 1965 1251 2032 invidia,

159 2062 211 2128 ira,
225 2061 330 2128 acedia,
343 2062 420 2138 gula,
433 2061 556 2120 luxuria.

199 2163 249 2217 36.
270 2159 408 2235 Superbia
420 2169 464 2216 est
476 2159 651 2218 inordinatus
671 2163 810 2238 appetitus
824 2163 944 2239 proprie
965 2161 1160 2219 excellentia:
1183 2179 1242 2234 quo

157 2258 246 2316 homo
260 2276 346 2334 supra
359 2277 390 2316 se
404 2257 527 2324 effertur,
542 2259 663 2316 nimium
677 2260 731 2318 sibi
744 2261 879 2327 tribuens,
888 2259 933 2316 vel
947 2277 1033 2336 supra
1042 2259 1112 2317 alios
1123 2260 1247 2316 nimium

158 2373 190 2413 se
204 2357 323 2414 extollit.
363 2355 419 2415 Est
427 2365 574 2432 peceatum
584 2357 794 2433 gravissimum,
805 2355 1140 2431 quotiescumquehomo
1153 2356 1249 2415 ordini

159 2470 247 2525 quem
260 2453 340 2511 Deus
355 2455 454 2513 statuit
471 2455 588 2512 subesse
600 2457 702 2524 renuit,
716 2466 745 2513 et
756 2466 861 2526 mente,
875 2455 921 2514 vel
933 2457 1087 2525 voluntate,
1102 2457 1130 2514 ei
1142 2475 1213 2534 repu
1219 2475 1249 2532 g·

157 2559 215 2609 nat.
258 2552 403 2611 “Initium
421 2553 560 2627 superbia
580 2553 716 2622 hominis,
738 2559 894 2630 apostatare
915 2575 932 2612 a
952 2556 1037 2614 Deo:
1059 2556 1196 2628 quoniam
1218 2555 1253 2611 ab

158 2666 195 2707 eo
208 2651 259 2722 qui
274 2650 343 2706 feeit
353 2651 444 2719 illum,
457 2653 575 2709 recessit
594 2671 643 2710 eor
656 2654 718 2728 ejus
730 2671 738 2719 3
760 2655 893 2725 quoniam
914 2652 1026 2709 initium
1038 2652 1132 2709 omnis
1141 2650 1254 2725 peceati

157 2756 204 2804 est
224 2748 373 2823 superbia:
394 2751 443 2821 qui
461 2749 581 2808 tenuerit
599 2751 687 2817 illam,
708 2759 737 2806 et
749 2749 947 2824 adimplebitur
959 2748 1129 2815 maledictis,
1145 2755 1173 2803 et
1185 2747 1251 2802 sub·

157 2854 251 2902 vertet
272 2863 338 2903 eum
357 2847 387 2906 in
409 2841 544 2905 finem.'’¹
583 2849 660 2908 Hine
683 2847 752 2905 dicit
771 2847 937 2925 Sapientia:
961 2844 1201 2922 “Arrogantiam,
1225 2853 1253 2900 et

160 2944 334 3018 superbiam,
348 2955 376 3003 et
397 2947 472 3004 viam
493 2965 618 3022 pravam,
633 2955 662 3004 et
681 2965 713 3005 os
736 2945 861 3022 bilingue
882 2937 1053 3002 detestor.”²
1092 2942 1251 3019 Apostolus

159 3059 274 3114 quoque
289 3046 465 3120 “superbos,
479 3044 600 3113 elatos,”
610 3047 682 3103 inter
694 3063 745 3103 eos
757 3053 886 3102 recenset
897 3044 948 3118 qui
962 3043 1041 3121 digni
1054 3053 1121 3101 sunt
1134 3033 1251 3100 morte.³

160 3139 461 3215 Sepeetiamdieitur:
484 3141 593 3201 “Deus
607 3143 736 3220 superbis
746 3137 899 3200 resistit.’'⁴
939 3143 971 3200 S.
988 3143 1131 3218 Gregorio
1140 3139 1253 3218 judice.

162 3220 435 3296 “evidentissimum
448 3242 635 3314 reproborum
648 3241 760 3314 signum
775 3249 818 3294 est
830 3238 982 3314 superbia:
1005 3248 1032 3296 at
1044 3249 1141 3296 eontra
1157 3239 1254 3296 hurni-

159 3335 223 3394 litas
237 3331 416 3394 electorum.⁵
456 3336 564 3395 Ordine
584 3347 677 3395 autern
697 3345 817 3404 servato,
832 3337 915 3395 elatio
930 3336 1059 3407 quedam
1080 3335 1170 3393 animi
1186 3353 1256 3393 non·

161 3434 219 3492 nisi
231 3435 351 3492 venialis
365 3444 417 3503 est,
432 3437 457 3494 si
471 3437 543 3492 absit
555 3436 741 3512 Superiorem
752 3444 941 3510 contemptus,
949 3436 995 3492 vel
1003 3435 1128 3509 proximi
1139 3433 1255 3509 injuria.

161 3532 308 3604 Equidem
322 3551 435 3608 semper
448 3533 605 3592 timendum
618 3553 654 3592 ne
667 3535 705 3592 ob
718 3534 880 3608 superbiam
893 3533 977 3590 etiam
997 3531 1133 3588 leviorem
1148 3531 1257 3588 subtra-

162 3629 264 3688 hantur
276 3633 371 3707 gratiae
385 3633 529 3701 subsidia3
550 3633 597 3690 vel
610 3633 709 3691 saltem
729 3632 869 3689 bonorum
889 3649 1008 3706 operum
1022 3647 1133 3687 meroes
1148 3629 1258 3688 amitta-

60 3767 64 3778 ·
162 3737 223 3786 tur:
246 3731 360 3786 “etiam
380 3729 409 3786 in
428 3742 503 3790 reete
524 3731 638 3798 sactis‚”
662 3731 753 3802 inquit
771 3731 960 3807 Augustinus,
982 3727 1140 3787 “timenda
1154 3737 1207 3794 est,
1222 3745 1257 3783 ne

162 3823 220 3895 illa,
236 3827 481 3900 qurelaudabiliter
494 3831 567 3888 faeta
580 3839 654 3898 sunt,
669 3829 759 3906 ipsius
772 3827 864 3886 laudis
879 3829 1032 3906 cupiditate
1047 3817 1258 3885 amittantur.”⁶

203 3929 254 3984 37.
275 3925 465 4002 Presumptio
479 3930 617 4006 superbie
631 3927 699 3997 filia,
714 3946 765 3985 seu
779 3946 876 3985 eomes
889 3936 942 3994 eat,
952 3947 1008 3999 qua
1022 3925 1131 3983 scilieet
1144 3923 1257 3980 animus

164 4022 271 4096 aliquid
284 4025 443 4102 aggreditur
455 4045 541 4104 supra
553 4028 637 4095 vires,
652 4027 772 4085 nimium
784 4026 830 4084 his
845 4025 980 4083 confisus.
1023 4023 1119 4080 Grave
1134 4030 1178 4078 est
1190 4038 1255 4097 pee-

303 4211 345 4276 (1)
365 4211 441 4262 Ereti.
450 4229 474 4262 x.
489 4215 526 4265 14.
730 4212 772 4276 (2)
792 4211 863 4259 Prov.
876 4210 926 4260 viii.
937 4212 975 4258 13.

302 4298 343 4362 (3)
364 4299 434 4348 Rom.
446 4298 462 4348 i.
471 4299 511 4347 30.
730 4297 772 4364 (4)
791 4295 843 4345 Jeo.
856 4297 888 4346 iv.
901 4297 925 4345 6.

305 4385 347 4449 (5)
366 4382 453 4433 Morel.
464 4399 486 4435 e.
495 4383 554 4433 xxii.
734 4384 776 4448 (6)
795 4381 843 4448 lap.
854 4381 939 4433 erviii.
