3046 5262
323 479 381 538 DE
403 477 555 538 LEGUM
577 477 773 538 OlVlLIUM
794 476 1097 542 OBLIGATIONE.
1197 491 1254 547 271

161 655 229 708 vota
253 645 383 704 emittant
407 645 439 702 in
459 642 614 703 Ordinibus
634 643 790 720 Religiosis
809 643 921 720 injuste
940 646 1025 723 plane
1044 657 1119 706 sunt.
1161 649 1258 717 Quum

163 747 214 805 lex
238 745 344 804 “nullo
370 744 481 820 privato
506 742 668 811 commodo,
691 741 744 800 sed
765 761 817 819 pro
839 747 986 805 communi
1011 747 1117 805 civium
1141 749 1258 808 utilitate

164 837 360 920 conscripta''l
379 841 499 908 dicamn
520 843 545 900 si
565 850 676 900 constet
696 841 803 914 aliquid
823 840 939 903 decerni
961 844 1037 918 quod
1057 846 1089 904 in
1108 847 1192 906 unius
1212 849 1258 908 vel

162 947 332 1021 paucorum*
342 941 490 1000 utilitatem
514 940 609 999 tendat
630 959 696 1000 cum
719 939 907 1017 plurimorum
932 943 1110 1013 detrimento,
1124 946 1202 1004 nulla
1214 957 1259 1005 est

161 1043 300 1119 obligatio
322 1040 352 1098 id
368 1038 512 1098 servandi.
555 1039 615 1098 Sed
635 1039 793 1098 carendum
815 1059 851 1098 ne
875 1041 994 1120 collegia
1013 1043 1119 1102 civium
1144 1046 1258 1122 publica

162 1143 329 1201 anctoritate
342 1148 371 1196 et
388 1139 454 1216 lege
472 1139 599 1196 instituta
617 1147 787 1198 censeantur
806 1139 982 1216 hujusmodi,
1003 1161 1069 1202 cum
1090 1144 1258 1221 plerumque

161 1243 270 1301 civium
293 1239 422 1298 omnium
443 1237 553 1296 intersit
572 1256 606 1295 ea
627 1239 689 1316 lege
709 1237 809 1307 foveri,
832 1248 864 1297 ut
880 1244 1085 1302 commercium
1104 1252 1133 1300 et
1145 1245 1259 1322 publica

162 1359 254 1418 opera
279 1339 390 1396 felicius
415 1346 556 1414 gerantur.
609 1336 672 1396 Lex
698 1338 804 1415 injusta
829 1347 882 1406 est,
909 1338 976 1398 dum
1002 1351 1151 1417 gravantur
1171 1345 1258 1404 nimis

164 1440 256 1512 aliqui
269 1439 358 1504 cives,
370 1438 412 1494 ati
424 1437 564 1516 contingit
583 1437 698 1508 quando
718 1455 805 1495 onera
823 1439 1009 1514 imponuntur
1022 1440 1144 1508 colonis,
1157 1443 1260 1502 immu-

164 1539 252 1598 nitate
267 1537 326 1595 lere
338 1535 437 1596 relicta
449 1534 592 1594 dominis:
615 1535 767 1609 aliquando
787 1545 882 1595 tamen
902 1552 1041 1614 pauperes
1055 1549 1083 1597 et
1103 1540 1154 1613 qui
1166 1540 1260 1600 humi·

162 1638 243 1698 lioris
257 1645 324 1696 runt
336 1636 509 1694 conditionis
523 1635 664 1694 immeritd
678 1645 834 1708 queruntur
848 1655 879 1694 se
893 1639 1012 1714 gravari.
1054 1639 1260 1706 Quandocum-

165 1757 221 1810 que
234 1735 433 1816 legumletores
447 1736 593 1810 potestatis
613 1755 673 1794 snae
693 1735 797 1794 limites
811 1737 963 1794 manifesto
983 1736 1137 1806 excedunt,
1151 1740 1260 1799 nullam

164 1837 367 1913 obligationem
388 1833 543 1893 inducunt:
565 1852 602 1892 v:
624 1855 659 1912 g:
689 1837 714 1893 si
737 1834 918 1911 Congressus
938 1836 1043 1908 aliquid
1062 1837 1098 1894 de
1120 1838 1260 1915 religione

165 1944 300 1994 sterneret
312 1945 411 1993 contra
431 1931 652 1993 Constitutionis
672 1943 863 2011 pracceptum:
887 1933 933 1991 vel
951 1935 977 1991 si
996 1943 1084 1992 coetus
1105 1937 1258 2013 cujuslibet

166 2035 264 2092 Status
276 2035 339 2110 lege
352 2033 515 2092 decerneret
528 2051 584 2106 qua
596 2034 692 2110 lingua
705 2032 916 2110 praedicandum
929 2033 975 2090 sit.
1018 2034 1068 2093 Sic
1081 2035 1167 2094 etiam
1180 2037 1263 2112 prin·

167 2135 242 2212 cipis
256 2135 305 2206 qui
316 2134 441 2191 habenas
455 2133 562 2209 arripit,
572 2131 701 2210 legitimo
711 2151 834 2191 excusso
843 2133 949 2209 auriga,
957 2132 1036 2210 leges
1049 2153 1107 2194 non
1121 2134 1258 2212 obligant,

165 2235 222 2292 nisi
236 2242 373 2306 quatenus
393 2232 495 2310 populi
514 2249 655 2290 consensu
676 2232 722 2289 vel
742 2231 887 2290 tolerantia
909 2232 980 2290 tituli
1002 2233 1100 2292 vitium
1122 2243 1258 2293 sanatur:

165 2332 254 2392 sedni
272 2333 333 2410 jam
357 2331 503 2411 possideat
524 2350 654 2408 regnum,
667 2331 831 2408 reipublice
845 2331 922 2390 salus
942 2331 1033 2409 exigit
1050 2341 1081 2390 ut
1099 2333 1177 2411 leges
1196 2335 1258 2412 ejus

166 2429 339 2491 εοινοιιιιιι.2

210 2535 256 2590 19.
278 2533 417 2600 Quaerunt
435 2531 561 2608 theologi
583 2541 678 2590 utrum
691 2533 769 2608 leges
783 2551 884 2591 omnes
898 2533 996 2591 civiles
1009 2535 1212 2594 conscientium
1226 2535 1263 2592 ita

165 2633 256 2710 ligent
277 2641 308 2690 ut
327 2641 429 2708 peccet
450 2632 514 2704 quis
537 2649 585 2688 eas
605 2631 787 2708 negligendo,
811 2632 896 2688 etiarn
922 2640 1032 2688 servata
1051 2616 1260 2708 magistratibus

164 2732 336 2798 reverentia,
351 2740 379 2786 et
399 2730 496 2789 ordine
510 2731 624 2806 publico
636 2730 737 2788 illeso.
780 2729 813 2786 Si
832 2729 880 2785 lex
900 2747 963 2801 quae
981 2729 1055 2785 mala
1073 2748 1125 2805 per
1143 2747 1174 2785 se
1194 2740 1261 2788 suut

166 2829 327 2908 prohibeat7
348 2829 393 2886 vel
415 2849 476 2903 quae
496 2829 594 2888 divino
610 2831 675 2906 jure
696 2829 897 2904 praecipiuntur
915 2825 1053 2885 servande
1076 2827 1152 2896 velit,
1173 2827 1264 2900 liquet

166 2929 371 2990 conscientiam
397 2929 488 3006 ligari,
513 2947 602 3001 quum
631 2927 674 2986 ex'
690 2929 756 3005 jure
789 2927 938 3003 superiori,
966 2943 1017 2984 seu
1049 2927 1177 2995 nam-ali,
1212 2947 1262 2988 seu

165 3030 264 3088 divino
284 3029 417 3104 obligatio
446 3028 596 3096 derivetur,
626 3045 688 3100 qnae
715 3029 840 3086 munitur
860 3026 968 3104 adjecta
996 3027 1072 3086 civili
1092 3024 1263 3088 εοιιοιιοιιο.3

166 3131 200 3187 Si
222 3129 289 3205 jura
307 3129 411 3186 civium
431 3129 504 3186 inter
523 3145 554 3182 se
576 3128 639 3204 lege
668 3126 847 3195 definiantur,
874 3145 936 3199 quoe
960 3126 1085 3199 alioquin
1104 3127 1196 3187 forent
1221 3131 1262 3187 in·

166 3236 252 3294 certe,
279 3235 355 3285 tenet
380 3226 593 3294 Blackstonins‚
620 3225 739 3308 celebris
760 3225 836 3302 apud
855 3223 964 3300 Auglos
991 3224 1088 3300 legum
1114 3227 1262 3303 interpres,

166 3327 371 3387 conscientiam
393 3326 485 3404 ligari,
500 3325 570 3382 adeo
592 3334 623 3383 ιιι
645 3325 767 3398 quisque
788 3341 885 3392 rerum
899 3323 1102 3399 proprietatem
1116 3342 1153 3382 ex
1166 3325 1264 3401 legum

165 3427 322 3494 sanctione,
349 3427 434 3484 etiam
467 3425 581 3484 nemine
613 3425 776 3502 invigilante
807 3431 838 3480 ut
865 3421 1029 3479 executioni
1058 3421 1265 3481 demandentur

165 3526 269 3584 debent
295 3525 371 3601 apud
393 3543 425 3582 se
451 3520 666 3583 determinare.⁴
704 3523 764 3582 Eu¹
780 3521 918 3601 theologis
944 3519 1070 3598 plurimi,
1092 3521 1124 3578 S.
1152 3521 1267 3579 Thoma

201 3714 240 3774 tl)
259 3710 321 3762 Can.
333 3712 357 3760 2.
369 3709 424 3759 dist.
436 3711 462 3760 4.

202 3797 246 3862 (2)
266 3797 330 3847 Vide
342 3799 443 3847 Petrum
455 3796 532 3854 Dens,
542 3802 610 3846 tract.
622 3793 652 3844 de
662 3794 765 3856 legibus,
777 3809 820 3857 qu.
832 3808 854 3840 v.
866 3809 891 3842 n.
902 3793 943 3844 34.

202 3881 246 3947 (3)
266 3883 318 3931 “Ιιι
338 3882 422 3944 regard
440 3890 465 3931 ιο
477 3880 573 3930 natural
585 3879 672 3939 dulles,
684 3879 733 3928 ond
742 3877 804 3928 such
816 3877 922 3928 offences
938 3894 965 3928 as
977 3893 1017 3926 ore
1028 3875 1097 3926 mola
1108 3881 1137 3928 in
1148 3892 1192 3927 se.-
1212 3876 1268 3926 here

169 3983 209 4016 we
222 3983 263 4016 cre
274 3968 358 4018 bound
370 3970 396 4017 in
416 3966 575 4025 conscienc03
593 3967 696 4015 because
715 3981 754 4014 we
771 3980 812 4014 are
829 3963 911 4013 bound
930 3965 962 4027 by
980 3962 1088 4025 superior
1104 3963 1171 4022 laus,
1189 3964 1269 4013 before

164 4052 238 4103 those
246 4052 341 4102 humen
353 4053 412 4101 lans
424 4067 487 4101 were
496 4051 522 4100 in
534 4051 608 4112 being
619 4059 644 4099 to
655 4051 759 4116 perform
772 4049 814 4098 the
825 4063 873 4097 one
885 4047 933 4096 and
945 4047 1039 4096 abstnin
1049 4047 1110 4096 from
1123 4047 1164 4098 the
1176 4049 1268 4100 other.’'

164 4136 324 4197 Blackstone,
338 4135 435 4186 Oomm.
444 4136 536 4186 Introd.
547 4141 605 4184 sect.
617 4135 640 4184 2.
649 4150 674 4185 ιι.
686 4134 726 4183 58.

202 4223 246 4287 (4)
267 4229 280 4252 “
290 4221 312 4271 lt
323 4222 401 4281 holds,
420 4222 431 4270 1
449 4220 595 4286 apprehend‚
608 4236 634 4268 ns
646 4228 670 4269 to
681 4216 782 4286 rigbla,·
801 4217 850 4267 ond
864 4217 924 4275 thet,
936 4215 1009 4265 when
1027 4215 1069 4266 the
1080 4217 1127 4265 law
1139 4217 1183 4267 has
1193 4220 1269 4270 deter-

166 4305 254 4356 mined
267 4305 307 4354 the
325 4305 382 4354 field
394 4313 417 4356 to
431 4307 521 4368 belong
531 4313 555 4354 to
567 4303 657 4362 Titius,
669 4303 720 4352 itis
733 4310 818 4352 matter
830 4302 858 4350 os
871 4299 1014 4352 conscience
1026 4317 1058 4351 no
1068 4301 1152 4366 longer
1164 4311 1188 4354 ιο
1201 4306 1270 4355 with·
