3076 5260
502 462 561 522 DE
581 462 937 522 MnGISTnATIBUS.
1203 471 1261 524 399

171 650 203 688 se
218 629 366 697 adeuntes,
388 629 454 688 dum
475 633 558 707 copia
577 641 621 688 est
641 631 804 699 sacerdotis,
825 631 907 690 facile
928 633 1082 708 excipiunt,
1103 653 1192 705 quum
1205 637 1263 694 ani·

171 749 232 786 mos
248 728 351 788 addant
364 731 566 806 peccantibus:
588 731 640 788 sed
653 733 678 788 si
696 731 795 788 moniti
815 731 906 789 nolint
926 730 1063 789 desistere
1085 735 1133 804 qui
1147 735 1259 810 nuptias

170 829 243 887 inire
257 837 396 902 querunt,
410 839 438 888 et
457 831 539 908 copia
559 831 596 888 slt
618 830 764 888 acatholici
784 831 963 907 magistratus
984 831 1032 902 qui
1052 850 1101 890 eos
1124 833 1258 910 excipiat,

169 929 214 986 vel
228 931 254 986 si
267 929 444 1004 magistratus
467 929 625 990 recusando
649 949 740 1005 poenae
763 947 813 986 seu
834 931 947 988 mulctae
970 930 1040 988 fiant
1058 933 1185 1001 obnoxii,
1201 953 1258 992 non

169 1026 300 1085 videntur
312 1027 402 1104 culpae
416 1029 457 1086 rei
471 1029 547 1102 quod
560 1048 675 1106 operam
690 1038 823 1104 praestent
835 1047 912 1087 mere
926 1030 1051 1087 civilem.

210 1131 277 1185 154.
305 1127 362 1194 Qui
385 1128 477 1186 altiori
502 1129 665 1204 magistratu
691 1128 826 1204 iungitur,
855 1128 1036 1187 Gubernator
1067 1129 1186 1198 scilicet,
1214 1131 1257 1188 vel

165 1225 287 1293 Praeses,
296 1225 379 1284 debet
392 1228 494 1304 majori
502 1227 596 1286 studio
606 1226 636 1284 in
644 1227 771 1285 omniu-m
785 1227 949 1286 incumbere
958 1227 1104 1286 utilitatem
1117 1249 1125 1285 ε
1140 1247 1259 1288 munera

167 1323 334 1384 distribuere
348 1325 461 1402 publica
474 1345 526 1402 pro
548 1326 659 1384 dotibus
679 1325 846 1398 meritisque
866 1326 971 1385 civium
986 1327 1016 1382 in
1029 1327 1257 1402 Rempublicam,

167 1425 264 1500 potius
285 1442 370 1497 quam
392 1426 515 1502 partium
535 1425 645 1484 studio:
666 1425 746 1502 leges
758 1425 884 1501 probare
905 1425 951 1486 vel
970 1436 1074 1493 vetare,
1088 1445 1141 1503 pro
1155 1429 1258 1486 mentis

165 1523 286 1600 judicio,
301 1524 445 1599 publicam
459 1525 577 1583 salutem
591 1543 731 1598 quaerens.
753 1525 959 1584 Peccatautem
973 1525 1116 1597 quisnam
1130 1525 1258 1584 iteratam

167 1621 336 1681 electionem
348 1625 433 1682 unice
455 1633 603 1701 expetens,
625 1624 655 1682 in
675 1643 825 1682 munerum
846 1622 1043 1682 distributione
1066 1634 1095 1682 et
1113 1625 1143 1682 in
1161 1609 1259 1702 legum
1296 1699 1299 1704 Ι

166 1723 323 1788 sanctione,
337 1722 366 1780 id
377 1724 532 1800 presertim
547 1722 708 1782 considerat
720 1732 811 1783 utrum
826 1722 960 1800 suffragia
973 1723 1054 1800 plura
1063 1723 1118 1781 sibi
1130 1723 1168 1780 sit
1180 1741 1257 1782 com-

163 1830 322 1896 paraturus,
339 1831 372 1880 et
390 1840 456 1880 eum
475 1823 505 1882 in
517 1823 605 1881 finem
617 1823 737 1900 negligit
755 1822 860 1880 civium
879 1823 1080 1899 plerorumque
1093 1823 1253 1882 commoda.

166 1920 273 1978 Peccat
284 1921 370 1979 etiarn
384 1922 433 1994 qui
446 1921 525 1998 leges
539 1922 701 1980 executioni
714 1921 877 1981 demandari
890 1940 948 1981 non
967 1930 1064 1990 curat;
1084 1931 1113 1979 et
1124 1919 1257 1994 tranquil·

164 2019 274 2078 litatem
297 2020 485 2094 ordinemque
508 2022 654 2097 publicum
673 2040 733 2080 non
752 2029 859 2089 tuetur3
880 2032 909 2078 et
930 2021 1033 2080 fiscum
1047 2021 1166 2098 expilari
1179 2022 1255 2090 sinit,
1354 2075 1356 2080 ,

164 2117 329 2178 hominibus
343 2121 447 2179 nullius
460 2120 528 2180 fidei
541 2121 663 2198 pecunia
675 2121 790 2198 publiea
802 2119 972 2178 concredita.
1014 2120 1081 2179 Non
1095 2130 1194 2196 peccat
1207 2122 1257 2192 qui

165 2236 281 2276 suarum
303 2220 424 2294 partium
447 2218 589 2293 homines,
613 2219 732 2279 idoneos
752 2228 857 2287 tamen,
880 2238 939 2296 prae
961 2218 1024 2277 aliis
1037 2218 1182 2295 designat:
1204 2219 1256 2278 sed

164 2316 320 2394 optandum
334 2319 453 2376 omnino
475 2327 592 2378 munera
612 2319 741 2377 distribui
764 2337 816 2394 pro
833 2319 952 2385 meritis,
966 2318 1088 2394 partium
1101 2317 1195 2376 studio
1207 2337 1256 2376 ne·

163 2415 267 2490 glasto,
281 2434 389 2490 eosque
402 2417 432 2500 in
445 2415 548 2475 officiis
561 2418 676 2476 retineri
690 2418 739 2490 qui
752 2416 851 2474 fideles
865 2426 894 2474 et
905 2417 988 2493 periti
1001 2417 1177 2492 experientia
1190 2436 1255 2477 nos·

161 2523 273 2573 cuntur.

479 2733 549 2808 §IL
591 2733 639 2792 Da
660 2751 939 2792 nuounnnronrnos.

208 2937 275 2990 155.
290 2934 502 3010 Legumlatores
512 2936 615 2994 debent
626 2954 720 2994 rerum
735 2953 798 2993 esse
812 2936 905 3012 periti,
917 2944 944 2992 et
956 2934 1099 3012 publicam
1109 2936 1255 3013 utilitatem

164 3033 308 3109 praecipue
331 3053 466 3106 quaerere,
487 3034 623 3112 deinceps
647 3054 745 3094 eorum
767 3053 888 3108 quorum
914 3034 1057 3112 suffragiis
1077 3036 1160 3094 electi
1180 3046 1255 3095 sunt.

165 3131 309 3205 Equidem
323 3133 487 3209 reipublicae
502 3135 622 3206 quisque
637 3121 777 3210 imprimis
795 3133 878 3215 debet
897 3133 1056 3202 consulere,
1071 3153 1158 3206 quum
1178 3136 1255 3192 cives

163 3249 266 3288 omnes
280 3232 396 3308 speciali
411 3241 556 3290 teneantur
570 3232 673 3289 affectu
687 3233 805 3308 patriam
826 3233 979 3308 prosequi:
1002 3241 1173 3311 quapropter
1189 3252 1255 3310 pec·

164 3338 230 3386 cant
251 3331 301 3402 qui
320 3330 447 3388 locomm
471 3330 660 3405 quorumdam
680 3332 811 3402 utilitates
832 3339 861 3392 et
882 3329 1031 3388 commoda
1057 3329 1092 3387 ad
1118 3331 1255 3407 captanda

164 3428 302 3506 suffragia
321 3440 491 3506 promovent
510 3450 575 3489 cum
588 3429 703 3507 publico
725 3431 910 3488 detrimento:
932 3439 960 3486 et
972 3438 1095 3486 renuunt
1107 3428 1256 3506 suffragari

163 3529 248 3586 rebus
263 3546 326 3601 quae
339 3531 468 3590 omnium
481 3531 630 3598 intersunt,
644 3531 699 3588 nisi
713 3530 760 3587 alii
773 3548 804 3586 se
818 3529 944 3605 obligent
962 3527 998 3586 ad
1020 3528 1178 3604 praestanda
1197 3529 1255 3587 suf·

164 3625 254 3704 fragia
267 3628 351 3686 rebus
365 3629 428 3686 aliis
442 3648 504 3701 quae
527 3629 634 3688 nnllam
657 3627 760 3686 habent
773 3628 915 3704 publicam
930 3627 1088 3686 utilitatem.
1130 3629 1257 3687 Peccant

165 3727 214 3797 qui
227 3727 379 3804 pecuniam
392 3728 456 3786 fisci
469 3729 622 3806 prodigunt
634 3729 664 3786 in
678 3728 760 3786 rebus
781 3727 888 3785 nullius
911 3727 1059 3795 momenti,
1074 3737 1102 3785 et
1121 3747 1154 3785 ea
1167 3728 1256 3805 negli-

163 3834 234 3899 gunt
246 3826 383 3902 perficere
397 3847 459 3900 quae
474 3828 596 3904 plurima
616 3827 777 3904 reipublicae
801 3825 951 3885 commoda
973 3827 1090 3884 allatura
1103 3836 1184 3886 sunt:
1206 3829 1256 3901 qui

164 3926 286 3998 partium
300 3925 393 3984 studio
406 3945 452 3984 res
466 3927 626 4002 profuturas
640 3927 789 4002 rejiciunt:
805 3927 855 3998 qui
865 3935 977 4002 tempus
992 3927 1137 3984 inutilibus
1145 3926 1255 4003 discep-

165 4024 315 4082 tationibus
335 4025 513 4102 impendunt,
539 4045 604 4086 cum
625 4027 688 4084 fisci
711 4025 878 4101 dispendio:
900 4028 950 4098 qui
973 4025 1108 4102 suffragia
1128 4026 1194 4084 dant
1210 4028 1256 4085 vel

164 4139 216 4197 spe
231 4123 383 4192 mercedis,
397 4126 442 4182 vel
455 4127 585 4202 pactione
600 4124 721 4198 quadam
735 4125 823 4184 inita:
845 4134 873 4182 et
895 4128 944 4197 qui
957 4125 1036 4201 leges
1051 4125 1183 4202 figendas
1193 4128 1257 4184 refi-

164 4222 327 4296 gendasque
341 4234 448 4292 curant,
462 4235 494 4284 ut
507 4228 591 4284 rebus
605 4227 666 4284 suis
679 4225 828 4284 consulant
851 4244 917 4282 eum
940 4225 1059 4283 aliorum
1077 4225 1255 4286 detrimento.

164 4319 222 4386 Qui
236 4331 380 4380 senatores
394 4334 470 4393 sunt,
484 4333 512 4382 et
525 4325 659 4402 suffragia
669 4323 762 4382 serunt
775 4325 809 4384 de
820 4326 974 4402 designatis
989 4326 1208 4386 aGubematore
1222 4331 1257 4389 ad
