3046 5262
271 497 332 554 29⁴
430 491 487 550 DE
508 488 706 550 Puooa'ro
727 487 920 548 MORTALI
940 485 998 546 ET
1018 487 1204 546 VENIALI.

272 659 406 727 feminis,
420 676 457 716 ex
476 673 596 730 quarum
617 655 761 716 consortio
784 671 847 712 eam
869 653 942 712 solet
966 653 1101 731 experiri,
1122 653 1191 712 lieet
1209 671 1275 711 eam
1297 654 1363 712 nolit

271 759 362 830 sequi.
404 756 437 814 st
451 757 514 829 quis
528 737 638 814 omittat
658 772 815 830 repugnare
833 753 956 811 motibus
969 753 1086 820 illicitis,
1100 753 1170 825 quin
1182 770 1285 828 reapse
1299 771 1362 811 con·

271 855 381 922 sentiat,
396 855 525 914 nonnulli
545 871 611 912 eum
633 854 790 912 immunem
810 853 915 911 habent
936 871 953 908 a
972 860 1088 927 peccato
1107 852 1196 928 gravi,
1209 849 1362 910 dummodo

273 954 345 1012 absit
356 971 515 1013 consensus
529 951 699 1029 periculum,
714 950 790 1024 quod
804 961 899 1009 tamen
911 951 961 1007 vix
975 951 1062 1010 abest
1085 949 1362 1008 “Considerandum

272 1051 335 1110 est’'
350 1053 445 1126 inquit
455 1053 489 1111 S.
505 1051 645 1111 Thomas.
667 1052 726 1109 “in
746 1051 879 1108 omnibus
899 1051 1024 1125 peccatis
1044 1067 1107 1121 qum
1121 1057 1188 1106 sunt
1209 1048 1363 1107 secundum

272 1169 357 1210 suum
370 1171 460 1228 genus
473 1150 611 1217 mortalia,
626 1149 702 1223 quod
715 1168 772 1207 non
786 1158 852 1207 sunt
864 1147 995 1206 mortalia
1012 1148 1068 1205 nisi
1082 1146 1195 1220 quando
1209 1167 1293 1205 suam
1305 1165 1385 1224 pen,

272 1249 424 1308 factionem
446 1258 666 1320 consequuntur.
707 1247 764 1306 Est
782 1249 860 1306 enim
879 1247 1088 1305 consummatio
1108 1247 1217 1322 peceati
1242 1248 1275 1304 in
1300 1265 1363 1304 con·

273 1364 359 1407 sensu
372 1350 500 1407 rationis.
541 1346 701 1419 Loquimur
719 1347 796 1404 enirn
815 1364 891 1404 nunc
911 1344 947 1402 de
966 1355 1083 1422 peccato
1096 1345 1233 1414 humano,
1250 1339 1364 1418 quodiu

272 1457 338 1506 actu
359 1447 485 1506 humano
507 1447 645 1514 consistit,
669 1446 751 1521 cujus
771 1445 944 1522 principium
967 1454 1011 1502 est
1034 1445 1117 1502 ratio.
1169 1443 1256 1502 Unde
1284 1444 1309 1501 si
1333 1444 1365 1500 sit

275 1546 419 1606 inchoatio
432 1545 540 1622 peccati
553 1546 583 1602 in
596 1545 658 1603 sola
670 1544 861 1611 sensualitate,
879 1553 908 1600 et
928 1561 986 1602 non
999 1545 1140 1620 pertingat
1152 1561 1241 1615 usque
1255 1541 1292 1600 ad
1305 1560 1366 1600 con·

273 1661 389 1702 sensum
403 1643 528 1709 rationis,
543 1652 658 1719 propter
670 1643 914 1720 imperfectionem
924 1651 1012 1709 achis,
1026 1651 1070 1699 est
1088 1651 1235 1718 peccatum
1249 1640 1365 1699 veniale.

274 1741 356 1799 Sicut
368 1743 399 1801 in
411 1760 515 1820 genere
529 1741 658 1800 adulterii
671 1742 975 1818 concupiscentiaque
989 1742 1119 1799 consistit
1131 1742 1161 1798 in
1179 1739 1241 1798 sola
1254 1758 1367 1797 sensua-

274 1839 350 1898 litate
364 1850 408 1898 est
420 1849 567 1918 peccatum
578 1842 709 1900 veniale:
724 1843 750 1900 si
764 1850 859 1898 tamen
867 1841 1030 1916 pervenitur
1042 1858 1133 1912 usque
1148 1838 1183 1896 ad
1196 1857 1365 1897 consensum

276 1939 402 2008 rationis,
416 1950 460 1998 est
472 1949 622 2018 peccatum
636 1935 801 1998 mortale.''¹

314 2042 364 2096 30.
384 2035 439 2097 Ee
451 2055 560 2116 genere
569 2057 624 2096 auc
638 2039 759 2096 venialia
768 2037 898 2095 dicuntur
910 2046 1027 2112 peccata
1040 2055 1092 2112 per
1105 2055 1136 2094 se
1149 2037 1234 2104 levia,
1247 2055 1302 2094 ex:
1318 2055 1364 2112 gr:

275 2137 392 2194 verbum
402 2137 536 2204 otiosum,
551 2138 597 2195 vel
616 2136 796 2196 mendacium
805 2137 865 2214 joci
875 2154 960 2193 causa
969 2136 1118 2210 prolatum.
1160 2135 1232 2202 Quae
1243 2135 1368 2193 mortalia

275 2234 442 2310 plerumque
455 2244 530 2303 sunt,
545 2235 697 2308 aliquando
716 2245 783 2294 sunt
799 2235 935 2302 venialia,
949 2253 986 2291 ex
1006 2233 1118 2292 defectu
1131 2233 1313 2292 advertentiae
1326 2233 1368 2290 vel

275 2350 442 2390 consensus.
485 2334 553 2410 Ipsa
565 2353 629 2406 quae
642 2335 807 2409 parvitatem
821 2334 946 2390 materia·
959 2351 1017 2390 non
1031 2333 1188 2401 admittunt,
1202 2343 1302 2410 utpote
1322 2351 1369 2410 per

273 2447 304 2486 se
318 2431 496 2506 gravissima,
511 2431 664 2503 aliquando
677 2433 767 2489 venie
781 2431 884 2488 idonea
900 2432 954 2489 hac
977 2432 1084 2489 ratione
1098 2441 1261 2490 censentur.
1303 2433 1368 2490 Per·

271 2527 379 2604 jurium
401 2528 554 2602 aliquando
577 2531 684 2602 absque
704 2529 826 2606 graviori
846 2530 929 2606 culpa
949 2531 1088 2608 contingit
1106 2531 1236 2606 proferri,
1259 2531 1368 2604 quando
1410 2585 1412 2590 Α

275 2629 354 2686 testis
369 2626 440 2688 adeo
454 2629 487 2686 ab
507 2629 695 2707 interrogante
714 2629 874 2688 molestiam
894 2629 1005 2704 patitur,
1026 2638 1058 2686 ut
1076 2648 1134 2686 non
1148 2631 1233 2706 plene
1248 2629 1370 2688 advertat

277 2726 458 2787 mendacium
471 2729 549 2802 quod
560 2729 700 2801 loquitur:
724 2737 743 2765 ‘⁶
754 2727 879 2805 potest,’'
895 2727 987 2800 inquit
999 2726 1038 2785 D.
1053 2727 1196 2797 Thomas,
1212 2739 1232 2766 ‘⁴
1242 2728 1322 2801 quod
1336 2747 1370 2785 ex

276 2844 382 2902 genere
395 2838 439 2886 est
452 2829 579 2898 mortale,
593 2847 656 2886 esse
678 2829 786 2885 veniale
809 2837 925 2904 propter
943 2827 1188 2903 imperfectionem
1202 2838 1295 2896 actus,
1309 2829 1371 2900 quia

275 2941 333 2980 non
344 2926 468 2999 perfecte
481 2927 616 3001 pertingit
628 2926 663 2983 ad
673 2928 812 2984 rationem
826 2935 903 2983 actus
916 2918 1084 2984 moralis.”²
1124 2927 1173 2984 stc
1185 2943 1248 2999 quae
1260 2928 1326 2998 quis
1336 2945 1369 2983 ex

275 3037 377 3078 somno
391 3023 440 3078 vix
453 3021 669 3097 expergefactus
684 3023 838 3092 admiserit,
853 3033 974 3101 possunt
990 3024 1112 3082 venialia
1124 3044 1187 3082 esse
1201 3027 1239 3083 ob
1252 3045 1369 3083 consen·

274 3136 339 3175 sum
360 3117 436 3176 haud
458 3118 591 3196 plenum:
614 3120 690 3192 quod
712 3124 870 3198 presertim
888 3121 1063 3181 censendum
1083 3123 1118 3182 de
1131 3142 1166 3183 eo
1180 3126 1231 3196 qui
1245 3127 1370 3183 animum

275 3217 382 3290 absque
393 3219 458 3277 labe
471 3238 584 3278 servare
597 3221 666 3298 vigil
679 3239 794 3297 semper
806 3221 909 3279 studet.

315 3321 365 3375 31.
387 3326 406 3354 ‘⁴
418 3319 490 3386 Quae
511 3319 569 3377 sint
587 3319 670 3389 levia,
688 3330 717 3377 et
735 3339 797 3392 quae
817 3321 913 3398 gravia
932 3329 1058 3396 peccata,
1079 3341 1137 3379 non
1158 3322 1301 3392 humano,
1322 3322 1371 3379 sed

276 3413 373 3474 divino
385 3416 533 3494 pensanda
545 3413 775 3496 suntjudicio.'’³
815 3419 858 3477 Ita
871 3421 980 3495 optime
996 3419 1183 3497 Augustinus.
1226 3421 1370 3494 Equidem

276 3515 357 3591 plura
370 3516 534 3576 hominibus
544 3517 619 3575 levia
631 3517 762 3576 videntur
775 3536 837 3590 quae
858 3517 939 3576 Deus
959 3517 1046 3576 veluti
1066 3520 1234 3596 gravissima
1255 3521 1370 3580 notavit.

247 3651 255 3668 .
275 3613 339 3670 Proe
353 3616 443 3673 oculis
458 3615 542 3690 igitur
554 3615 690 3673 habende
701 3626 767 3674 sunt
780 3599 883 3675 divinae
895 3617 1059 3692 Scriptura,
1070 3637 1160 3690 eaque
1173 3603 1300 3696 peccatis
1313 3639 1371 3696 gra·

274 3710 399 3769 rioribus
417 3713 594 3771 accensenda
606 3723 673 3772 sunt
686 3735 749 3787 quae
770 3716 862 3773 verbis
883 3712 1100 3775 distictioribus
1121 3727 1266 3776 vetantur:
1290 3727 1308 3754 “
1320 3718 1370 3774 Vae

275 3809 382 3872 mundo
396 3832 411 3870 a
424 3810 581 3869 scandalis.
595 3853 621 3868 ..
635 3831 694 3870 ‚vae
709 3813 821 3872 homini
834 3815 875 3873 illi
887 3833 939 3890 per
952 3833 1038 3888 quem
1052 3816 1218 3874 scandalum
1231 3818 1309 3875 venit
1323 3857 1347 3873 ..
1361 3857 1367 3871 .

276 3912 326 3983 qui
343 3911 409 3970 talia
431 3920 518 3989 agunt
539 3910 618 3988 digni
642 3921 708 3969 sunt
720 3913 844 3970 morte.”
856 3955 881 3972 ..
894 3955 921 3971 ..
944 3923 1030 3972 “non
1043 3915 1197 3973 introibunt
1209 3916 1240 3972 in
1252 3908 1370 3992 regnum

276 4009 366 4066 Dei.”
387 4011 528 4070 Ecclesiae
542 4012 627 4070 etiam
641 4009 789 4069 decretaet
801 4010 890 4088 leges,
902 4013 1004 4086 quibus
1018 4023 1147 4072 vetantur
1154 4014 1277 4090 plurima
1284 4013 1371 4072 veluti

274 4107 342 4164 inse
353 4111 530 4184 gravissima,
541 4129 669 4170 normam
678 4111 803 4187 proebent
812 4129 868 4184 qua
877 4131 893 4168 a
901 4112 1060 4170 venialibus
1070 4113 1198 4172 mortalia
1207 4111 1369 4171 discernan-

375 4307 418 4373 (l)
438 4311 462 4356 2.
473 4308 545 4374 2.qu.
554 4325 632 4360 xxxv.
645 4319 689 4362 art.
701 4315 725 4360 3.
873 4314 915 4380 (⁶2)
936 4315 957 4362 l.
968 4314 992 4362 2.
1005 4331 1048 4379 qu.
1059 4315 1172 4364 lxxxviii.
1184 4314 1270 4366 artri.

678 4393 720 4462 (³)
735 4397 862 4449 Enchirid.
873 4416 895 4450 c.
905 4401 974 4450 xviii.
