3146 5266
556 484 613 544 DE
634 481 917 544 PASSIONIBUS.
1242 489 1280 544 ss

99 675 101 680 ·
193 661 222 710 et
234 649 413 726 sapientium,
434 647 500 706 ideo
522 650 553 706 iu
574 649 677 706 horum
695 647 826 706 laudibus
839 655 868 704 et
878 645 1032 704 honoribus
1044 645 1177 704 homines
1189 649 1282 724 magis

194 740 414 808 delectanur.'‘¹
452 746 527 804 Aliis
540 745 742 821 benefaciendo
756 745 926 803 delectamur
937 745 974 803 ob
986 744 1149 802 charitatem
1162 763 1219 817 qua
1231 763 1282 804 eos

194 847 399 922 amplectimur,
411 855 439 902 et
445 863 527 921 spem
539 864 624 917 quam
634 845 762 903 fovemus
775 843 924 910 mercedis,
934 852 964 902 et
975 844 1112 921 optimam
1124 843 1155 902 in
1167 845 1282 917 quibus·

194 945 259 1004 dam
272 954 379 1003 naturae
392 943 516 1002 indolem
532 944 568 1001 ad
579 943 725 1002 benefacta
737 943 880 1017 proclivis.

235 1047 285 1101 66.
308 1043 378 1108 Qus
391 1043 463 1099 mira
475 1042 615 1109 videntur,
629 1051 658 1098 et
670 1039 795 1100 difficilia
814 1039 966 1108 intellectu,
980 1039 1191 1112 inquisitionem
1213 1040 1283 1098 dum

195 1149 359 1219 provocant,
385 1150 493 1198 secreta
518 1139 640 1213 quadam
665 1139 848 1197 delectatione
867 1139 979 1196 titillant
1002 1139 1138 1206 animum,
1165 1157 1228 1212 que
1253 1140 1284 1197 in

197 1259 330 1316 magnam
352 1239 511 1316 prorumpit
531 1239 666 1304 letitiam,
690 1237 714 1294 si
739 1237 917 1313 investiganti
937 1236 1082 1313 explorata
1105 1237 1155 1295 fiat
1172 1237 1282 1295 veritas.

198 1337 279 1396 Hinc
292 1339 341 1410 qui
353 1339 420 1395 novi
433 1338 502 1410 quid
514 1335 728 1402 adinvenerunt,
741 1343 821 1392 extra
832 1353 863 1392 se
880 1335 1066 1393 delectatione
1078 1337 1150 1412 rapti
1162 1336 1284 1412 plerum·

198 1455 254 1509 que
268 1437 323 1493 visi
335 1444 409 1493 sunt.

239 1539 288 1594 bl.
309 1533 344 1592 Id
362 1535 477 1593 interest
496 1533 667 1592 discriminis
686 1532 759 1589 inter
777 1531 991 1590 delectationem
1010 1551 1073 1605 que
1092 1547 1131 1590 ex
1155 1531 1286 1591 sensibus

201 1631 340 1688 derivatur
360 1643 388 1688 et
406 1652 469 1690 eam
489 1651 552 1704 quae
572 1639 668 1689 mente
689 1631 851 1707 percipitur,
865 1632 902 1688 ob
924 1631 1049 1688 coelestia
1061 1631 1161 1704 quibus
1174 1639 1287 1690 ornatur

202 1730 299 1786 anima
311 1728 395 1795 dona,
409 1730 484 1800 quod
495 1730 543 1786 illa
554 1731 642 1806 pariat
653 1728 806 1796 fastidium,
827 1729 888 1787 haec
910 1730 1033 1787 animam
1045 1728 1140 1788 divina
1151 1731 1216 1788 beet
1227 1727 1286 1787 dul·

202 1827 312 1884 cedine.

242 1930 292 1983 68.
313 1925 442 1984 Fuerunt
454 1926 606 1984 severiores
620 1925 735 1998 quidam
744 1925 910 2002 philosophi
924 1925 971 1996 qui
985 1942 1099 1982 omnem
1112 1943 1144 1982 se
1156 1943 1289 2002 respuere

203 2024 417 2082 delectationem
432 2025 582 2100 jactabant,
603 2024 664 2092 sed,
690 2034 722 2082 ut
741 2023 773 2080 S.
797 2025 926 2082 Thomas
959 2022 1035 2091 dicit,
1053 2023 1126 2082 male
1152 2025 1181 2082 in
1206 2041 1241 2082 ea
1258 2041 1289 2082 re

201 2123 294 2180 virtuti
317 2123 534 2181 consuluerunt:
564 2131 658 2180 “oum
678 2124 754 2181 enirn
774 2125 869 2182 nullus
892 2123 982 2198 possit
1002 2124 1097 2180 vivere
1116 2124 1178 2183 sine
1197 2123 1290 2197 aliqua

201 2221 329 2280 sensibili
341 2230 369 2278 et
381 2222 520 2296 corporali
542 2221 737 2289 delectatione,
751 2224 776 2279 si
795 2223 836 2280 illi
858 2223 907 2294 qui
927 2220 1030 2278 docent
1049 2239 1149 2279 omnes
1171 2217 1290 2279 delecta·

202 2322 291 2378 tiones
313 2339 377 2378 esse
398 2321 497 2388 malas,
519 2320 764 2395 deprehendantur
784 2322 891 2394 aliquas
914 2319 1112 2378 delectationes
1135 2321 1289 2398 suscipere,

203 2419 292 2494 magis
312 2419 445 2477 homines
465 2419 501 2476 ad
519 2419 720 2478 delectationes
740 2433 821 2478 erunt
840 2420 991 2496 proclives,
1011 2419 1145 2496 exemplo
1161 2435 1291 2496 operum,

203 2518 352 2574 verborum
366 2516 493 2576 doctrina
505 2511 744 2594 praetermissa.'’²
783 2519 838 2576 Est
847 2519 932 2594 igitur
941 2517 1089 2576 delectatio
1097 2519 1224 2586 innoxia,
1233 2517 1291 2574 imo

205 2624 234 2672 et
245 2614 328 2683 bona,
343 2633 406 2686 quae
419 2617 519 2674 rationi
532 2617 690 2685 conveniat,
705 2626 733 2674 et
744 2617 855 2675 homini
863 2616 896 2673 ad
910 2618 1042 2674 virtutum
1055 2617 1221 2674 exercitium
1235 2615 1292 2672 ani·

205 2729 271 2770 mos
292 2713 439 2788 adjiciant:
459 2714 510 2770 sed
529 2715 653 2790 pessima
674 2724 718 2772 est
737 2734 846 2782 eorum,
867 2716 946 2785 “qui
963 2715 1090 2770 letantur
1102 2733 1168 2770 cum
1180 2712 1293 2770 malefe-

206 2809 308 2878 cerint,
323 2818 351 2866 et
364 2809 488 2867 exultant
499 2811 529 2868 in
540 2815 621 2870 rebus
635 2805 817 2890 pessimis.”³
857 2812 916 2869 Pro
928 2811 1029 2887 majori
1041 2811 1190 2868 voluntatis
1203 2808 1295 2867 delec-

206 2909 310 2966 tatione
325 2927 382 2981 qua
395 2908 524 2966 virtutem
537 2913 725 2986 amplectitur,
734 2911 875 2984 acceptior
887 2919 930 2966 est
943 2908 1023 2976 Deo;
1038 2909 1089 2966 sed
1102 2927 1164 2982 quae
1178 2910 1295 2967 sentitur

207 3002 334 3082 voluptas
355 2993 414 3064 non
433 3016 476 3064 est
497 3025 597 3066 norma
614 3007 776 3084 judicandi:
798 3009 901 3083 saepius
921 3008 998 3066 enim
1017 3009 1112 3067 annno
1131 3008 1218 3066 veluti
1229 3009 1296 3066 latet

208 3105 400 3164 delectationis
413 3106 467 3163 vis.

248 3207 296 3262 69.
318 3204 410 3262 Dolor
422 3213 516 3266 motus
530 3213 574 3260 est
586 3205 674 3262 enirm
693 3223 730 3262 ex
750 3205 825 3263 malo
846 3206 994 3280 prasenti:
1017 3205 1117 3262 “sicut
1129 3205 1164 3262 ad
1177 3205 1296 3262 delecta·

209 3303 313 3360 tionem
327 3302 385 3362 duo
398 3303 588 3374 requiruntur,
603 3303 710 3360 scilicet
722 3304 883 3380 conjunctio
903 3304 979 3371 boni,
994 3313 1022 3360 et
1043 3304 1186 3380 perceptio
1199 3303 1297 3380 hujus·

209 3400 287 3458 modi
300 3401 525 3476 conjunctionis;
546 3403 585 3459 ita
603 3402 689 3459 etiarn
709 3401 745 3458 ad
764 3402 889 3460 dolorem
912 3401 968 3459 duo
986 3401 1173 3478 ¹requiruntur,
1191 3401 1299 3457 scilicet

211 3499 372 3574 conjunctio
394 3499 512 3575 alicujus
534 3501 612 3568 mali,
634 3499 711 3572 quod
730 3519 764 3556 ea
782 3500 888 3555 ratione
914 3507 958 3554 est
981 3499 1097 3562 malum,
1118 3498 1185 3567 quia
1209 3497 1300 3571 privat

212 3595 328 3666 aliquod
345 3597 461 3664 bonum,
482 3606 510 3654 et
527 3599 672 3674 perceptio
692 3594 856 3673 hujusmodi
875 3589 1132 3672 conjunctionis.’'⁴
1171 3593 1300 3652 Tristitia

213 3678 315 3756 arctim
341 3696 458 3752 sumitur
482 3715 535 3770 pro
561 3697 649 3756 animi
671 3713 756 3753 sensu
778 3695 878 3752 intimo
903 3713 940 3752 ex
964 3713 995 3750 re
1020 3695 1128 3771 ingrata
1152 3702 1298 3770 concepto.

213 3791 335 3857 Quando
355 3793 464 3850 tristitia
485 3795 638 3850 rationibus
662 3793 916 3869 supernaturalibus
935 3793 1039 3861 nititur,
1060 3802 1088 3850 et
1106 3795 1178 3850 intra
1195 3792 1300 3849 limites

212 3890 348 3958 comistit,
363 3891 490 3947 animum
503 3901 583 3966 parat
590 3891 692 3948 laetitiae
704 3912 712 3948 :
727 3899 747 3927 ‘⁶
759 3911 820 3963 quae
832 3891 907 3948 euim
918 3891 1074 3948 seeundum
1087 3890 1183 3946 Deum
1193 3887 1302 3944 tristitia

213 3996 263 4055 est,
277 3989 472 4064 poenitentiam
486 3989 516 4046 in
525 3989 645 4047 salutem
659 3989 786 4047 stabilem
800 3981 977 4066 operatur.”⁵
1003 3986 1113 4044 “Beati
1125 3984 1175 4058 qui
1186 3985 1300 4062 lugent:
1357 4003 1363 4013 ’

247 4218 291 4284 (l)
305 4219 332 4266 S.
342 4215 434 4269 'l'lrom
447 4220 470 4281 1,
481 4225 505 4272 2.
516 4238 558 4286 qu.
568 4222 647 4272 xxxii.
659 4230 702 4272 art.
713 4238 738 4272 v.
771 4222 847 4287 Resp.

247 4303 290 4370 (2)
310 4304 410 4354 Ibidem.
427 4307 615 4370 qu.11siv.art.
628 4307 643 4355 i.
678 4309 753 4372 Resp.
970 4306 1013 4371 (3)
1032 4305 1140 4355 Ρ101.11
1155 4307 1194 4356 14.

248 4387 290 4454 (4)
310 4387 337 4436 S.
350 4387 443 4440 Thom.
456 4392 477 4440 1.
489 4394 513 4439 2.
526 4408 568 4456 qn·
579 4407 656 4442 xxxv.
669 4399 711 4442 art
724 4392 740 4442 i.
775 4390 850 4458 Rem.
969 4390 1010 4454 (5)
1029 4388 1115 4440 2011.
1126 4388 1168 4438 111.
1180 4389 1219 4437 1⁰.
