3046 5262
744 1249 887 1309 CAPUT
908 1249 948 1308 11.

599 1469 638 1508 DE
659 1465 858 1507 Pncct‘rotwtt
879 1463 1105 1504 nts‘rtrtcrtotttt.

630 1683 683 1758 §L
725 1683 773 1740 Dn
795 1701 898 1740 srncrr:
920 1699 1056 1739 orvsrtst.

340 1865 388 1921 11.
411 1863 598 1920 Senoutruor
612 1859 743 1920 doctores
756 1869 886 1933 querunt
898 1859 973 1918 unde
993 1868 1174 1935 peccatorum
1188 1861 1287 1936 species
1297 1875 1363 1933 repe·

300 1959 391 2020 tende
412 1961 487 2020 sint:
509 1978 628 2034 quorum
648 1961 734 2032 aliqui
756 1979 820 2018 cum
842 1959 874 2016 S.
890 1959 1006 2017 Thema
1025 1960 1166 2032 Aquinate
1185 1978 1218 2017 ea
1229 1977 1262 2017 ex
1273 1957 1365 2032 objecto

297 2057 495 2136 distinguenda
502 2057 628 2116 tradunt:
644 2067 744 2117 “acurs
753 2059 901 2116 voluntarii
909 2057 1117 2134 distinguuntur
1127 2059 1222 2134 specie
1230 2054 1363 2115 secundum

296 2157 414 2233 objecta,
437 2155 511 2215 unde
525 2158 651 2229 sequitur
665 2158 741 2230 quod
755 2165 871 2233 peccata
883 2157 998 2232 proprie
1013 2155 1219 2233 distinguantur
1230 2158 1314 2234 specie
1330 2171 1365 2210 se

296 2254 420 2314 cundum
443 2249 598 2332 objecta.”¹
640 2255 715 2315 Hssc
736 2256 771 2314 de
789 2257 900 2333 objecto
918 2254 1028 2323 morali,
1043 2255 1136 2332 potius
1151 2274 1235 2329 quam
1247 2254 1359 2332 physico,

295 2353 478 2428 intelligenda
490 2363 556 2411 sunt
606 2353 664 2412 Alii
677 2354 886 2412 distinctionem
901 2353 1063 2430 specificam
1075 2363 1205 2430 repetunt
1218 2373 1252 2413 ex
1265 2353 1360 2430 opposi-

296 2449 371 2507 tione
385 2459 464 2508 actus
477 2449 572 2508 virtuti
585 2449 717 2520 diversa,
737 2453 783 2510 vel
803 2451 896 2510 eidem
918 2453 1023 2520 virtuti,
1044 2454 1192 2522 contrario,
1213 2454 1257 2512 vel
1274 2452 1366 2510 diverso

296 2546 400 2616 modo;
422 2548 467 2607 vel
481 2547 609 2626 ejusdem
622 2549 730 2608 virtutis
744 2551 880 2609 exercitio
894 2549 1006 2609 diversa
1018 2551 1135 2610 rationo.
1178 2552 1227 2610 Sic
1240 2549 1366 2610 infidelitas

297 2643 393 2706 differt
406 2647 441 2705 ab
453 2648 529 2716 odio,
544 2648 679 2722 quiahoc
700 2650 837 2718 charitati,
852 2650 910 2707 illa‘
921 2649 989 2708 fidei
1009 2650 1189 2709 adversatur:
1211 2649 1368 2727 prodigalitas

297 2755 325 2804 ct
337 2749 465 2824 penuria,
474 2767 542 2830 ,quae
556 2750 695 2807 contrario
709 2749 796 2810 modo
814 2749 970 2808 liberalitati
990 2759 1159 2826 repugnant,
1179 2751 1273 2827 specie
1291 2747 1368 2806 differ·

295 2855 363 2902 unt:
384 2845 489 2904 furtum
502 2855 529 2904 et
541 2847 682 2906 calumnia
695 2847 808 2907 diverso
821 2846 907 2907 modo
916 2848 1034 2925 justitio
1048 2857 1240 2925 opponuntur.
1278 2847 1328 2906 Alii
1342 2843 1369 2902 ad
1472 2869 1473 2910 t

295 2943 374 3016 leges
388 2961 440 3000 seu
453 2953 604 3020 praecepta,
616 2963 678 3016 quae
693 2945 918 3004 diversaratione
932 2947 1066 3014 nituntur,
1075 2947 1200 3006 referunt
1212 2957 1368 3023 peccatorum
1472 2975 1473 3000 i

295 3037 433 3114 speciem.
476 3039 526 3096 Sic
545 3040 713 3100 clericorum
735 3045 882 3119 percussio
904 3045 1025 3104 violenta
1044 3043 1101 3122 legi
1122 3047 1241 3104 naturali
1261 3043 1368 3104 eteccle·
1472 3113 1473 3118 ἵ

295 3137 416 3195 siasticre
424 3146 570 3214 repugnat:
582 3147 610 3194 et
617 3137 692 3207 ideo,
701 3151 802 3216 prater
812 3143 989 3218 injustitiam,
998 3144 1139 3222 sacrilegii
1149 3144 1241 3202 induit
1247 3144 1370 3205 mattam,

294 3233 372 3308 quod
385 3234 433 3293 lex
446 3236 574 3294 ecclesiae
588 3255 651 3296 eam
665 3248 740 3298 vetet
752 3242 789 3300 ob
806 3242 993 3300 reverentiam
1004 3261 1084 3302 sacro
1097 3243 1190 3303 ordini
1203 3243 1327 3302 debitam.
1348 3239 1368 3296 E

295 3345 402 3402 eontra,
412 3335 528 3394 violatio
537 3337 642 3413 jejunii
652 3324 766 3397 sabbato
777 3350 896 3412 quatuor
906 3350 1065 3416 temporum
1079 3343 1109 3400 in
1122 3342 1200 3416 quod
1213 3343 1305 3420 vigilia
1315 3339 1370 3398 inci·

295 3432 377 3500 derit,
398 3435 515 3492 unicum
537 3444 581 3492 est
602 3446 759 3512 peccatum,
787 3440 854 3512 quia
876 3449 1026 3512 utrumque
1049 3441 1189 3502 Ecclesiae
1215 3449 1370 3518 preceptum

294 3531 396 3590 cadem
418 3534 515 3591 nititur
535 3534 653 3603 ratione,
675 3555 777 3614 nempe
800 3546 832 3596 ut
844 3537 976 3596 homines
989 3541 1161 3614 poenitontioe
1174 3543 1305 3618 operibus
1317 3555 1370 3616 pec·

294 3639 355 3687 cata
368 3632 495 3706 expient,
510 3642 539 3688 et
551 3633 659 3691 animas
673 3633 738 3692 Deo
750 3645 851 3711 parent
863 3635 1064 3696 habitaculum.

576 3838 591 3913 §
614 3838 653 3897 11.
675 3840 722 3898 Dc
744 3860 869 3902 Numano
888 3863 1097 3904 rnocnronurr.

1286 3939 1297 3970 d

337 4000 383 4056 12.
405 3998 440 4058 ln
456 4016 575 4062 numero
598 4014 779 4081 peccatorum
799 4006 999 4084 distinguendo
1018 4028 1052 4067 ea
1074 4027 1136 4083 quae
1158 4020 1239 4069 extra
1261 4011 1370 4068 animum

293 4111 350 4150 non
364 4097 506 4169 prodeunt
520 4103 554 4159 ab
567 4104 629 4162 aliis
643 4123 706 4178 quoe
717 4107 840 4165 exterius
854 4117 1095 4176 consummantur,
1109 4107 1296 4168 discernenda
1308 4116 1369 4165 sunt

293 4189 415 4248 Peccata
428 4213 491 4266 quae
505 4198 639 4260 dicuntur
651 4203 755 4273 cordis,
775 4225 837 4280 quae
852 4205 960 4264 scilicet
979 4207 1050 4264 intra
1071 4208 1200 4268 animum
1218 4207 1369 4268 consistunt

584 4385 627 4448 (¹)
648 4386 674 4434 S·
687 4387 798 4438 Thomas
812 4394 833 4438 1.
846 4394 871 4441 2.
882 4407 924 4456 qu.
936 4391 1005 4442 lxxii.
1017 4401 1059 4443 art.
1072 4391 1089 4442 i.
