3078 5258
256 441 311 498 tes
568 435 626 503 DE
646 435 775 500 MISSA.
792 431 1023 496 AUDIENDA.

255 603 324 664 undi
338 603 393 661 sibi
412 601 607 661 servantibus:
628 609 761 663 aetenum
780 617 879 658 curare
898 597 1004 658 debent
1023 606 1056 656 ut
1075 596 1226 668 aliquando
1245 599 1348 661 saltem

257 723 321 764 eam
335 699 458 770 audiant,
473 720 509 760 ne
523 717 623 757 sensus
637 699 748 774 pietatis
762 699 880 756 omnino
893 706 1053 765 evanescat,
1067 697 1133 754 etsi
1153 697 1253 756 Missa
1266 699 1346 756 audi-

225 801 229 810 '
256 801 335 860 ende
358 801 442 876 copia
462 800 503 858 eis
526 798 640 877 penitus
667 797 830 873 denegetur,
855 797 1066 874 quamprimum
1086 795 1172 856 alium
1188 796 1344 856 dominum

256 917 380 974 querere
394 907 513 974 oportet.
555 897 663 954 Matres
677 914 740 968 que
753 895 897 972 parvulos,
917 895 979 952 sine
999 893 1136 971 periculo,
1150 895 1196 952 vel
1209 897 1282 963 vitae,
1297 896 1345 954 vel

256 1017 380 1066 morum,
395 997 475 1056 domi
496 995 654 1070 relinquere
675 1004 829 1066 nequeunt,
852 1011 959 1066 eosque
980 992 1017 1050 ad
1039 992 1191 1052 ecclesiam
1208 993 1343 1054 adductos

257 1097 494 1173 perturbationem
508 1095 661 1154 astantibus
675 1093 796 1152 facturos
818 1093 927 1161 timent,
940 1100 1122 1158 excusantur,
1136 1092 1162 1148 si
1174 1092 1252 1152 domi
1264 1112 1343 1152 man·

257 1197 354 1255 serint.

301 1298 348 1352 ts.
371 1292 474 1351 Gravis
493 1291 612 1351 aliorum
633 1289 755 1349 offensio
775 1309 813 1348 ex
835 1290 928 1348 Missa
950 1288 1045 1347 audita
1066 1289 1171 1346 oritura
1192 1298 1282 1367 potest
1294 1290 1345 1347 ali·

259 1392 372 1464 quarrdo
386 1391 574 1453 excusationis
587 1390 683 1448 locum
696 1390 837 1448 obtinere:
861 1397 975 1464 prestat
994 1388 1072 1446 enirn
1091 1406 1163 1463 opus
1176 1388 1280 1446 bonum
1293 1389 1344 1446 ali·

259 1490 373 1564 quando
399 1490 537 1557 omittere,
563 1507 648 1562 quam
674 1488 746 1556 aliis,
773 1489 852 1564 gravi
877 1487 962 1544 etiam
988 1506 1053 1546 curn
1080 1486 1125 1542 sui
1150 1486 1343 1554 incommodo,

260 1589 384 1665 praebere
398 1587 534 1662 peccandi
547 1585 738 1645 occasionem.
780 1585 830 1642 Sic
843 1594 992 1644 excusatur
1004 1603 1086 1652 uxor,
1098 1603 1161 1656 qnae
1179 1604 1216 1643 ex
1229 1604 1346 1644 accessu

258 1685 294 1744 ad
307 1685 456 1744 ecclesiam
470 1684 597 1762 zelotypi
610 1686 703 1744 mariti
716 1683 900 1742 vehementes
910 1685 1088 1759 suspiciones
1099 1683 1194 1742 timet:
1216 1693 1244 1740 et
1256 1684 1346 1742 samu·

258 1785 313 1853 lus,
328 1785 379 1858 qni
391 1782 613 1860 indignationem
626 1784 743 1842 nimiam
757 1782 865 1841 domini
879 1790 997 1851 veretur,
1012 1782 1170 1859 presertim
1183 1785 1208 1840 si
1221 1783 1346 1844 ministe-

259 1884 334 1944 rium
347 1883 394 1944 cui
407 1882 485 1940 dorni
497 1901 595 1941 vacare
609 1883 700 1949 debet,
714 1884 751 1940 sit
764 1880 972 1953 quodammodo
985 1881 1188 1938 necessarium.

302 1987 349 2041 19.
371 1983 442 2050 Quae
456 1980 586 2040 distantia
599 1983 633 2038 ab
645 1981 766 2039 ecclesia
778 1989 1070 2056 excusetapraecepto
1086 1979 1186 2037 Missae
1200 1978 1346 2037 audiendae

258 2081 400 2138 servando
414 2087 489 2139 certa
501 2079 595 2152 aliqua
607 2097 707 2136 norma
725 2080 808 2137 statui
821 2097 879 2137 non
892 2087 994 2154 potest.
1037 2079 1183 2146 Personae,
1199 2079 1344 2154 temporis,

260 2177 447 2251 locorumque
471 2175 602 2252 adjuncta
631 2187 698 2234 sunt
723 2177 899 2236 attendenda.
941 2177 1091 2246 Femina,
1115 2178 1219 2248 aliique
1242 2177 1347 2235 valetu-

260 2278 333 2338 dinis
346 2276 422 2335 haud
435 2275 534 2344 firma,
547 2276 657 2334 facilius
671 2277 778 2334 caeteris
792 2285 979 2334 excusantur:
1002 2277 1052 2334 sed
1062 2276 1189 2352 plerique
1200 2276 1249 2348 qui
1258 2277 1346 2335 tribus

258 2376 383 2434 millibus
397 2393 533 2449 passuum
547 2376 581 2432 ab
594 2375 727 2433 Ecclesia
739 2374 852 2443 distant,
866 2376 995 2432 excusati
1008 2375 1154 2442 habentur,
1170 2375 1196 2431 si
1207 2375 1260 2432 iter
1267 2373 1345 2450 pedi·

259 2475 312 2532 bus
326 2475 363 2531 sit
374 2471 546 2530 faciendum.
588 2473 646 2540 Qui
659 2491 733 2545 equo
746 2475 792 2532 vel
805 2492 888 2532 curru
903 2475 1042 2530 vehuntur
1051 2472 1127 2531 haud
1135 2491 1249 2549 semper
1261 2491 1346 2530 exeu-

260 2582 355 2632 santur
365 2573 418 2630 etsi
428 2570 701 2630 decemmilliaribus
709 2571 831 2630 distent:
853 2573 988 2630 iterenim
998 2571 1164 2649 hujusmodi
1171 2573 1347 2649 negotiorum

259 2690 376 2732 suorum
389 2689 476 2729 cansa
487 2671 613 2744 quotidie
622 2671 679 2728 fere
687 2671 856 2731 conficiunt:
878 2670 929 2728 sed
939 2672 1108 2747 plerumque
1117 2689 1169 2728 sex
1178 2679 1226 2728 ant
1238 2679 1347 2746 septem

259 2773 391 2831 milliaria
404 2772 577 2830 excusationi
586 2780 651 2829 snnt
663 2770 799 2837 foeminis,
811 2771 915 2846 pneris,
929 2770 975 2828 vel
986 2771 1048 2828 aliis
1056 2770 1105 2842 qui
1117 2769 1239 2846 longiori
1253 2769 1347 2827 itineri

259 2888 318 2928 non
327 2878 518 2927 assueverunt.
561 2869 619 2933 Qni
628 2887 690 2926 rure
705 2867 811 2944 degunt
820 2883 848 2925 et
860 2868 1011 2926 sacerdotis
1021 2869 1104 2944 copia
1111 2869 1201 2926 semel
1211 2869 1347 2926 inmense

258 2965 395 3032 fmuntur‚
410 2967 439 3022 in
452 2963 573 3022 ecclesia
586 2983 648 3036 qnae
662 2965 697 3024 iis
712 2967 749 3024 sit
760 2967 848 3022 instar
861 2968 1040 3042 parochialis,
1050 2985 1107 3026 non
1117 2966 1249 3025 videntur
1258 2968 1346 3024 teneri

259 3063 295 3121 ad
308 3065 360 3119 iter
373 3061 428 3120 alio
441 3059 602 3120 faciendum
615 3062 645 3122 in
658 3060 757 3132 diebus
771 3063 852 3120 festis
866 3065 911 3121 vel
931 3066 1081 3124 dominicis
1094 3067 1125 3123 in
1139 3067 1244 3138 quibus
1258 3066 1344 3122 abest.

260 3160 370 3220 Omnes
384 3167 479 3220 autem
494 3159 543 3230 qui
557 3161 694 3218 remotius
708 3161 742 3219 ab
755 3162 882 3220 ecclesiis
895 3164 1031 3232 habitant,
1046 3163 1150 3222 debent
1162 3165 1264 3222 saltem
1276 3183 1346 3222 non·

258 3277 404 3332 nunqnam
417 3259 447 3316 in
461 3276 546 3324 anno,
561 3258 606 3315 vel
620 3259 724 3334 saepius
738 3261 900 3336 pervitam,
914 3263 1065 3320 ecclesiam
1080 3262 1203 3334 aliquam
1218 3263 1303 3330 adire,
1316 3271 1347 3318 ut

259 3358 398 3420 sacrificio
418 3357 514 3418 Deum
536 3357 648 3416 colant:
670 3366 698 3414 et
710 3359 823 3418 interim
836 3360 948 3435 pietatis
968 3361 1111 3420 exercitiis
1125 3362 1184 3420 suis
1198 3362 1228 3420 in
1242 3361 1344 3420 aedibus

257 3475 366 3520 vacare.

297 3562 346 3618 20.
369 3555 555 3616 Consuetudo
569 3557 670 3616 alicubi
683 3557 766 3615 habet
778 3568 809 3616 nt
820 3557 912 3616 viduae
926 3560 1099 3632 aliquamdiu
1113 3569 1241 3637 tempore
1255 3561 1342 3618 luctus

257 3675 309 3734 per
318 3662 382 3711 octo
390 3655 461 3721 dics,
471 3665 499 3711 et
508 3657 641 3712 mulieres
652 3666 718 3731 post
727 3666 836 3732 partum
846 3677 897 3733 per
907 3677 960 3716 sex
968 3658 1158 3718 hebdomadas
1167 3677 1225 3717 non
1234 3667 1341 3717 exeant.

257 3752 398 3822 Quamvis
412 3750 577 3809 damnandae
591 3771 649 3810 non
661 3757 719 3812 sint
738 3773 800 3826 qnae
820 3775 883 3814 earn
903 3767 1059 3830 sequnntur
1078 3759 1127 3815 ubi
1146 3759 1233 3835 viget,
1248 3775 1343 3816 caven-

257 3854 323 3914 dnm
339 3861 433 3910 tamen
445 3869 482 3909 ne
496 3859 607 3925 tempus
621 3853 808 3926 protrahatur.
850 3854 957 3914 Puellae
978 3875 1041 3928 quae
1060 3857 1162 3914 rubore
1182 3875 1218 3914 ne
1239 3856 1343 3914 suffun-

256 3953 356 4012 dantur
369 3951 438 4010 durn
451 3950 686 4028 proclamationes
700 3952 872 4010 matrimonii
885 3954 915 4011 in
927 3955 1048 4012 ecclesia
1060 3955 1197 4023 fiunt‚ubi
1209 3955 1257 4012 ille
1270 3957 1345 4030 viget

256 4068 329 4116 mos,
344 4049 455 4118 absunt,
470 4047 544 4108 haud
557 4049 639 4107 facile
653 4059 838 4108 excusantur:
860 4053 910 4110 vix
930 4054 1007 4112 enim
1027 4054 1112 4111 rubor
1131 4053 1178 4110 ille
1199 4055 1292 4130 gravis
1305 4053 1344 4110 in·

255 4146 398 4204 commodi
412 4165 517 4206 nornen
530 4158 661 4207 meretur.
704 4149 860 4227 Disputant
879 4149 1006 4228 theologi
1025 4161 1119 4209 unum
1140 4152 1236 4227 puella
1249 4149 1345 4208 debeat

255 4245 383 4304 omittere
404 4244 533 4310 Sacrum,
547 4263 584 4302 ne
594 4247 704 4322 juveni,
719 4267 735 4304 a
748 4268 805 4322 quo
818 4251 898 4308 novit
910 4268 941 4308 se
955 4249 1063 4327 perdite
1075 4258 1210 4318 amamm,
1225 4250 1344 4325 prebeat
