3046 5262
264 549 322 604 ³18
488 544 544 604 DE
565 541 775 604 PECCA'I'IS
797 542 1085 604 CAPITALIBUS.

268 713 333 780 reis,
354 730 418 770 reus
438 721 491 781 est,
512 711 566 770 etsi
584 713 648 788 ipse
661 712 848 788 pollutionem
861 729 919 768 non
936 710 1096 770 intenderit.
1139 711 1189 768 Sic
1209 711 1297 769 etiam
1311 712 1359 784 qui

269 829 333 868 cum
360 813 455 887 puella
475 813 581 870 versari
602 823 631 870 ct
649 811 774 884 colloqui
794 810 886 886 pergit
914 809 1029 878 diutius,
1050 811 1157 882 absque
1177 811 1358 878 necessitate,

266 908 424 985 previdens
438 911 625 988 pollutionem
638 922 809 978 secuturam,
820 908 1000 967 excusandus
1014 927 1071 968 non
1085 917 1137 968 est.

305 1013 354 1067 92.
375 1009 425 1067 Ex
445 1028 530 1068 causa
543 1021 636 1069 antem
656 1011 826 1076 necessarie,
842 1009 886 1065 vel
904 1007 978 1074 utili,
992 1010 1038 1067 uel
1051 1007 1232 1067 conuenienti
1253 1009 1355 1065 animae

267 1117 313 1166 aut
332 1110 456 1186 corpori,
477 1110 502 1167 ri
521 1109 641 1186 pollutio
661 1117 832 1184 proventura
851 1106 1047 1182 praevideatur,
1068 1126 1156 1180 quam
1175 1107 1240 1178 quis
1261 1117 1356 1164 tamen

266 1208 362 1266 auimo
381 1219 534 1276 aversatur,
555 1208 633 1266 nulla
660 1216 704 1264 est
731 1207 824 1282 culpa,
845 1206 902 1264 nisi
923 1205 997 1264 adsit
1013 1223 1172 1264 consensus
1187 1205 1355 1281 periculum.

268 1313 288 1340 ‘⁶
299 1305 377 1364 Hinc
395 1308 483 1366 edam
503 1307 624 1383 praevisa
643 1306 800 1382 pollutione
820 1305 1019 1374 involuntaria,
1039 1299 1143 1363 licct'l.
1165 1303 1316 1371 Parochis,
1330 1312 1357 1360 et

266 1406 352 1464 etiam
365 1405 427 1464 aliis
440 1406 632 1474 consessurus,
647 1405 743 1464 audire
753 1404 948 1464 confessiones
958 1405 1121 1471 mulierum,
1135 1423 1167 1471 ae
1180 1405 1275 1479 legere
1290 1413 1357 1460 trac·

268 1511 340 1564 tatus
353 1506 388 1562 de
402 1507 485 1564 rebus
500 1505 645 1580 turpibust
665 1505 805 1582 chirurgis
817 1504 947 1580 aspicere
961 1523 994 1562 ac
1007 1513 1121 1580 tangere
1135 1511 1228 1580 partes
1242 1500 1357 1560 seminar

267 1607 438 1678 agrotantis,
460 1623 492 1662 ac
512 1604 624 1662 studere
643 1605 726 1662 rebus
753 1603 891 1687 medicis:
920 1603 988 1661 licet
1014 1621 1127 1676 quoque
1154 1602 1218 1660 aliis
1238 1600 1356 1674 alloqui,

267 1701 398 1770 osculari,
422 1713 469 1759 eut
489 1702 643 1779 amplexari
665 1702 799 1761 mulieres
826 1703 910 1780 juxta
936 1721 1044 1762 morem
1068 1701 1175 1778 patriae,
1196 1701 1307 1760 servire
1328 1701 1356 1758 in

267 1799 386 1868 balneis,
400 1811 429 1860 et
447 1796 576 1861 similia.l
616 1802 656 1860 ΙΙ.
677 1802 760 1861 Licet
778 1801 870 1869 alicui,
891 1803 941 1873 qui
955 1820 1089 1878 magnum
1103 1801 1240 1876 pruritum
1253 1801 1358 1875 patitur

267 1900 297 1958 in
320 1901 461 1970 verendis,
476 1903 556 1960 illum
570 1910 643 1960 tactu
667 1902 789 1978 abigere,
813 1901 923 1958 etiamsi
938 1901 1057 1977 pollutio
1078 1909 1223 1971 sequatur.
1265 1897 1356 1956 Caute

270 2011 363 2058 umen
377 2000 575 2060 abstinendum
589 2011 643 2069 est,
654 2002 679 2058 si
687 2001 810 2077 pruritus
824 2019 881 2058 non
894 2001 932 2057 sit
944 1999 1025 2058 valde
1038 2000 1188 2060 molestus.
1229 1997 1284 2058 111.
1309 1999 1357 2056 Sic

268 2100 353 2156 etiam
366 2099 441 2168 licet,
456 2101 542 2160 etiam
557 2103 677 2174 praevisa
696 2100 1003 2176 pollutionetequitare
1023 2117 1109 2156 causa
1121 2098 1258 2156 utilitatis.
1302 2098 1355 2155 lv,

268 2195 349 2256 Licet
359 2197 528 2258 decumbere
538 2198 696 2271 aliquositu
708 2197 742 2256 ad
752 2197 930 2260 commodius
944 2196 1167 2270 quiescendum:
1211 2196 1248 2253 V.
1269 2194 1356 2255 Cibos

267 2296 374 2353 calidos
387 2309 435 2356 aut
448 2309 531 2375 potus
545 2299 688 2357 moderate
702 2317 825 2365 sumere,
846 2307 875 2355 et
886 2299 1020 2356 honestas
1033 2297 1152 2356 choreas
1167 2287 1320 2354 ducere.’'²

306 2398 355 2450 93.
378 2396 501 2454 Pollutio
514 2415 573 2454 nou
586 2406 631 2454 cst
642 2395 773 2455 habenda
792 2398 918 2454 mortalis
927 2398 1012 2473 juxta
1030 2397 1182 2456 nonnullos
1196 2395 1355 2472 theologos,

267 2491 322 2550 nisi
335 2493 440 2552 oriatur
452 2513 489 2552 ex
503 2514 588 2554 causa
602 2514 652 2572 per
671 2514 702 2552 se
723 2495 835 2553 mortali
854 2495 884 2553 in
905 2515 1009 2572 genere
1022 2497 1151 2555 luxurie.
1192 2495 1303 2554 “Hinc
1317 2499 1357 2552 in·

270 2593 357 2652 iertur
372 2597 398 2650 l.
414 2613 472 2654 non
485 2613 549 2654 csse
561 2595 618 2652 nisi
631 2594 770 2653 venialem
784 2594 982 2671 pollutionem,
990 2615 1052 2668 quae
1066 2597 1152 2654 oritur
1165 2615 1203 2652 ex
1216 2594 1356 2667 colloquio

268 2712 326 2752 non
339 2693 470 2754 diuturno
483 2715 548 2755 cum
563 2696 667 2772 puella,
680 2695 727 2754 uel
738 2695 796 2752 levi
809 2705 935 2771 aspectu,
950 2705 997 2752 aut
1010 2696 1121 2753 curiosa
1129 2697 1252 2754 lectione
1264 2695 1355 2752 venia-

267 2793 331 2850 liter
351 2789 474 2872 turpi.'’³
521 2794 737 2872 Intelligendum
765 2807 858 2852 tamen
878 2793 964 2852 modo
984 2795 1048 2867 quis
1071 2796 1101 2852 in
1121 2797 1183 2870 ipsa
1202 2795 1355 2871 pollutione

268 2910 325 2948 non
339 2892 392 2949 sibi
402 2895 595 2969 complaceat:
616 2895 646 2953 id
658 2895 736 2952 enim
750 2893 821 2950 foret
832 2893 944 2951 lethale.
986 2892 1135 2953 Lethalcm
1145 2895 1230 2952 etiarn
1244 2893 1366 2969 culpam,

268 2987 425 3056 admittunt,
441 2993 489 3062 qui
509 3011 547 3050 ex
565 2992 678 3050 levitate
698 2993 743 3050 vel
762 2993 924 3050 curiositate
943 3012 977 3050 ea
996 2993 1103 3054 faciunt
1122 3012 1185 3067 quae
1199 2994 1354 3070 periculum

266 3086 432 3163 pollutionis
445 3089 500 3146 sibi
513 3089 612 3146 afferre
627 3108 664 3147 ex
679 3091 820 3162 frequenti
839 3101 942 3150 eventu
964 3103 1077 3152 norunt.
1120 3093 1199 3151 Hinc
1213 3093 1354 3152 nonnullis

267 3196 398 3262 aspectus
412 3187 529 3262 picturae
543 3188 683 3247 obscoenae
698 3190 791 3266 gravis
805 3190 951 3268 estculpa.

307 3289 356 3344 94.
378 3286 503 3346 Pollutio
513 3288 702 3348 involuntarie
715 3307 778 3361 quse
792 3292 930 3368 contingit
939 3310 976 3348 ex
986 3311 1073 3350 causa
1086 3292 1207 3368 graviter
1221 3292 1352 3350 illicitam

267 3387 322 3446 alio
330 3405 435 3464 genere
445 3407 530 3461 quarn
538 3388 668 3456 luxuriae,
680 3399 745 3464 puta
756 3407 792 3446 ex
803 3391 946 3456 ebrietate,
955 3409 1013 3448 nou
1023 3390 1210 3448 estmortalis.
1234 3399 1253 3426 ‘⁶
1265 3393 1353 3449 Tanto

268 3488 358 3564 magis
372 3505 430 3546 uon
443 3489 495 3546 erit
508 3488 633 3546 mortalis
653 3488 782 3565 pollutio,
797 3507 859 3560 quae
868 3469 972 3547 oritur
985 3477 1026 3546 'ex
1033 3491 1140 3548 causis
1161 3491 1317 3549 venialibus
1329 3491 1354 3546 iu

269 3586 324 3645 alio
344 3606 459 3662 genere,
479 3597 511 3646 ut
530 3606 567 3644 ex
587 3588 721 3660 equitatu,
740 3605 794 3644 esu
815 3587 982 3656 calidorum,
1004 3590 1069 3656 situ,
1091 3601 1119 3646 ct
1139 3588 1200 3646 aliis
1221 3590 1353 3648 similibus

268 3681 476 3744 actionibus.”⁴
528 3687 554 3744 A
574 3686 677 3744 veniali
697 3688 781 3746 etiam
809 3688 892 3764 culpa
919 3698 1037 3746 excusat
1056 3688 1165 3762 quevis
1186 3688 1352 3746 rationabilis

267 3805 362 3844 causa.

305 3889 355 3944 95.
377 3884 503 3944 Pollutio
525 3902 587 3956 que
611 3885 750 3961 contingit
768 3885 798 3942 iu
820 3903 921 3944 somno
940 3907 978 3944 ex
999 3906 1086 3944 causa
1108 3886 1265 3944 mortaliter
1285 3886 1353 3946 mala

266 3988 397 4059 proxime
412 3985 559 4051 influente,
573 4004 608 4041 v:
630 4003 666 4060 g:
688 4002 725 4041 cx
740 3985 835 4060 pravis
849 3987 1065 4062 cogitationibus
1084 3995 1114 4042 et
1132 3985 1282 4044 desideriis
1297 3986 1353 4060 qui·

267 4084 318 4138 bus
333 4086 397 4154 quis
412 4084 479 4142 dum
489 4103 591 4143 somno
601 4073 727 4152 sedaret,
742 4084 868 4152 indulsit,
880 4085 1044 4143 estlethalis
1055 4085 1149 4161 culpa.
1192 4085 1242 4142 Sic
1255 4085 1352 4144 lethale

265 4190 308 4236 est
321 4182 434 4251 quando
448 4184 511 4255 quis
526 4183 705 4244 delectationi
719 4193 820 4260 sponte
834 4193 901 4242 ortae
916 4186 1056 4244 consentit
1064 4186 1125 4262 jam
1140 4185 1218 4262 vigil.

299 4366 340 4430 (l)
361 4364 422 4414 Hac
435 4367 539 4430 pessime
548 4369 648 4418 detorsit
659 4370 743 4419 infelix
757 4371 833 4421 redux
845 4371 875 4420 ud
887 4373 1018 4422 hereticos.

301 4453 342 4519 (9)
363 4450 389 4499 S.
402 4449 553 4516 Alphonsus,
565 4453 581 4500 l.
593 4452 626 4500 iii.
639 4469 664 4502 n.
676 4455 734 4502 483.
891 4459 933 4524 (3)
953 4457 986 4506 lb.
999 4457 1056 4506 484.
1226 4458 1268 4522 (4)
1289 4456 1333 4533 lu
