3076 5260
332 498 389 556 DE
412 495 773 556 OBLlGthONIBUS
794 495 1085 556 CLERIOORUM.
1194 502 1251 556 333

200 668 229 719 5.
252 660 398 733 Quidquid
421 671 520 719 contra
538 663 694 718 castitatem
713 661 868 719 admittitur
887 662 921 719 ab
941 681 975 720 eo
997 663 1047 733 qui
1067 679 1179 720 sacrum
1193 681 1254 719 sus·

160 762 236 836 cepit
248 761 378 818 ordinem
390 777 481 834 grave
496 770 540 817 est
552 769 710 835 peccatum,
725 761 865 836 sacrilegii
879 758 984 817 malitia
996 760 1147 818 accedente
1161 762 1253 837 impu·

160 858 272 916 dicitiae.
315 858 439 917 Pollutio
453 858 618 925 voluntaria,
634 861 749 916 nemine
762 861 889 925 conscio,
904 859 1000 917 Deum
1017 858 1101 916 habet
1113 868 1213 916 testem
1227 868 1254 915 et

158 957 297 1031 judicem,
312 958 362 1028 qui
375 957 484 1014 crimen
497 955 650 1014 nefandum
665 957 779 1015 damnat
792 960 822 1014 in
844 976 878 1014 eo
898 958 948 1029 qui
967 958 1082 1033 indigne
1101 958 1163 1032 ejus
1184 960 1256 1033 gerit

161 1056 248 1110 vices.
292 1056 425 1110 Graviter
437 1067 536 1128 peccat
549 1056 598 1124 qui
615 1056 777 1120 iomicatur,
792 1057 910 1130 pessimi
930 1057 1057 1132 exempli
1080 1065 1108 1112 et
1128 1055 1254 1114 scandali

162 1151 267 1207 malitia
287 1151 453 1224 sacrilegam
476 1150 682 1227 impudicitiam
706 1170 829 1227 augens:
852 1155 964 1227 gravius
985 1156 1035 1225 qui
1048 1153 1253 1210 consuetudine

161 1248 262 1325 flagitii
277 1249 352 1304 illius
365 1249 461 1314 utitur,
470 1248 629 1305 concubina
641 1249 696 1306 sibi
710 1260 842 1324 sumpta:
858 1269 980 1322 quorum
994 1252 1096 1308 delicta
1105 1254 1253 1309 severiori·

161 1348 214 1403 bus
238 1347 330 1421 poenis
358 1347 444 1420 plecti
472 1347 554 1422 jubet
574 1347 727 1404 concilium
750 1346 987 1405 Tridentinum:¹
1014 1351 1182 1424 grauissime
1206 1352 1254 1421 qui

163 1444 335 1502 matrimonii
348 1445 463 1502 nomine
478 1446 609 1520 preterit
628 1445 751 1519 eulpam,
767 1446 874 1521 quippe
897 1447 947 1518 qui
967 1448 1055 1504 animi
1076 1449 1253 1522 propositum

163 1545 194 1602 iu
216 1543 324 1618 peccati
344 1543 548 1600 consuetudine
569 1553 703 1600 constans
729 1544 831 1620 prodit,
853 1554 882 1602 et
907 1563 971 1604 cum
999 1564 1101 1620 magna
1127 1545 1254 1602 fidelium

163 1642 333 1708 offensione,
348 1660 411 1712 quae
425 1660 476 1699 sua
489 1643 629 1700 voluntate
644 1645 785 1700 contraxit
797 1643 910 1701 vincula
923 1663 1054 1720 rumpere
1068 1652 1190 1701 attentat.
1222 1644 1256 1700 ld

163 1741 240 1799 haud
253 1741 535 1816 praetermittendum,
550 1758 659 1798 canone
672 1742 760 1798 vetari
774 1759 809 1798 ne
822 1741 921 1800 fideles
935 1762 951 1798 a
971 1741 1073 1800 clerico
1084 1744 1133 1814 qui
1146 1744 1255 1800 notorie

163 1840 377 1898 concubinarius
398 1849 459 1907 est,
475 1849 650 1898 sacramenta
668 1841 836 1916 percipiant,
857 1841 903 1896 vel
922 1841 1061 1898 sacrificio
1081 1841 1115 1896 ab
1135 1858 1170 1896 eo
1183 1841 1256 1897 cele·

163 1941 242 1996 brato
268 1921 414 1996 intersint:
437 1939 514 2010 quod
540 1939 719 2014 praeeipitur:
753 1948 772 1974 ‘⁶
785 1950 815 1995 ut
841 1938 977 2014 peccandi
1002 1939 1117 1996 licentia
1146 1939 1254 1996 caeteris

164 2037 312 2103 auferatur,
325 2048 353 2094 et
365 2036 531 2113 hujusmodi
545 2037 582 2094 ad
595 2037 767 2113 prenitentiae
781 2037 903 2095 fructum
917 2028 1110 2095 trahantur.”⁹

452 2266 537 2340 §lll.
578 2264 626 2322 Dc
648 2284 768 2324 orsrcro
790 2283 974 2324 uscrrunno.

206 2449 234 2501 6.
256 2445 464 2503 Recitationem
477 2443 566 2501 officii
580 2442 669 2502 divini
682 2444 814 2501 omnibus
835 2463 915 2502 sacro
936 2441 1033 2502 ordine
1053 2444 1195 2519 insignitis
1216 2444 1258 2499 in-

162 2544 246 2619 jungi
257 2552 367 2602 constat
377 2561 414 2600 ex
427 2541 632 2600 consuetudine
643 2543 747 2613 ubique
758 2557 882 2617 recepta,
894 2552 922 2598 et
931 2545 989 2600 vim
1003 2542 1074 2616 legis
1088 2535 1258 2598 obtinente.³

166 2641 253 2707 Quod
266 2651 359 2699 autem
379 2641 518 2707 nonnulli,
541 2643 570 2699 in
592 2641 748 2698 Germania
768 2641 935 2716 prasertim,
957 2640 1030 2696 hanc
1056 2639 1258 2714 obligationem

166 2739 324 2796 hodiedum
338 2740 481 2814 negligant
493 2749 521 2795 et
533 2741 712 2816 impugnent,
726 2738 896 2796 universalis
907 2737 1048 2794 Ecclesia
1062 2736 1219 2792 auctoritati
1232 2745 1260 2791 et

166 2838 366 2912 theologorum
380 2839 532 2894 consensui
541 2840 641 2909 nequit
654 2839 712 2894 vim
726 2836 884 2893 detrahere.
906 2835 1054 2891 Tenentur
1067 2851 1167 2891 omnes
1179 2851 1259 2892 sacro

166 2935 268 2994 ordine
282 2936 417 3011 insigniti,
440 2937 525 2993 etiam
548 2935 798 3000 excommunicati,
814 2935 860 2990 vel
880 2932 1033 3010 degradati,
1048 2951 1101 2990 nee
1124 2933 1202 2989 enim
1223 2949 1259 2986 ex

167 3035 285 3092 crimine
299 3043 410 3110 oportet
422 3034 604 3093 commodum
619 3044 780 3110 reportare:
796 3041 919 3090 attamen
931 3034 960 3090 in
974 3032 1151 3110 gravissimis
1165 3049 1258 3087 rerum

169 3135 315 3211 angustiis,
331 3133 473 3205 inquibus
486 3133 536 3189 vix
547 3134 657 3190 recitari
671 3134 770 3209 possit,
785 3151 822 3188 ex
842 3134 972 3203 aequitate
992 3131 1125 3206 obligatio
1140 3130 1259 3186 remissa

168 3225 305 3290 videtur.⁴
335 3233 439 3307 Incipit
452 3241 545 3290 autem
559 3232 693 3308 obligatio
707 3250 723 3287 a
735 3239 870 3304 suscepto
884 3229 1098 3293 subdiaconatu,
1113 3229 1162 3301 qui
1173 3245 1261 3298 quum

169 3333 278 3388 tertiae
296 3331 365 3388 solis
389 3341 450 3388 ortu
471 3331 550 3398 hora,
578 3331 623 3387 vel
645 3332 721 3387 circa
744 3328 892 3386 meridiem
911 3328 1001 3384 soleat
1022 3324 1153 3390 conferri,
1175 3326 1209 3380 ab
1229 3341 1262 3379 ea

168 3430 239 3488 hora
264 3430 442 3506 plerumque,
467 3429 542 3487 illius
569 3429 626 3487 diei
647 3429 773 3487 officium
787 3426 975 3512 {recitandum
1001 3426 1063 3481 erit.
1113 3425 1262 3480 Tenentur

168 3530 252 3587 etiam
273 3529 400 3604 religiosi
422 3546 523 3586 omnes
538 3528 573 3584 ad
593 3528 713 3586 chorum
733 3525 873 3591 destinati,
895 3535 955 3582 tum
978 3523 1031 3579 viri
1051 3531 1110 3578 tum
1134 3521 1258 3583 leminae,

170 3629 292 3686 solemni
314 3629 420 3684 emissa
442 3627 638 3702 professione:
669 3645 722 3685 nec
747 3625 883 3682 desinunt
901 3623 1031 3698 obligari,
1052 3621 1118 3677 licet
1140 3621 1261 3696 ejectis

171 3727 352 3793 monasterio,
363 3727 409 3783 vel
422 3727 452 3784 in
465 3745 607 3784 carcerem
621 3727 786 3783 obcrimina
799 3723 914 3781 detrusi.
935 3719 1068 3797 Impediti
1083 3734 1262 3792 quacumque

170 3826 277 3882 ratione
291 3844 327 3883 ne
342 3826 372 3882 in
386 3825 473 3883 choro
494 3825 596 3891 adsint,
611 3833 740 3881 tenentur
754 3823 789 3880 ad
803 3824 941 3899 privatam
954 3820 1148 3878 recitationem
1162 3815 1261 3879 officii,

171 3925 227 3981 nisi
250 3924 412 3991 infirmitas,
427 3924 473 3980 vel
496 3923 551 3980 alia
569 3925 647 3999 justa
669 3941 754 3980 causa
768 3916 827 3980 'eos
852 3928 979 3978 excuset.
1021 3918 1079 3983 Qui
1092 3915 1262 3972 beneficium

172 4023 352 4080 obtinuerunt
365 4021 400 4078 ad
413 4021 589 4086 recitandum
602 4021 728 4079 officium
742 4022 845 4096 pariter
858 4020 1027 4093 obligantur.

211 4127 241 4180 7.
263 4121 361 4187 Quum
383 4122 509 4179 recitatio
530 4119 617 4179 officii
640 4120 757 4179 nomine
771 4118 914 4176 Ecclesia*
927 4131 1031 4172 munus
1045 4113 1082 4169 sit
1094 4112 1187 4187 gravis
1202 4129 1266 4188 pro·

211 4320 250 4386 (l)
269 4321 328 4370 Sese
340 4337 398 4370 xxv.
410 4339 432 4371 c.
444 4322 493 4370 xiv.
505 4323 535 4371 de
546 4321 600 4369 Res.
701 4321 738 4378 (2⁸1
758 4318 796 4367 De
807 4317 912 4368 cubabit.
925 4316 980 4365 cler.
992 4323 1015 4364 et
1028 4313 1121 4363 mulier.
1132 4329 1185 4378 cap.
1198 4311 1238 4359 vii.

210 4405 249 4471 (3)
269 4406 334 4456 Vide
346 4406 439 4471 Mdyol,
452 4405 618 4470 Praeloquium
630 4405 713 4454 Decsl.
725 4419 765 4466 qu.
779 4403 804 4451 ii.
973 4401 1013 4465 (t)
1031 4397 1131 4449 Ibidem.
