3046 5262
390 1417 393 1424 .
498 1351 832 1434 TRACTATUS
870 1361 956 1434 VII.

569 1623 634 1688 DE
654 1576 882 1691 PECCATIS.

628 2094 770 2156 CAPUT
791 2095 815 2156 1.

499 2309 538 2352 DE
559 2311 758 2353 enecandum!
778 2313 942 2356 utvlstonn.

175 2517 176 2524 ¹
216 2505 242 2562 l.
265 2513 284 2541 ‘⁴
297 2501 355 2562 Uar
370 2521 429 2563 non
450 2513 494 2562 est
513 2500 594 2572 lex‚”
616 2505 708 2578 inquit
727 2491 894 2584 Apostolus,
917 2515 1003 2565 “nec
1025 2503 1268 2583 prevaricatio.''¹

174 2601 329 2660 Peccatum
342 2605 428 2680 igitur
440 2605 474 2660 ab
486 2603 640 2663 Ambrosio
653 2614 728 2662 recte
748 2605 880 2663 definitur
900 2613 919 2640 ‘⁰
931 2607 1123 2681 prevaricatio
1135 2607 1212 2683 legis·
1225 2607 1266 2666 di·

173 2695 300 2777 vinae;”²
319 2701 395 2776 apud
416 2700 617 2778 Augustinum,
640 2711 659 2739 “
669 2713 818 2780 peccatum
831 2713 875 2760 est
894 2703 1009 2768 sactum,
1024 2702 1069 2759 rol
1090 2703 1206 2770 dictum,
1221 2703 1267 2762 vel

173 2800 360 2874 concupitum
374 2799 476 2871 aliquid
489 2811 586 2859 contra
598 2802 692 2878 legem
706 2798 888 2859 eternam.’'³
920 2799 1066 2872 Equidem
1080 2809 1200 2876 peccant
1219 2789 1268 2873 qui

174 2897 285 2956 violant
297 2897 374 2975 leges
388 2897 534 2967 humanas,
549 2900 596 2958 vel
610 2919 672 2972 quae
694 2899 775 2958 Deus
795 2900 857 2976 ipse
870 2900 927 2976 legi
948 2883 1058 2956 uterne
1079 2897 1185 2956 addidit
1197 2917 1267 2976 prae·

173 3007 273 3071 cepta:
296 2996 347 3055 sed
361 2995 424 3055 ideo
443 2996 519 3069 quod
539 2999 602 3073 ipsa
620 3000 669 3057 lex
689 3008 793 3057 aeterna
808 2999 906 3076 jubeat
928 2997 1023 3056 omnia
1046 2997 1183 3056 servanda
1203 3017 1266 3070 quae

170 3093 254 3152 'Deus
264 3097 391 3172 jusserit,
405 3097 450 3154 vel
464 3115 527 3168 quae
535 3097 634 3165 homo,
649 3098 713 3155 Deo
727 3099 880 3165 sanciente,
890 3098 1072 3174 praeccpent;
1094 3105 1175 3156 “nou
1188 3099 1265 3156 enim

172 3203 216 3251 est
229 3204 353 3268 potestas
367 3195 423 3252 nisi
437 3191 579 3253 aDeo.''⁴
619 3196 749 3254 Omissio
762 3197 847 3254 etiarn
868 3196 955 3252 officii
978 3195 1097 3271 alicujus
1118 3206 1264 3271 peccatum

171 3301 225 3359 est,
241 3311 330 3365 quum
343 3293 391 3351 lex
404 3292 536 3361 violetur,
551 3296 662 3366 quoties
676 3314 713 3352 ex
728 3295 812 3370 culpa
824 3293 949 3351 hominis
963 3310 1021 3349 non
1035 3292 1177 3367 impletur.

212 3396 242 3448 2.
265 3391 419 3451 Peccatum
440 3392 593 3469 originale
615 3394 685 3452 illud
707 3377 808 3450 dicitur
828 3391 905 3465 quod
923 3391 1078 3461 unicuique
1099 3390 1211 3447 homini
1232 3392 1266 3448 ab

171 3488 235 3546 Ada
248 3489 406 3566 derivatur:
424 3491 582 3568 personale
595 3503 638 3550 est
651 3491 728 3564 quod
741 3492 805 3562 quis
819 3509 869 3548 sua
883 3491 1024 3547 voluntate
1038 3486 1167 3544 admittit.
1199 3486 1265 3546 Hoc

170 3587 299 3646 mortale
313 3598 357 3646 est
370 3589 605 3663 quandocumque
626 3591 730 3650 divinae
750 3591 807 3665 legi
828 3589 947 3666 graviter
966 3585 1138 3653 adversatur,
1159 3595 1188 3643 et
1200 3586 1265 3644 ideo

169 3697 292 3744 mortem
306 3689 389 3746 infert
401 3689 514 3756 animae,
528 3707 647 3762 eamque
658 3691 749 3765 poenis
763 3689 874 3745 aeternis
888 3686 953 3744 facit
962 3686 1134 3744 obnoxiam:
1149 3683 1265 3744 veniale

170 3795 216 3843 est
227 3785 300 3844 levis
313 3787 385 3862 legis
400 3789 596 3864 transgressio,
611 3807 674 3860 quae
687 3788 833 3845 hominem
848 3805 905 3844 non
919 3787 1032 3862 penitus
1046 3785 1146 3843 avertit
1159 3804 1175 3841 a
1188 3784 1262 3852 Deo,

171 3894 317 3957 tamquam
329 3885 430 3945 ultimo
445 3885 586 3952 fine,‘sed
607 3887 782 3959 aliquatenus
804 3886 915 3944 divertit
934 3886 968 3942 ab
988 3903 1034 3950 eo,
1056 3900 1178 3954 eumque
1199 3881 1264 3940 ideo

169 4001 263 4058 poenae
277 4002 357 4041 reum
377 3984 451 4053 facit,
472 3983 508 4042 ad
528 3991 640 4061 tempus
661 3984 828 4062 irrogandas.
869 3985 915 4040 Ab
933 3982 1093 4058 Augustino
1116 3983 1264 4039 consuevit

170 4082 269 4140 vocari
283 4082 478 4155 quotidianum
492 4093 654 4159 peecatum:
678 4093 696 4120 ‘⁶
706 4084 751 4141 Dc
763 4082 934 4156 quotidianis
948 4089 1041 4138 autem
1054 4079 1185 4136 brevibus
1194 4081 1263 4138 levi·
1297 4137 1309 4165 a

166 4181 279 4255 busque
303 4182 436 4256 peccatis,
457 4183 518 4239 sine
532 4183 635 4254 quibus
650 4183 711 4240 haec
724 4184 780 4240 vita
799 4201 858 4239 non
878 4180 996 4247 ducitur,
1018 4179 1182 4252 quotidiana
1194 4179 1263 4238 fide·

273 4368 316 4432 (l)
330 4367 401 4417 Rom.
410 4368 442 4417 iv.
457 4370 493 4422 15.
797 4369 837 4434 (2)
853 4369 935 4416 Amin.
948 4368 963 4415 l.
975 4367 1005 4416 de
1015 4366 1132 4432 paradiso,
1146 4382 1167 4416 c.
1181 4367 1229 4415 viii.

273 4452 315 4517 (3)
326 4451 355 4501 L.
367 4453 428 4503 xxii.
437 4461 523 4505 contra
532 4455 660 4512 Faustum,
668 4469 689 4504 c.
698 4452 773 4502 xxvii.
810 4457 850 4520 (4)
868 4455 937 4504 Rom.
946 4453 996 4502 xiii.
1010 4453 1030 4500 1.

727 4535 784 4588 25*
