3076 5260
300 546 357 604 ns
379 523 1091 614 oanrenuronraus‘naurorosonun.
1186 560 1245 616 asa

152 711 346 770 difficultatem
355 712 453 770 fratres
463 713 552 771 laicos
560 713 693 782 habendi,
705 715 813 776 ancillas
828 719 856 776 in
868 719 1034 778 famulatum
1044 731 1242 792 assumentum

154 820 182 866 et
195 829 283 882 quum
306 814 463 870 animarum
483 831 550 870 cura
569 813 724 890 Religiosis
744 818 941 887 committatur,
956 819 1079 877 soeminae
1099 838 1244 879 sacrorum

151 928 301 966 munerum
325 912 473 968 occasione
495 911 596 970 domus
617 915 725 988 passim
740 913 943 992 ingrediuntur.
986 916 1130 977 Caetemm
1144 929 1243 994 optan-

152 1006 218 1064 dum
233 1010 358 1067 maxime
371 1020 400 1066 et
413 1010 567 1068 curandum
581 1021 610 1068 ut
622 1011 670 1070 lex
684 1016 847 1072 executioni
861 1014 1055 1074 demandetur.

193 1110 241 1164 59.
264 1106 311 1165 Ob
325 1109 459 1166 castitatis
473 1109 629 1168 custodiam
643 1110 691 1168 lex
705 1129 768 1183 quta
788 1113 889 1171 dicitur
913 1111 1059 1172 clausurae
1074 1115 1242 1174 monialibus

151 1204 277 1263 districte
290 1203 482 1284 injungiturt¹
503 1209 642 1266 “nemini
656 1218 748 1268 autem
763 1213 1056 1283 sanctimonialium‚”
1071 1215 1163 1285 inquit
1175 1234 1242 1274 con·

152 1304 250 1362 cilium
264 1305 476 1374 Tridentinum‚
500 1315 518 1342 “
530 1307 614 1365 liceat
627 1319 693 1384 post
705 1309 912 1383 professionem
930 1312 1008 1370 exire
1029 1333 1044 1369 a
1058 1315 1241 1383 monasterio,

149 1404 235 1460 etiam
250 1402 284 1459 ad
297 1405 380 1462 breve
395 1414 517 1480 tempus,
532 1419 712 1479 quocumque
726 1419 874 1482 praetextu,
889 1411 996 1467 nisiex
1011 1411 1103 1482 aliqua
1112 1411 1238 1488 legitima

148 1520 244 1568 causa,
259 1502 292 1558 ab
309 1505 445 1579 episcopo
469 1501 698 1579 approbanda.'’²
737 1507 769 1564 S.
791 1509 862 1565 Pius
885 1508 923 1565 V.
946 1507 1156 1567 Constitutione
1177 1529 1240 1582 quae

149 1600 267 1675 incipit:
290 1599 410 1670 Decori,
434 1606 446 1658 l
470 1601 540 1660 Feb.
565 1606 652 1672 1570,
667 1623 765 1662 causas
786 1607 911 1666 exeundi
931 1618 987 1664 tres
1008 1608 1123 1683 agnovit
1135 1627 1240 1685 nempe

148 1700 243 1774 magni
256 1699 390 1768 incendii,
405 1702 501 1777 lepra,
513 1710 542 1758 et
554 1702 715 1778 epidemiae;
731 1715 759 1761 et
772 1707 910 1782 episcopi,
925 1716 954 1762 et
966 1705 1130 1781 Superioris
1144 1707 1240 1785 Regu-

148 1798 214 1855 lan's
233 1798 318 1857 simul
332 1801 426 1877 exegit
445 1801 599 1868 licentiam,
614 1801 638 1857 si
661 1805 862 1862 monasterium
876 1804 960 1862 fuerit
973 1804 1162 1880 Regularibus
1177 1807 1241 1863 sub·

143 1897 252 1972 jectum
266 1917 273 1965 ;
294 1908 323 1956 et
336 1897 463 1971 quidem,
479 1898 592 1970 quando
606 1897 640 1954 de
655 1900 815 1958 infirmitate
830 1903 929 1978 agitur,
942 1903 1094 1976 inscriptis
1108 1902 1239 1972 dandam,

148 1995 200 2052 sub
222 2014 307 2070 poena
327 1998 631 2055 excommunicationis
655 1998 718 2073 ipso
737 1997 811 2056 facto
831 2000 918 2075 Papae
938 1996 1112 2068 reservatae,³
1132 2003 1238 2059 tamin

148 2093 228 2152 aliter
240 2096 429 2170 egredientes,
441 2097 537 2154 tamin
550 2096 694 2153 licentiam
707 2098 905 2165 concedentes,
914 2098 1091 2166 comitantes,
1103 2109 1130 2156 et
1143 2118 1239 2178 recep

148 2193 279 2251 tandes.'’

186 2297 234 2350 60.
256 2292 302 2351 De
326 2294 456 2371 ingressu
479 2296 510 2352 in
533 2295 789 2353 sanctimonialium
816 2295 917 2353 domus
941 2296 1064 2354 decrevit
1087 2296 1239 2356 concilium

147 2391 364 2450 Tridentinum:
388 2401 407 2428 ‘⁴
419 2392 533 2468 Ingredi
553 2402 646 2450 autem
666 2393 737 2450 intra
757 2405 837 2470 septa
849 2396 1012 2453 monasterii
1025 2396 1134 2454 nemini
1146 2395 1240 2464 ilceat,

146 2491 350 2567 cujuscumque
364 2493 489 2568 generis,
504 2501 550 2549 aut
570 2491 749 2560 conditionis,
765 2513 862 2561 sexus,
877 2495 921 2551 vel
942 2496 1030 2552 aetatis
1050 2494 1163 2562 fuerint,
1178 2497 1240 2553 sine

145 2591 275 2667 episcopi
289 2591 334 2648 vel
347 2591 503 2666 superioris
520 2590 636 2649 lieentia
657 2590 687 2647 in
707 2593 819 2666 scriptis
833 2593 957 2660 obtenta,
972 2593 1024 2648 sub
1038 2595 1237 2650 excommuni-

145 2689 264 2748 cationis
287 2707 381 2764 poena,
403 2691 467 2765 ipso
490 2689 564 2747 facto
584 2683 804 2747 incurrenda.”⁴
845 2689 1001 2764 Gregorius
1016 2689 1101 2747 XIII.
1115 2690 1181 2746 huie
1196 2691 1238 2746 in·

144 2786 257 2844 haerens
271 2787 383 2844 decreto
396 2782 498 2845 vetuit⁵
511 2787 563 2845 sub
573 2787 671 2844 eadem
687 2805 773 2863 poena
785 2807 821 2844 ne
835 2787 898 2858 quis
909 2787 964 2844 nisi
979 2787 1008 2844 in
1018 2789 1130 2845 casibus
1139 2805 1237 2844 neees-

143 2887 238 2953 sariis,
249 2894 350 2942 etcum
362 2886 475 2944 licentia
486 2887 620 2961 praedicta
631 2888 832 2944 monasterium
847 2885 1028 2962 ingrediatur3
1043 2895 1071 2943 et
1081 2887 1132 2943 sub
1140 2885 1238 2942 eadem

144 3003 228 3060 poena
242 2983 329 3041 vetuit
343 2985 509 3043 monialibus
532 3003 568 3042 ne
589 2984 675 3041 ullam
702 3003 854 3058 personam
876 2986 955 3042 aliter
977 2984 1163 3054 admitterent,
1178 3004 1235 3045 non

180 3172 222 3236 (l)
242 3170 367 3234 Binghsm
376 3173 464 3222 latetur
475 3171 770 3240 ωιείω-ἅσκητὰς-ἰη
780 3173 891 3222 Ecclesia
899 3189 992 3236 semper
1004 3173 1087 3231 fuisse,
1098 3179 1123 3221 et
1135 3172 1239 3234 virgines
1305 3219 1316 3238 ,

143 3268 173 3302 eo
185 3254 283 3304 nomine
294 3254 423 3316 designari,
435 3255 546 3320 quamvis
558 3256 621 3306 intra
633 3267 701 3320 septa
712 3257 779 3306 haud
790 3256 912 3314 inclusam
930 3255 971 3304 sed
984 3255 1009 3304 in
1027 3271 1056 3304 eo
1068 3255 1157 3304 fallitur
1174 3257 1240 3318 quod

143 3349 227 3389 votum
239 3341 336 3390 nullum
352 3340 469 3390 castitatis
489 3343 519 3390 ab
536 3341 566 3390 iis
581 3341 698 3391 emissum
710 3340 827 3406 prioribus
838 3341 886 3390 illis
899 3339 1089 3403 seculisputet:
1106 3345 1120 3368 ‘⁴
1130 3340 1240 3388 Asceties

143 3423 210 3473 thare
227 3440 290 3473 vvere
303 3426 395 3490 always
406 3425 432 3476 in
444 3425 485 3475 the
497 3425 620 3476 Churoh.”
655 3425 813 3490 Antiquities,
825 3426 840 3474 l.
853 3425 894 3474 vii.
905 3441 927 3474 c.
939 3424 955 3473 i.
990 3423 1068 3473 “The
1079 3423 1180 3472 widows
1192 3424 1240 3472 and

143 3508 275 3570 virgineos
285 3509 326 3560 the
340 3510 447 3570 Church,
459 3509 507 3558 and
524 3512 556 3560 ali
568 3510 628 3560 such
642 3527 668 3560 as
680 3511 793 3562 confined
810 3510 956 3559 themselves
976 3518 1000 3557 to
1013 3525 1027 3557 a
1038 3507 1117 3570 single
1130 3507 1178 3566 lise,
1191 3509 1239 3572 and

144 3593 216 3643 made
228 3594 374 3644 themselves
387 3594 542 3646 eunuchssor
553 3595 594 3644 the
607 3595 724 3658 kingdom
733 3597 761 3644 ot
769 3593 894 3644 Heavcn's
906 3595 971 3653 salse,
983 3610 1046 3642 were
1058 3591 1178 3641 reckoncd
1190 3592 1241 3642 into

143 3678 183 3729 the
195 3681 298 3729 number
316 3681 345 3729 os
359 3679 492 3730 Asceties.'’
527 3680 627 3729 Ibidem.
664 3683 720 3748 lpse
738 3681 764 3730 S.
777 3679 869 3730 Paulus
882 3681 911 3730 de
924 3678 1173 3744 viduisiidemquam
1187 3678 1239 3726 Deo

140 3765 298 3826 prestiterant
309 3763 400 3813 irritam
412 3762 556 3813 iacientibus
566 3762 631 3821 dicit,
644 3779 685 3813 eas
698 3762 879 3813 damnationem
893 3763 1020 3812 incurrere.
1059 3763 1071 3810 1
1085 3760 1151 3810 Tim.
1163 3777 1185 3807 v.
1201 3763 1239 3807 12.

141 3843 206 3895 Vota
217 3845 306 3895 amima
317 3855 370 3896 tum
382 3845 478 3910 publice
490 3855 543 3896 tum
555 3845 799 3911 privatimpricribus
812 3847 907 3896 secutis
924 3847 1001 3910 liquet
1017 3861 1048 3894 er
1066 3843 1153 3892 Siricis
1171 3843 1239 3906 Papa

140 3933 184 3995 qui
195 3941 282 3996 quarto
293 3932 384 3981 seculo
401 3931 503 3983 meante
513 3931 629 3993 scribens,
643 3932 751 3996 loquitur
767 3933 797 3983 de
815 3939 830 3964 ‘¹
838 3933 930 3996 virgine
943 3928 1046 3988 velats,”
1059 3939 1083 3980 et
1094 3929 1124 3977 de
1135 3935 1150 3960 ‘⁶
1157 3929 1238 3993 puella

139 4033 193 4081 qne
206 4016 317 4066 nondum
330 4017 409 4066 velata
419 4025 464 4078 est,
476 4018 519 4067 sed
539 4029 697 4082 proposuerat
717 4016 750 4066 sic
761 4033 866 4075 manere,
877 4018 932 4066 licet
947 4016 1039 4065 nonsit
1052 4015 1078 4064 in
1092 4012 1191 4062 Christo
1200 4028 1238 4063 ve·

137 4099 210 4152 lata.'’
245 4099 293 4164 Ep.
305 4115 328 4151 1.
341 4116 393 4164 cap.
405 4100 420 4148 i.
433 4101 480 4151 col.
492 4103 550 4150 688.
564 4101 628 4166 apud
639 4101 725 4150 Coust.
737 4116 775 4164 ep.
789 4100 861 4152 Rern.
876 4097 972 4168 Pentif

176 4187 214 4251 (2)
234 4185 302 4234 Sese.
314 4201 371 4235 xxv.
384 4185 414 4234 ds
426 4185 487 4246 Reg.
500 4200 521 4235 c.
534 4201 557 4235 v.
856 4179 865 4240 J

172 4271 213 4334 (3)
235 4269 299 4318 Vide
311 4269 407 4319 Girsldi
419 4270 512 4334 Expos.
526 4271 594 4321 Iuris
611 4269 701 4319 Pontii·
710 4285 760 4336 par.
772 4267 797 4318 ii.
812 4272 825 4329 ἐ
838 4267 895 4321 clix.

152 4405 154 4410 ,
174 4355 217 4420 (t)
237 4354 303 4403 Sess.
316 4369 374 4403 xxv.
389 4369 443 4420 cap.
455 4371 477 4402 v.
491 4355 521 4404 de
534 4355 594 4418 Reg-
606 4363 630 4405 et
641 4353 742 4405 Mon-iol.

173 4440 216 4505 (5)
237 4438 345 4488 Constit.
364 4437 411 4489 Ubi
420 4437 522 4507 gratier.

662 4517 719 4574 dl*
