3078 5258
247 505 303 560 les
432 494 489 554 DE
511 491 763 554 POTESTATE
785 491 924 552 LEGES
944 491 1145 553 FERENDI.

247 664 282 722 ad
297 663 425 724 fidelium
439 657 651 720 multitudinem
665 658 695 715 in
710 657 806 715 officio
826 657 1027 716 continendum
1036 659 1196 716 necessaria
1208 657 1255 722 sit,
1269 675 1336 714 con-

245 781 325 820 cessa
338 760 437 836 procul
450 758 536 818 dubio
550 765 609 814 est:
631 766 802 832 quapropter
820 765 849 813 et
867 756 993 813 moribus
1013 755 1203 824 moderantur,
1222 756 1333 832 legibus

241 861 315 927 latis,
330 871 359 918 et
373 858 570 930 delinquentes
583 855 677 931 poenis
691 853 905 912 medicinalibus
919 855 1054 930 plectunt,
1067 864 1096 910 et
1108 853 1271 930 desperatos
1285 872 1334 912 ex·

244 971 285 1020 tra
298 959 462 1016 societatem
476 956 594 1031 pellunt.
636 953 897 1031 Spiritualelutique
910 961 939 1010 et
957 953 1071 1010 coeleste
1090 962 1134 1008 est
1146 951 1257 1010 Christi
1273 971 1334 1028 reg-

246 1077 327 1124 num,
342 1057 376 1113 ab
389 1056 510 1132 imperio
523 1047 725 1123 dominatuque
739 1052 817 1110 civili
830 1051 946 1110 omnino
960 1050 1103 1108 diversum
1115 1068 1123 1117 ;
1137 1053 1243 1127 quippe
1258 1051 1336 1121 quod

246 1167 337 1214 totum
351 1154 386 1214 ad
399 1156 555 1214 animarum
568 1151 687 1208 salutem
705 1149 853 1226 dirigatur:
875 1149 926 1208 ssd
945 1167 980 1208 ec
1000 1149 1090 1224 magis
1104 1149 1211 1226 indiget
1222 1149 1335 1225 legibus

246 1255 348 1327 quibus
374 1252 547 1312 conscientia
569 1259 690 1325 regatur,
715 1247 790 1320 quod
814 1250 894 1308 abest
919 1248 1124 1325 suppliciorum
1149 1249 1179 1306 in
1204 1247 1257 1304 hac
1279 1249 1337 1305 vita

242 1362 345 1410 metus.

566 1552 580 1624 §
595 1551 633 1610 11.
656 1550 703 1609 Ds
718 1568 821 1608 nsonn
834 1567 1008 1608 aenomaus.

288 1739 316 1791 5.
338 1732 474 1791 Pontifex
488 1731 637 1792 Romanus
650 1733 728 1809 leges
742 1733 814 1792 serre
831 1732 905 1790 valet
924 1749 986 1804 qua:
999 1733 1159 1790 universam
1173 1732 1336 1792 Ecclesiam

246 1834 403 1909 respiciant
414 1841 443 1888 et
455 1832 586 1909 obligent.
630 1831 772 1891 Novimus
790 1830 936 1908 theologos
957 1830 1094 1903 quosdam
1113 1841 1142 1888 et
1154 1832 1337 1909 jurisperitos

249 1933 356 1990 limites
370 1932 437 1990 huic
453 1932 584 2007 potestati
606 1931 770 2008 adsignare;
791 1928 841 1987 sed
861 1930 942 1986 nobis
961 1929 1053 2004 placet
1071 1949 1136 1988 cum
1155 1931 1335 2002 antiquorum

246 2032 331 2088 turba
343 2049 393 2089 eos
414 2039 522 2086 tantum
536 2048 688 2105 agnoscere
702 2029 805 2086 limites
820 2028 870 2100 qui
883 2027 978 2085 divina
989 2028 1052 2104 lege
1066 2038 1238 2088 statuuntur:
1260 2029 1338 2085 irrita

250 2130 357 2203 quippe
371 2128 443 2185 soret
452 2127 501 2183 lex
515 2145 577 2199 quoe
591 2127 657 2184 huic
672 2138 829 2203 repugnat:
849 2126 899 2183 sed
910 2126 968 2184 vim
983 2128 1108 2185 obtinere
1120 2127 1203 2184 debet
1215 2145 1288 2199 quae,
1303 2144 1337 2182 ea

250 2225 348 2292 illaesa,
363 2245 379 2282 a
391 2242 525 2302 supremo
539 2226 680 2284 Ecclesiae
693 2235 811 2293 rectore,
826 2224 935 2282 Christi
948 2227 1062 2284 nomine
1077 2226 1172 2284 fertur.
1193 2227 1222 2284 N
1224 2244 1256 2282 ec
1268 2224 1337 2281 ideo

249 2335 381 2400 putamus
394 2323 478 2380 licere
492 2325 620 2401 pontifici
633 2343 686 2382 sue
698 2325 784 2382 veluti
804 2324 934 2380 arbitratu
953 2326 1049 2382 onmia
1068 2326 1241 2400 singulorum
1256 2324 1336 2399 jura,

250 2421 296 2478 vel
315 2421 499 2479 eeclesiarum
518 2423 666 2499 privilegia
685 2433 713 2480 et
726 2421 946 2481 eonsuetudines
966 2423 1130 2481 conculcare
1147 2434 1175 2480 ct
1193 2422 1334 2480 evellere:

248 2530 376 2597 potestas
389 2521 465 2578 enim
480 2521 509 2578 in
530 2521 745 2580 aedificationem
766 2521 829 2578 data
846 2530 898 2589 est,
920 2531 949 2578 et
969 2540 1027 2581 nou
1048 2524 1077 2578 in
1097 2522 1335 2580 destructionem:

249 2638 312 2691 quae
327 2620 352 2676 si
363 2619 452 2678 lubito
466 2619 590 2692 quodam
604 2619 768 2679 dominandi
782 2619 956 2688 adhibeatur,
971 2619 1048 2693 quod
1061 2622 1147 2680 absit!
1168 2622 1217 2678 vix
1230 2620 1338 2677 obtem·

246 2729 380 2795 perantes
393 2719 506 2777 habebit
519 2713 663 2797 populos¹
706 2717 851 2792 Equidem
872 2729 981 2778 constat
998 2719 1072 2776 hanc
1084 2729 1250 2795 potestatem
1264 2736 1339 2775 sem·

247 2837 300 2894 per
313 2818 465 2876 adhibitam
480 2837 543 2876 esse
557 2838 661 2895 magne
674 2838 739 2876 cum
760 2819 962 2885 moderamine,
984 2827 1011 2874 et
1029 2819 1177 2893 pontifices
1198 2817 1340 2894 proclives

247 2933 280 2970 se
294 2916 459 2975 exhibuisse
473 2917 503 2972 in
516 2916 642 2974 fidelium
655 2917 798 2985 utilitates,
809 2927 838 2974 et
845 2919 924 2995 justa
935 2911 1102 2974 desideria.²

291 3015 320 3068 6.
343 3010 476 3069 Consilia
490 3013 689 3080 OEcumenica,
705 3033 768 3086 quae
791 3017 935 3091 episcopis
955 3035 992 3074 ex
1006 3025 1064 3073 toto
1078 3017 1145 3074 orbe
1159 3015 1340 3093 congregatis

252 3119 391 3175 constant,
406 3128 521 3168 summo
534 3110 674 3169 Pontificc
684 3114 828 3187 probante,
838 3115 931 3172 serunt
939 3114 1018 3191 leges
1028 3115 1130 3188 quibus
1141 3116 1271 3172 universa
1282 3112 1341 3172 Ec·

252 3207 341 3264 clesia
354 3209 537 3285 obstringitur
547 3201 570 3266 :³
583 3210 749 3287 hujusmodi
763 3213 840 3270 enim
854 3224 944 3272 coetus
964 3226 1053 3274 totum
1063 3217 1268 3292 ,episcopcrum
1282 3210 1341 3270 col·

279 3445 322 3512 (l)
342 3445 441 3512 Optime
459 3448 550 3500 Comes
572 3448 611 3500 De
633 3451 732 3502 Maistre
749 3452 932 3518 objicientibus:
950 3451 1023 3512 “Qu'
1041 3458 1077 3501 set
1094 3467 1122 3501 ce
1139 3452 1181 3514 qui
1198 3457 1300 3501 austera
1317 3451 1341 3500 le

246 3531 312 3597 Pape
321 3532 349 3584 l”
361 3535 509 3598 respondet:
528 3545 543 3567 “
554 3535 648 3596 Teuc:
666 3538 701 3586 les
717 3553 817 3597 canons,
834 3536 869 3586 les
887 3537 939 3597 leis,
951 3539 987 3586 les
997 3547 1124 3587 cnutumes
1134 3538 1177 3586 des
1188 3537 1294 3594 natione,
1306 3537 1342 3584 les

242 3620 391 3669 sssembhies
402 3622 551 3682 nauonales,
564 3624 586 3672 la
599 3623 1071 3688 prescription,lesreptesentstions,les
1082 3622 1289 3684 negociationem
1301 3620 1343 3670 de·

244 3705 304 3760 voir,
321 3705 344 3751 la
365 3707 467 3764 crainte,
479 3709 502 3756 la
513 3707 642 3770 prodence,
659 3715 684 3756 et
700 3708 828 3772 pardessus
845 3717 905 3766 tout,
915 3707 930 3758 l'
941 3709 1043 3774 opinion
1055 3707 1121 3756 reine
1129 3707 1162 3758 du
1174 3704 1267 3756 mode.”
1298 3704 1341 3755 Du

240 3785 313 3852 Papo,
326 3787 363 3836 ch.
375 3788 442 3837 xviii.

279 3873 319 3939 (2)
334 3880 348 3903 “
363 3873 400 3923 Es
415 3874 517 3932 notorio,
535 3889 582 3937 que
598 3873 622 3922 la
640 3873 716 3924 Santa
728 3874 792 3924 Sede
808 3875 840 3924 bs
853 3877 915 3925 dado
933 3877 1035 3940 siempre
1053 3875 1155 3940 pruebas
1173 3875 1203 3925 de
1215 3876 1238 3925 la
1255 3890 1341 3940 mayor

242 3959 465 4011 condescendencis
481 3976 528 4011 con
549 3967 657 4024 respecto
680 3956 696 4008 ὲ
715 3960 784 4010 tedas
797 3961 831 4010 las
849 3961 963 4024 lglesiss2
983 3978 1031 4012 aun
1049 3962 1152 4011 muchas
1168 3977 1246 4021 veces,
1262 3964 1342 4026 ycasi

239 4045 352 4107 siempre,
365 4045 397 4094 hs
415 4047 546 4109 preveoido
565 4061 607 4096 sus
626 4043 785 4096 necesidades
801 4046 938 4110 ydeseos.”
972 4047 1074 4112 Enssyc
1085 4047 1153 4096 sobre
1171 4048 1194 4096 la
1211 4045 1343 4111 Suprema·

241 4129 279 4178 cis
291 4128 329 4177 del
349 4127 417 4191 Papa
430 4133 443 4187 ς
454 4131 468 4179 i.
481 4147 504 4193 p.
517 4130 555 4179 88.
567 4145 611 4196 por
623 4131 645 4181 sl
657 4129 689 4180 D.
700 4130 733 4180 D.
744 4130 803 4180 Josb
815 4129 915 4193 Ignacio
930 4131 1178 4191 Mereuo,Arcidiano
1187 4131 1245 4181 dela
1253 4131 1342 4194 Iglesis

241 4213 345 4274 Metrop.
358 4212 388 4260 de
400 4211 482 4270 Lima,
494 4213 572 4272 laima,
588 4216 661 4264 1831.
695 4215 756 4266 Huc
774 4216 825 4281 ipse
842 4231 873 4265 ex
891 4232 947 4266 mox
967 4216 1064 4266 laudato
1076 4232 1147 4280 opere
1159 4225 1285 4266 mutuatus
1295 4226 1341 4274 est,

242 4297 355 4361 proeclaro
367 4295 448 4345 studio
456 4297 511 4359 juro
521 4297 545 4342 S.
559 4296 629 4347 Sedis
640 4299 774 4350 vindicans.

279 4381 321 4445 (3)
337 4381 393 4428 “As
405 4395 452 4429 one
464 4381 511 4430 aad
524 4381 564 4430 the
577 4397 643 4432 same
654 4384 701 4432 law
713 4385 795 4435 divine
804 4386 825 4434 is
836 4393 897 4436 unto
907 4386 939 4435 all
951 4384 1075 4436 Christian
1088 4385 1206 4435 chorches
1218 4401 1231 4434 a
1242 4386 1294 4435 rule
1304 4386 1341 4435 ser
