3068 5256
607 1263 751 1323 CAPUT
771 1264 825 1323 xl.

436 1495 485 1534 DE
512 1491 692 1534 SEPTIMO
720 1491 967 1534 PRECEPTO·

610 1681 625 1705 ‘¹
633 1673 694 1723 Nou
705 1672 844 1723 furaberis.”

228 1844 295 1898 153.
317 1838 457 1907 Ferrum,
478 1838 555 1911 quod
574 1838 697 1914 septimo
720 1836 861 1914 Decalcgi
879 1847 1022 1915 precepto
1041 1839 1214 1915 prohibetur,
1234 1851 1278 1900 est

187 1941 296 1998 occulta
316 1949 345 1996 et
362 1940 466 2016 injusta
491 1940 534 1996 rei
553 1938 651 1996 alienae
679 1937 792 2005 ablatio,
813 1935 929 1995 domino
954 1938 1153 1997 rationabiliter
1178 1941 1276 2000 invito.

188 2039 322 2097 Violenta
333 2040 373 2097 rei
387 2038 487 2096 alienae
501 2038 612 2106 ablatio,
627 2037 734 2113 injuria
747 2035 829 2106 sacta,
839 2037 947 2115 rupina
960 2035 1072 2104 dicitur,
1084 2055 1147 2110 qun
1160 2040 1279 2097 etvetita

187 2137 331 2196 censenda
343 2148 395 2195 est.
430 2136 477 2195 Dc
489 2147 609 2209 utroque
622 2137 741 2194 crimine
761 2134 832 2194 dicit
842 2137 1013 2214 Apostolus:
1037 2138 1171 2212 “Neque
1191 2139 1277 2208 fures,

186 2257 278 2311 neque
304 2255 432 2314 rapaces,
455 2279 462 2294 .
486 2277 493 2294 .
518 2278 525 2293 .
546 2253 666 2311 regnum
689 2234 745 2294 Dei
766 2229 998 2312 possidebunt.”¹
1046 2236 1207 2316 Magium,
1228 2257 1278 2296 seu

186 2339 332 2414 plegiatus,
347 2337 556 2413 mancipiorum
570 2336 680 2394 scilicet
700 2355 716 2392 a
736 2334 859 2394 dominis
879 2336 983 2412 injusta
1002 2336 1143 2406 abductio,
1165 2338 1199 2395 ab
1219 2337 1279 2395 He·

186 2438 266 2494 braeis
290 2436 392 2494 dicitur
412 2436 461 2493 hic
483 2437 641 2511 presertim
661 2436 796 2507 vetitum:
819 2434 871 2492 sed
891 2435 963 2494 nihil
976 2436 1100 2513 postrdat
1118 2449 1149 2496 ut
1169 2439 1280 2496 arctiori

185 2555 270 2593 sensu
284 2555 342 2594 vox
356 2537 518 2611 accipiatur.
561 2534 805 2607 Quandocumque
819 2552 865 2593 res
878 2553 916 2592 ex
929 2535 1045 2611 publico
1067 2535 1208 2604 thesauro,
1227 2556 1278 2596 seu

186 2636 268 2702 fisco,
283 2635 406 2692 aufertur
420 2635 454 2691 ab
468 2634 563 2705 aliquo
577 2635 623 2691 cui
636 2653 740 2691 munus
753 2633 900 2710 publicum
913 2634 1105 2692 concreditum
1118 2643 1171 2701 est,
1181 2633 1282 2694 dicitur

184 2731 356 2811 peculatus.
398 2731 566 2808 dilgenter
577 2742 621 2790 est
633 2733 820 2792 animantium
830 2732 932 2790 ablatio
944 2733 1065 2807 injusta:
1086 2729 1283 2810 sacrilegium

188 2841 233 2890 est
242 2850 336 2890 rerum
350 2849 491 2889 sacrarum
503 2833 610 2908 rapina,
625 2851 676 2902 seu
690 2831 805 2890 furtum.

230 2935 298 2989 154.
320 2931 461 2990 Extrema
482 2942 600 3008 urgente
621 2931 800 3001 necessitate,
822 2949 885 3005 quie
906 2929 941 2988 ad
954 2931 1041 2990 vitam
1054 2929 1220 2990 servandam
1234 2951 1283 2992 ne·

189 3032 311 3090 cessaria
324 3041 390 3088 sunt
399 3032 464 3108 jure
478 3040 666 3106 usurpantur3
682 3049 745 3105 quae
755 3033 831 3090 enirn
841 3031 960 3090 obtinuit
971 3032 1109 3092 bonorum
1122 3029 1235 3101 divisio,
1247 3051 1284 3092 ex

189 3131 337 3190 hominurn
351 3131 539 3189 conventione
553 3143 583 3187 et
602 3130 735 3190 diutumo
747 3151 811 3200 usu,
825 3149 882 3190 non
905 3140 999 3206 potest
1010 3141 1116 3190 nature
1129 3131 1283 3202 instinctui,

189 3250 245 3303 quo
259 3232 323 3304 quis
338 3229 373 3288 ad
387 3230 451 3287 vitae
465 3231 711 3289 conservationem
725 3231 890 3306 impellitur,
906 3230 1026 3288 obstare.
1057 3230 1132 3288 “Ea
1144 3246 1206 3304 quae
1221 3243 1286 3289 sunt

185 3332 257 3407 juris
281 3330 412 3396 humani,
433 3347 491 3386 non
516 3338 638 3404 possunt
656 3329 793 3408 derogare
809 3330 869 3406 juri
888 3329 1016 3396 naturali,
1038 3329 1084 3386 vel
1098 3331 1158 3406 juri
1177 3329 1284 3389 divino.

190 3429 356 3489 Secundum
366 3437 461 3486 autem
474 3428 631 3487 naturalem
641 3429 770 3488 ordinem
782 3447 819 3486 ex
830 3428 925 3486 divina
934 3426 1111 3503 providentia
1118 3429 1285 3497 institutum,

191 3547 236 3586 res
251 3529 399 3588 inferiores
410 3527 620 3586 suntordinatae
635 3527 669 3586 ad
679 3528 745 3596 hoc,
755 3525 830 3598 quod
845 3544 882 3584 ex
891 3525 936 3582 his
947 3526 1128 3582 subveniatur
1139 3524 1287 3585 hominum

191 3628 371 3686 necessitati:
387 3637 416 3684 et
429 3626 494 3686 ideo
507 3646 561 3703 per
572 3627 850 3686 rerum'divisionem
864 3633 893 3682 et
905 3623 1163 3700 appropriationem
1176 3643 1213 3684 ex
1223 3627 1288 3704 jure

192 3727 317 3785 humano
344 3726 549 3802 procedentem
570 3747 628 3786 non
649 3726 812 3804 impeditur,
834 3725 903 3798 quin
927 3723 1052 3784 bominis
1071 3726 1234 3786 necessitati
1253 3726 1290 3785 sit

191 3825 422 3885 subveniendum
436 3845 474 3886 ex
484 3825 649 3905 hujusmodi
661 3822 796 3884 rebus.'’²
835 3825 868 3885 ld
881 3799 1032 3883 dicendum
1043 3827 1126 3884 etiarn
1137 3824 1247 3884 videtur
1254 3824 1288 3883 de

191 3926 362 4002 gravissima
377 3927 545 3986 necessitate
559 3945 622 3999 quae
636 3934 770 3984 extrema
783 3933 977 4002 comparatur:
998 3941 1035 3981 v:
1049 3941 1085 3999 g:
1101 3923 1214 3996 quando
1224 3925 1288 3998 quis

191 4034 320 4083 versatur
333 4026 364 4082 in
383 4025 521 4102 probabili
533 4025 660 4103 periculo
673 4024 835 4084 incurrendi
847 4031 978 4092 mortem,
988 4022 1034 4081 vel
1046 4031 1212 4100 perpetuosa
1225 4045 1289 4103 cap·

192 4126 343 4192 tivitatem,
365 4124 411 4182 vel
431 4124 577 4183 amittendi
596 4125 756 4184 membrum
775 4123 961 4200 precipuum.
1003 4121 1118 4200 Pauper
1136 4124 1220 4184 otium
1240 4145 1290 4184 ex·

193 4233 284 4282 trema
296 4223 469 4282 necessitate
482 4223 613 4284 laborans
626 4223 710 4282 debet
720 4241 782 4282 rem
796 4241 812 4278 a
831 4219 948 4281 domino
964 4239 1017 4282 suo
1029 4231 1125 4299 petere
1139 4233 1289 4300 antequam

224 4429 268 4494 (1)
289 4432 300 4477 l
317 4427 376 4479 Cor.
389 4430 420 4480 vi.
433 4433 472 4480 lt).
677 4428 718 4496 (ἓ)
738 4427 761 4478 S.
774 4427 865 4479 Thera.
877 4428 901 4478 Q,
913 4433 937 4477 2.
948 4443 989 4492 qu.
1002 4428 1060 4480 lxvi.
1070 4435 1113 4480 art.
1125 4429 1167 4480 vii.
1180 4429 1255 4496 Resp.
