3078 5258
590 477 646 537 uu
668 476 819 537 Ptenis.
1211 489 1268 544 179

166 647 242 706 tiori
256 664 352 713 sensu,
365 646 452 704 verba
465 643 515 703 illa
525 685 533 702 .
545 685 553 701 .
566 687 573 702 .
588 653 708 722 possunt
720 645 912 721 explicari...
926 643 1004 704 nulla
1016 656 1164 724 expectata
1176 647 1268 709 decla·

168 747 283 804 ratione
297 763 400 822 poenae,
415 743 466 804 sed
480 762 538 802 non
558 744 716 802 excluditur
728 743 878 803 declaratio
898 746 1025 804 criminis
1038 757 1069 805 ut
1081 765 1166 823 poena
1178 751 1271 824 possit

167 863 224 903 reo
238 838 421 921 applicari.'’¹
462 843 580 910 “Quod
599 843 705 902 dictum
724 852 769 901 est
780 843 816 901 de
836 845 928 921 poenis
948 845 1104 926 privativis,
1124 865 1141 903 a
1160 846 1268 907 fortiori

171 942 328 1002 dicendum
349 942 385 1000 de
402 941 559 1021 positivis,
580 961 644 1016 que
666 944 824 1002 consistunt
845 944 875 1002 in
894 944 1004 1002 actione
1027 945 1164 1020 positiva:
1185 965 1213 1004 r.
1228 965 1263 1024 gr

170 1043 281 1114 aliquid
290 1041 468 1111 restituendi,
482 1052 530 1100 aut
542 1041 676 1118 patiendi,
686 1083 693 1098 .
704 1083 712 1099 .
724 1084 731 1100 .
743 1043 810 1115 quia
822 1043 908 1101 nimis
922 1043 1009 1101 ardua
1018 1053 1047 1100 et
1055 1044 1269 1104 inobservabilis

172 1151 251 1199 esset
262 1142 310 1199 lex
323 1142 372 1200 illa
384 1141 519 1209 humana,
534 1160 623 1215 quum
636 1159 702 1200 reus
715 1142 837 1218 ipsemet
846 1143 875 1199 in
888 1144 1016 1218 seipsum
1028 1141 1143 1201 deberet
1155 1161 1268 1220 poenam

173 1234 333 1314 exequi.'’²
375 1248 394 1276 “
404 1241 501 1298 Prenae
519 1250 613 1298 autem
632 1238 861 1299 indebilitantes
875 1241 1000 1318 obligant
1013 1251 1077 1300 ante
1086 1241 1192 1319 Judicis
1205 1261 1269 1302 sen·

172 1341 301 1407 tentiam,
315 1350 347 1397 ut
359 1349 403 1396 est
422 1357 507 1416 poena
519 1340 652 1416 imposita
665 1357 681 1396 a
695 1339 865 1398 Tridentino
878 1357 936 1397 non
948 1339 1146 1410 residentibus,
1157 1358 1215 1400 non
1227 1343 1269 1401 lu·

173 1438 276 1496 orandi
295 1437 434 1496 fnrcbrs.”
477 1437 620 1496 Caeterum
640 1439 665 1494 si
687 1437 851 1516 hujusmodi
874 1457 959 1514 poena
980 1440 1148 1516 marmsima
1169 1441 1215 1508 sit,
1239 1455 1268 1498 et

174 1537 325 1595 infamiam
339 1555 437 1596 secum
450 1537 529 1605 ferat,
543 1556 630 1597 nemo
642 1535 717 1594 haud
731 1536 878 1594 damnatus
892 1539 1028 1606 criminis,
1042 1556 1105 1596 eam
1120 1539 1150 1596 in
1163 1557 1194 1597 se
1208 1557 1268 1598 sus·

173 1636 273 1711 cipere
287 1627 418 1711 cogitur.³
457 1636 556 1695 Poenae
569 1636 738 1704 irritantes,
758 1654 833 1708 quae,
853 1636 971 1706 scilicet,
992 1647 1085 1696 actum
1099 1637 1209 1696 nullum
1222 1637 1269 1696 de·

174 1734 294 1804 clarent,
309 1735 367 1792 vim
386 1734 487 1794 habent
506 1746 570 1794 ante
588 1735 695 1813 judicis
716 1735 894 1802 sententiam,
914 1738 1026 1795 etiamsi
1048 1738 1126 1794 fraus
1149 1737 1269 1796 abfuerit

174 1833 214 1890 ob
234 1836 315 1912 cnjus
338 1834 497 1910 periculum
517 1844 595 1893 actus
619 1834 713 1892 nullus
736 1832 901 1891 declaretur.
943 1834 993 1892 Sic
1007 1835 1118 1893 collatio
1137 1836 1269 1894 beneficii

173 1933 332 1990 simoniaca
344 1943 386 1991 est
398 1935 485 2000 irrita,
498 1933 566 1992 licet
585 1932 655 1992 illud
675 1935 818 2010 recipiens
839 1950 896 1990 nou
917 1931 1000 1991 fuerit
1012 1934 1142 1991 conscius
1163 1933 1268 2000 delicti,

174 2031 255 2104 quod
276 2042 354 2108 pater
374 2035 436 2110 ejus
457 2033 503 2090 vel
526 2034 634 2092 amicus
657 2032 779 2100 admisit,
803 2031 955 2107 pecuniam
975 2030 1067 2090 dando
1090 2033 1153 2109 ejus
1172 2051 1267 2090 causa.

176 2129 346 2206 Disputatur
358 2141 452 2190 autem
464 2141 558 2190 utrum
580 2134 643 2204 quis
664 2141 790 2189 teneatur
809 2132 839 2189 in
860 2132 1032 2189 conscientia
1051 2140 1145 2190 actum
1158 2133 1268 2190 irritum

177 2229 293 2299 habere,
321 2239 384 2289 ante
406 2231 514 2309 Judiois
538 2233 717 2290 sententiam.
759 2229 913 2288 Affirmans
936 2232 1076 2288 sententia
1096 2231 1270 2308 probabilior

176 2329 287 2388 videtur
300 2329 331 2386 S.
347 2331 499 2408 Alphonso
509 2322 534 2387 :⁴
553 2329 605 2388 sed
618 2331 641 2387 si
656 2330 731 2387 fraus
742 2329 868 2396 abfuerit,
889 2330 1018 2388 viseum
1032 2328 1067 2386 ad
1080 2348 1193 2408 poenam
1208 2348 1268 2387 sus-

176 2428 338 2505 cipiendam
352 2448 533 2508 cogeremus.
563 2428 672 2487 Omnes
685 2447 776 2506 poenae
786 2429 982 2487 ecclesiastica
996 2428 1178 2488 medicinales
1188 2439 1266 2496 sunt,

173 2531 205 2586 in
220 2530 322 2587 animae
336 2529 493 2588 remedium
507 2537 615 2586 statinae
628 2548 634 2584 r
657 2527 708 2585 sed
720 2547 812 2603 poenae
826 2528 1008 2586 medicinales
1023 2547 1039 2583 a
1051 2528 1069 2586 J
1072 2531 1178 2588 cremia
1190 2528 1270 2604 Tay·

173 2628 219 2684 lor
244 2627 376 2686 dicuntur
397 2629 516 2686 leviores
539 2626 678 2700 quaedam,
699 2628 798 2698 quales
818 2621 901 2686 olim⁵
925 2627 1125 2702 paenitentibus
1148 2626 1269 2702 publicis

175 2726 444 2802 praescribebantur,
457 2727 502 2783 vel
514 2728 668 2785 etiamnum
682 2727 712 2783 in
722 2725 877 2782 Ordinibus
891 2723 1060 2795 quibusdam
1072 2723 1238 2798 Religiosis.

220 2827 271 2880 46.
294 2823 456 2901 ignorantia
468 2825 561 2902 legum
575 2825 831 2882 ecclesiasticarum
846 2823 947 2880 eximit
960 2841 976 2878 a
992 2823 1129 2889 censuris,
1143 2821 1270 2879 seruntur

175 2925 258 2983 enim
273 2925 303 2980 in
317 2933 507 2993 contumaces,
523 2933 542 2961 ‘⁴
555 2925 604 2997 qui
617 2925 740 2982 scienter
752 2932 781 2980 et
793 2922 941 2981 temerario
954 2920 1045 2980 ausu”
1061 2921 1186 3000 egerint:
1202 2939 1269 2980 con·

174 3033 275 3082 tumax
298 3032 394 3082 autem
417 3024 446 3081 in
467 3033 634 3100 potestatem
655 3023 875 3081 ecclesiasticam
900 3039 958 3080 non
979 3033 1109 3082 censetur
1135 3022 1184 3095 qui
1208 3039 1268 3080 rem

211 3259 254 3324 (1)
266 3257 365 3307 ibidem.
758 3248 796 3314 (2)
810 3248 910 3308 Ibidem,
921 3264 946 3298 n.
961 3246 1016 3294 149,

212 3345 255 3410 (³)
275 3343 351 3401 idem,
363 3343 378 3392 l.
390 3344 421 3390 vi.
434 3357 459 3392 n.
472 3339 529 3388 705.
759 3335 799 3399 (t)
814 3333 913 3388 Ibidem,
925 3333 940 3382 l.
952 3331 969 3380 i.
980 3346 1005 3380 n.
1018 3329 1070 3380 151.

212 3429 255 3493 (5)
275 3433 289 3457 ‘⁴
299 3427 380 3478 When
399 3428 440 3477 the
457 3423 628 3492 punishments
647 3435 687 3469 are
703 3418 845 3484 principelly
857 3434 884 3468 or
896 3417 986 3479 merely
998 3414 1136 3473 medicinel,
1153 3413 1195 3464 the
1212 3429 1270 3464 cou-

174 3515 272 3564 science
281 3514 303 3562 is
315 3513 396 3562 bound
408 3520 432 3562 to
446 3511 599 3572 eroluntery
612 3506 743 3557 execution
751 3504 780 3552 of
792 3503 834 3552 tlre
845 3508 967 3558 sentence,
975 3498 997 3547 if
1010 3497 1051 3546 the
1063 3498 1111 3546 law
1119 3493 1229 3560 'requires
1242 3500 1271 3548 it.

174 3601 225 3651 For
237 3601 297 3651 then
310 3600 350 3650 the
363 3601 423 3648 laws
434 3613 475 3648 nro
492 3606 601 3662 precepts
619 3595 647 3644 os
660 3591 798 3643 institution
816 3587 863 3637 eud
883 3583 1027 3650 discipliue3
1045 3583 1093 3633 and
1106 3582 1164 3648 they
1176 3600 1216 3634 ere
1233 3585 1270 3636 in·

177 3689 267 3740 tended
280 3705 307 3738 as
318 3687 417 3736 maroles
427 3695 452 3735 to
464 3684 504 3734 the
516 3700 582 3740 men,
594 3698 620 3731 ss
631 3681 686 3730 well
698 3695 725 3727 ss
736 3685 760 3726 to
772 3675 814 3725 the
824 3673 921 3739 public;
938 3670 986 3721 and
999 3669 1027 3720 of
1035 3686 1117 3736 mercy
1129 3685 1199 3737 every
1211 3688 1269 3723 man

176 3791 234 3837 moy
243 3789 300 3838 very
313 3773 367 3822 well
378 3774 408 3821 be
419 3770 536 3820 minister.
570 3765 662 3817 itheth
674 3766 699 3814 in
712 3763 731 3812 it
741 3777 774 3812 no
791 3760 933 3822 undecency
947 3756 984 3807 lor
995 3773 1010 3805 a
1021 3772 1079 3806 men
1090 3765 1116 3806 to
1127 3757 1220 3820 mingle
1231 3758 1271 3808 bis

175 3876 231 3909 own
245 3876 327 3910 severe
338 3859 431 3924 potion,
442 3872 469 3904 or
487 3856 520 3904 let
531 3851 630 3903 himself
642 3848 722 3908 blood,
734 3863 760 3896 or
772 3847 841 3896 lance
858 3860 890 3893 en
902 3843 976 3902 ulcer,
987 3841 1035 3891 and
1048 3841 1115 3890 there
1127 3841 1149 3889 is
1159 3856 1193 3888 no
1204 3855 1272 3890 more

174 3949 203 3996 in
216 3947 258 3996 the
269 3945 399 3995 medicinal
410 3941 582 4008 punishments
590 3939 619 3987 oi
631 3936 672 3986 the
684 3935 739 3984 lew.
772 3931 845 3981 Thus
855 3929 897 3978 the
914 3929 974 3977 lons
984 3941 1031 3975 can
1049 3923 1178 3974 command
1198 3939 1230 3974 us
1238 3932 1271 3992 Ιιο

175 4031 231 4087 sset,
242 4038 267 4078 to
277 4045 342 4078 wear
354 4025 478 4077 seclrclotb
487 4040 554 4089 upon
562 4022 604 4073 the
614 4023 671 4070 bare
680 4018 744 4075 skin,
755 4023 780 4065 to
792 4031 823 4077 go
834 4012 949 4069 bcreioot,
959 4017 985 4059 to
995 4007 1076 4057 wetch
1086 4008 1118 4058 all
1125 4006 1197 4070 night
1204 4024 1271 4074 upon

177 4132 191 4164 e
203 4113 332 4177 solemniiy
345 4113 374 4161 of
382 4111 514 4176 expiation,
526 4116 551 4158 to
563 4107 640 4158 inflict
650 4103 797 4166 disciplinas,
809 4097 856 4148 end
868 4096 909 4145 the
921 4094 984 4144 lilre:
996 4091 1045 4142 and
1056 4091 1092 4142 ior
1103 4091 1171 4142 these
1182 4108 1219 4144 we
1231 4110 1271 4144 are

175 4209 200 4248 to
212 4205 300 4262 expect
310 4213 345 4247 no
356 4195 424 4246 other
435 4210 532 4260 process
549 4194 593 4243 but
604 4191 645 4241 the
657 4195 771 4238 sentence
783 4185 811 4233 os
823 4182 866 4231 the
882 4181 936 4239 lan,
953 4194 987 4228 no
996 4178 1072 4244 Judge
1088 4180 1132 4229 but
1151 4194 1196 4229 our
1212 4196 1270 4231 con·

179 4287 293 4341 scienoes,
305 4298 339 4330 no
351 4279 519 4329 executionem
529 4279 574 4327 but
585 4270 730 4325 ourselres.”
759 4269 808 4318 ler.
820 4261 919 4329 'seylon
928 4263 991 4314 Duc.
1005 4261 1070 4314 Dub.
1082 4263 1097 4313 l
1108 4263 1142 4319 iri.
1154 4279 1176 4314 c.
1187 4261 1210 4312 2.
1223 4265 1271 4314 rol.

175 4371 200 4420 ii.
214 4387 238 4436 p.
250 4371 291 4417 66.
304 4366 396 4416 Mirum
405 4373 442 4414 est
454 4361 659 4412 Protestenticum
668 4355 796 4422 presulem
808 4353 859 4403 hec
870 4350 1000 4415 scripsisse.
