3078 5258
436 517 492 578 DE
516 518 669 578 LEGUM
691 517 992 580 OBLIGATIONE.
1202 527 1258 584 tot

158 698 275 746 tescat:
297 673 332 742 v':
355 703 390 762 gt
414 683 632 760 “Praecipimus
645 684 698 740 sub
711 683 905 760 indignatione
925 683 1052 752 nostra,”
1074 686 1157 743 “snb
1176 687 1261 746 inter·

160 788 324 844 minatione
339 780 573 861 divinijudicii‚”
596 783 654 840 “in
676 784 777 840 virtute
799 791 902 841 sancte
923 782 1121 841 obedientias.”
1163 785 1260 844 Poenae

168 895 266 942 autern
280 884 398 960 adjectas
411 882 485 957 legis
498 881 664 958 gravitatem
683 881 827 939 indicant:
849 883 891 939 sic
904 883 1160 941 excommunicatio
1172 884 1261 942 inten·

168 994 246 1042 tatur
272 981 483 1058 negligentibus
510 979 741 1037 communionem
768 979 947 1047 Paschalem‚
973 980 1019 1037 vel
1051 981 1261 1040 consessionem

169 1100 315 1140 annuam:
339 1079 494 1155 suspensio
508 1080 542 1136 ab
564 1079 644 1134 omni
657 1096 773 1134 munere
787 1097 868 1135 sae-ro
881 1079 1032 1137 intentatur
1044 1080 1146 1137 alieubi
1160 1082 1264 1140 clerico

167 1183 263 1239 alieno
277 1181 403 1238 Missam
417 1179 524 1249 absque
537 1173 651 1234 lic'entia
664 1175 806 1234 Ordinarii
817 1177 977 1234 celebranti.
1003 1179 1175 1250 Aliquando,
1185 1180 1261 1238 nulla

168 1279 302 1356 apposita
315 1295 409 1354 poena,
423 1275 471 1332 lex
485 1274 673 1333 nihilominus
687 1277 810 1350 graviter
822 1275 942 1352 obligat:
964 1278 1006 1334 sic
1024 1276 1072 1334 lex
1088 1279 1260 1336 abstinentiae

168 1377 312 1454 etjejunii
327 1393 443 1452 gravem
465 1391 563 1430 secum
585 1373 639 1437 fert
660 1373 869 1449 obligationem.
911 1373 960 1432 Ex
981 1375 1261 1450 consuetudineque

169 1485 193 1512 ‘⁶
205 1484 248 1532 est
270 1475 377 1551 optima
395 1472 492 1549 legum
513 1463 690 1550 iuterpres”¹
710 1472 830 1547 gravitm
844 1473 978 1548 praecepti
991 1474 1142 1532 innotescit
1154 1483 1181 1532 et
1193 1475 1260 1533 defi·

163 1577 253 1632 nitur.

218 1677 270 1729 19.
289 1672 383 1746 Leges
396 1691 471 1748 saepe
491 1671 619 1730 seruntur
639 1670 673 1728 ad
692 1671 816 1748 pericula
836 1671 1001 1741 amovenda,
1015 1691 1104 1745 eaque
1122 1674 1156 1731 de
1177 1692 1263 1732 causa

172 1773 269 1830 irritos
284 1770 422 1828 declarant
435 1779 512 1828 actus
527 1769 665 1842 quosdam
680 1771 708 1826 in
723 1770 825 1842 quibus
842 1770 918 1828 fraus
931 1769 1012 1828 facile
1029 1773 1202 1849 contingere,
1216 1773 1261 1829 vel

170 1889 211 1928 ex
224 1871 327 1943 quibus
337 1867 472 1927 damnum
483 1869 550 1928 oriri
558 1871 658 1946 possit.
674 1869 875 1927 Dicunturniti
883 1870 1117 1948 praesumptione
1122 1869 1261 1948 periculi,

168 1979 202 2027 et
218 1971 276 2026 vim
290 1969 416 2026 obtinent
428 1969 540 2026 etiamsi
559 1967 668 2026 nullum
688 1969 718 2025 in
739 1986 806 2025 casu
819 1967 936 2044 speciali
956 1967 993 2024 sit
1005 1968 1170 2044 periculum.
1212 1968 1262 2026 Sic

171 2069 287 2126 irritum
299 2067 457 2125 habendum
472 2065 683 2124 matrimonium
696 2064 902 2125 clandestinum
916 2075 1086 2124 censuerunt
1095 2076 1187 2143 patres
1197 2067 1263 2125 Tri·

174 2167 297 2233 dentini,
312 2167 348 2223 ob
359 2167 517 2242 periculum
531 2167 625 2241 palam
643 2164 763 2222 ducendi
781 2185 911 2234 uxorem,
926 2167 980 2223 alia
994 2167 1053 2242 jam
1075 2167 1148 2224 clam
1162 2165 1260 2224 ducta:

167 2284 235 2337 quae
249 2266 297 2323 lex
316 2265 375 2322 vim
397 2267 507 2324 obtinet
526 2265 557 2322 in
578 2263 651 2321 locis
671 2264 700 2321 in
721 2266 824 2338 quibus
847 2265 1023 2342 promulgata
1036 2275 1087 2332 est,
1100 2264 1166 2322 licet
1178 2282 1262 2322 omne

171 2363 331 2440 periculum
356 2363 522 2441 hujusmodi
545 2381 621 2439 saepe
644 2364 723 2420 absit.
765 2363 1029 2441 Leges'prohibeut
1046 2363 1179 2422 librorum
1194 2382 1262 2436 quo·

173 2461 301 2519 rumdam
314 2463 478 2532 lectionem,
492 2480 529 2519 ne
543 2461 615 2518 fides
627 2462 781 2538 legentium
795 2463 922 2521 vacillet:
945 2463 1045 2535 quibus
1060 2472 1153 2521 tamen
1166 2474 1263 2521 tenen·

172 2569 219 2618 tur
231 2561 363 2619 homines
379 2563 497 2621 scientia
510 2569 538 2618 et
550 2560 605 2618 fide
619 2562 731 2629 muniti,
743 2561 814 2620 adeo
827 2571 857 2618 nt
869 2571 989 2638 peccent
1001 2571 1096 2619 contra
1108 2563 1224 2620 vetitum
1234 2563 1263 2619 in

169 2660 245 2716 locis
258 2659 289 2716 in
302 2661 403 2730 quibus
416 2663 521 2738 uigent,
543 2660 567 2716 si
587 2660 695 2732 absque
715 2663 798 2719 venia
820 2679 870 2718 eos
890 2661 994 2735 legant.
1036 2660 1130 2736 Leges
1144 2660 1204 2716 aliae
1218 2659 1264 2715 vel

168 2755 309 2834 judicum
331 2756 434 2816 saitem'
448 2759 591 2816 sententiae
622 2758 732 2834 legibus
756 2759 871 2824 innixae,
887 2757 972 2838 secti
998 2755 1264 2834 praesumptionem

170 2867 350 2928 sequuntur:
372 2875 433 2928 quae
447 2859 470 2916 si
484 2857 524 2914 rei
544 2858 654 2914 veritati
676 2876 735 2914 non
755 2855 934 2932 respondeat,
954 2856 1012 2912 vim
1031 2856 1137 2913 nullam
1151 2855 1181 2912 in
1198 2873 1264 2912 con-

171 2955 293 3012 scientia
317 2955 451 3026 obtinent,
473 2946 529 3014 nisi
551 2956 682 3032 publicus
697 2956 776 3024 ordo,
790 2975 824 3013 ea
836 2956 973 3032 neglecta,
993 2955 1174 3032 periclitetur.
1213 2954 1262 3012 Sic

168 3053 235 3130 lege
259 3068 286 3112 et
303 3054 410 3132 judicis
431 3056 570 3114 sententia
591 3055 701 3130 cogitur
721 3057 764 3113 vir
784 3053 819 3112 ad
842 3054 968 3113 mulieris
991 3055 1163 3113 consortium
1177 3074 1263 3127 quam

170 3153 412 3216 coranEcclesia
424 3154 521 3212 duxit:
544 3153 621 3226 quod
635 3155 660 3211 si
673 3155 813 3212 oecultum
834 3156 925 3212 obstet
946 3156 1127 3214 matrimonio
1146 3153 1264 3230 impedi-

169 3261 308 3320 mentum,
330 3252 412 3310 debet
434 3255 529 3329 potius
552 3253 853 3311 excommunicationis
874 3253 966 3309 subire
988 3255 1154 3311 sententiam
1178 3272 1263 3324 qnam

170 3370 237 3408 cum
253 3371 285 3408 ea
298 3353 382 3410 coire.

211 3453 260 3507 20.
282 3451 375 3527 Leges
390 3451 588 3510 ecclesiastica
610 3453 776 3529 plerumque
797 3470 853 3509 non
874 3451 999 3525 obligant
1012 3468 1077 3508 cum
1091 3451 1170 3525 gravi
1183 3447 1265 3504 detri-

169 3559 277 3617 mento,
292 3570 345 3608 nec
359 3551 436 3608 enim
450 3561 583 3610 censetur
595 3551 727 3610 Ecclesia
747 3550 820 3607 velle
838 3568 904 3606 suos
925 3547 999 3605 filios
1021 3567 1086 3605 cum
1106 3565 1210 3623 magno
1224 3565 1266 3602 re·

169 3669 234 3706 rum
249 3669 363 3707 suarum
377 3650 492 3718 damno,
516 3649 562 3707 vel
584 3649 720 3726 periculo,
736 3648 861 3706 adactus
882 3666 933 3723 per
950 3665 980 3704 se
994 3646 1070 3705 haud
1089 3645 1264 3706 necessarios

171 3747 358 3824 adstringere.
400 3748 479 3806 Hinc
491 3749 539 3807 lex
553 3749 589 3806 de
609 3747 747 3806 audienda
767 3747 861 3806 Missa
874 3749 903 3806 in
923 3747 968 3805 die
991 3748 1063 3805 festo
1083 3767 1140 3806 non
1162 3746 1266 3821 obligat

173 3867 241 3904 eum
257 3849 306 3920 qui
319 3849 428 3905 muneri
445 3865 508 3916 suo,
523 3867 580 3920 quo
594 3849 804 3906 sustentationis
824 3847 951 3906 subsidia
963 3828 1170 3923 comparantur,
1185 3844 1267 3900 debet

171 3927 284 4015 deesse,
300 3964 366 4006 cnm
380 3947 442 4023 ejus
457 3946 602 4005 amittendi
616 3947 751 4022 periculo.
784 3947 841 4004 Sed
855 3964 1009 4017 numquam
1022 3945 1089 4002 licet
1100 3945 1192 4018 legem
1207 3941 1265 3998 vio·

168 4046 233 4102 lare
256 4064 318 4104 curn
342 4045 445 4121 injuria
461 4045 507 4103 vel
529 4053 691 4121 contemptu
713 4047 858 4123 potestatis
879 4035 1102 4102 ecclesiasticae.2
1143 4041 1220 4099 Hinc
1240 4042 1264 4096 si

205 4245 247 4310 (1)
268 4246 334 4313 Cap.
344 4247 394 4298 viii.
409 4249 438 4298 de
448 4248 592 4300 consuetud.

205 4332 248 4397 (2)
265 4333 384 4383 ieremias
396 4331 490 4398 Taylor
501 4335 528 4384 in
540 4336 587 4384 hoc
599 4332 736 4385 consentit:
754 4340 767 4364 ‘¹
776 4329 806 4384 ln
823 4330 864 4382 tho
875 4348 930 4382 csso
947 4330 975 4382 of
986 4330 1094 4389 scandal,
1106 4347 1133 4380 or
1144 4331 1225 4396 injury
1239 4337 1263 4378 to

167 4416 294 4478 Religion,
307 4433 333 4466 cr
345 4419 386 4472 the
395 4420 535 4470 confession
548 4422 576 4470 of
589 4437 635 4470 our
648 4421 715 4479 faith,
727 4435 764 4468 we
774 4435 813 4468 ars
831 4419 925 4482 obliged
938 4427 962 4468 to
973 4417 1019 4476 die,
1032 4417 1110 4467 rather
1121 4416 1180 4466 than
1192 4414 1265 4462 break

164 4521 181 4553 a
194 4502 298 4566 positivo
311 4503 358 4551 law
371 4505 399 4552 of
413 4504 468 4554 God
480 4521 507 4552 or
520 4503 602 4556 man.”
619 4505 715 4557 Ductor
725 4504 915 4563 Dubitantium,
927 4504 974 4554 vol.
985 4504 1010 4553 ii.
1023 4519 1044 4568 p.
1058 4505 1097 4551 30.
