3076 5260
362 486 419 554 ΒΕ
439 487 707 549 FORENSIBUS
728 487 1099 552 OBLIGA'I'IONIBUS.
1218 498 1277 554 est

183 654 294 720 retinet,
308 658 341 709 ιιι
352 653 421 714 alter
433 653 514 712 cadet
526 675 620 722 causa,
633 656 768 732 injuriam
782 658 866 716 etiam
886 658 963 724 facit,
977 667 1007 715 et
1025 657 1128 716 damrm
1146 677 1277 734 reparare

185 749 278 809 debet.
321 751 400 810 Hinc
407 752 497 829 jussit
509 753 671 812 Alexander
683 755 740 813 111.
754 765 786 812 ut
799 773 884 816 eausa
898 755 1010 814 caderet
1022 758 1071 830 qui
1085 759 1122 814 ita
1134 755 1216 834 agit¹

593 951 676 1025 §IV.
698 951 745 1010 De
766 969 836 1010 ιιιιο.

227 1122 294 1179 126.
315 1119 394 1176 Reus
416 1139 431 1176 a
448 1119 547 1197 judice
560 1121 746 1200 interrogatus
766 1121 944 1200 respondens
964 1141 998 1182 se
1016 1143 1098 1184 reum
1112 1144 1171 1185 non
1185 1124 1276 1194 esse,²

185 1234 243 1276 non
255 1216 320 1275 ideo
333 1217 447 1276 mentiri
460 1219 620 1278 censendus
634 1232 687 1290 est,
702 1225 769 1295 quia
782 1240 819 1280 ex
832 1223 959 1282 omnium
974 1240 1117 1282 consensu
1130 1225 1216 1282 verba
1228 1227 1277 1284 illa

184 1315 347 1392 significant
359 1335 391 1373 se
404 1316 479 1375 nolle
493 1321 601 1376 crimen
621 1319 712 1387 fateri,
727 1322 772 1378 vel
785 1321 848 1394 ejus
867 1321 947 1378 luere
959 1339 1070 1395 poenas,
1085 1323 1141 1380 nisi
1154 1324 1185 1380 in
1199 1323 1276 1399 judi-

184 1413 229 1470 cio
243 1409 400 1489 probetur.³
419 1413 488 1474 Ideo
499 1418 647 1475 consuevit
654 1417 747 1494 judex
760 1435 840 1475 reum
854 1417 990 1474 delictum
1000 1418 1134 1476 fatentem
1147 1438 1275 1490 monere,

184 1520 216 1568 ut
241 1513 364 1590 appellet
391 1517 519 1590 patriam,
552 1517 661 1574 crimen
696 1506 890 1592 denegando.⁴
930 1516 1001 1573 Jure
1025 1525 1117 1574 autem
1143 1516 1276 1576 Romano

184 1611 405 1688 interrogabatur
417 1633 482 1672 reus
496 1624 561 1690 post
573 1613 677 1672 indicia
697 1615 822 1672 criminis
842 1612 914 1683 data,
929 1633 993 1690 quae
1007 1615 1196 1690 semiplenam
1209 1633 1274 1691 pro-

183 1709 326 1767 bationem
340 1713 556 1781 constituebant,
571 1721 598 1768 et
614 1715 760 1772 tenebatur
777 1711 961 1788 respondere,
982 1713 1091 1771 crimen
1104 1712 1274 1780 confitendo,

183 1809 223 1865 uti
237 1809 332 1883 plures
346 1810 473 1887 theologi
485 1821 551 1889 post
564 1810 602 1868 D.
617 1811 763 1869 Thomam
783 1819 954 1870 censuerunt
964 1805 987 1866 :⁵
1007 1809 1058 1867 sed
1072 1830 1161 1882 quum
1176 1821 1274 1868 nostra

180 1907 356 1983 judiciorum
369 1908 462 1967 forma
474 1911 510 1966 sit
523 1909 646 1978 diversa,
658 1928 776 1968 necesse
788 1929 848 1968 non
861 1917 994 1985 putamus
1007 1910 1038 1968 in
1051 1927 1086 1968 ea
1099 1907 1276 1966 discutienda

185 2005 320 2081 opinione
335 2007 490 2066 immorari.

226 2108 294 2163 127.
316 2105 361 2163 De
382 2097 469 2165 sociis
492 2107 619 2166 criminis
642 2106 749 2164 solebat
770 2105 840 2164 olim
854 2105 1019 2180 interrogari
1042 2101 1175 2180 ajudice
1197 2120 1274 2170 reus,

185 2219 256 2274 quos
270 2203 390 2280 prodere
405 2206 558 2273 tenebatur,
574 2207 683 2281 quoties
705 2205 802 2280 gravia
816 2205 878 2279 jam
898 2213 995 2262 contra
1015 2221 1065 2261 eos
1086 2201 1278 2278 suppetebant

184 2299 298 2368 indicia,
312 2310 340 2358 et
358 2304 519 2361 communis
540 2303 665 2360 utilitatis
685 2303 817 2361 intererat
829 2310 860 2358 ιιι
878 2301 1093 2378 detegerentur:
1115 2318 1198 2357 secus
1219 2317 1277 2357 non

184 2393 248 2455 ιιι.ὃ
265 2399 393 2477 Legibus
407 2411 501 2460 tamen
511 2401 641 2479 Anglicis
655 2402 740 2460 venia
751 2400 832 2459 datur
841 2401 898 2458 reis
912 2398 1100 2473 quorumdam
1114 2398 1276 2463 criminum,

183 2496 208 2551 ai
222 2497 292 2554 alios
306 2517 359 2556 suo
369 2499 532 2558 testimonio
546 2519 610 2558 reos
623 2492 776 2576 probent:⁷
795 2507 823 2556 et
835 2517 873 2555 ax
886 2497 1092 2557 consuetudine
1106 2514 1172 2572 spes
1185 2497 1277 2554 venie

185 2593 267 2652 datur
278 2595 335 2650 reis
348 2595 493 2668 plerisque
506 2612 541 2650 ea
553 2595 715 2652 conditione
728 2603 760 2651 ut
772 2595 866 2649 socios
880 2593 1007 2652 indicent
1020 2603 1047 2650 et
1060 2588 1206 2668 probent⁸

227 2693 295 2745 128.
317 2687 457 2756 Querunt
468 2671 594 2766 theologi
613 2698 707 2748 utrum
726 2707 776 2748 reo
796 2687 929 2748 damnato
949 2689 1075 2772 criminis
1089 2687 1166 2760 quod
1179 2707 1280 2747 revera

185 2787 314 2861 patravit,
333 2787 402 2844 licet
425 2805 531 2845 novum
557 2805 681 2860 querere
710 2787 862 2864 judicium,
890 2787 1077 2863 appellatione
1101 2787 1277 2862 interposita.

184 2883 270 2962 Apud
283 2903 336 2944 nos
350 2887 418 2944 novi
432 2885 535 2962 judicii
555 2887 668 2962 copiam
688 2885 840 2958 aliquando
854 2885 901 2943 dat
915 2883 1009 2963 judex
1032 2905 1067 2944 eo
1081 2882 1158 2956 quod
1171 2881 1279 2943 duode-

222 3053 264 3117 (1)
279 3053 342 3117 Gap.
353 3053 384 3102 iv.
398 3053 435 3102 De
444 3058 498 3102 test
510 3052 611 3114 cogend.
623 3059 647 3102 et
658 3067 710 3115 cap.
722 3049 751 3101 Si
763 3053 826 3116 quis.
838 3051 881 3101 xii.
893 3067 936 3116 qu.
948 3053 974 3103 ii.

196 3142 210 3166 ·'
222 3137 263 3202 (2)
283 3144 298 3168 ‘⁶
306 3137 363 3186 The
374 3139 471 3199 general
481 3138 547 3188 issue
559 3151 587 3186 ot
597 3137 652 3200 ples
663 3137 691 3186 oi
705 3143 749 3186 not
758 3137 863 3200 guilty.”
887 3137 1042 3195 blachernae,
1052 3137 1068 3184 Ι.
1079 3135 1111 3184 ir.
1123 3150 1149 3185 n.
1159 3134 1216 3183 338.

222 3221 265 3287 (3)
284 3223 368 3272 “And
379 3223 408 3272 os
421 3223 513 3272 thisbe
525 3230 581 3285 puts
592 3219 693 3270 himself
701 3235 769 3283 upon
781 3221 823 3268 the
834 3219 963 3282 country.”

225 3303 266 3368 (t)
286 3309 300 3332 ‘⁶
313 3304 388 3368 Upon
401 3305 512 3368 asimple
524 3304 572 3352 and
584 3302 651 3366 plain
668 3301 814 3358 confession,
832 3301 874 3350 the
886 3308 954 3350 court
965 3299 1026 3348 heth
1037 3298 1143 3359 nothing
1154 3304 1179 3346 ιο
1190 3297 1222 3346 do
1239 3298 1286 3347 but

190 3394 214 3436 ιο
232 3388 312 3437 award
327 3389 467 3453 judgment:
485 3390 530 3440 but
540 3388 559 3438 it
576 3388 596 3436 is
609 3386 706 3451 usually
718 3401 775 3450 very
787 3387 914 3435 buckward
925 3385 952 3434 in
964 3383 1087 3444 receiving
1098 3381 1146 3431 and
1158 3380 1285 3440 recording

188 3458 248 3520 sach
260 3472 405 3532 confession,
417 3480 461 3522 οιιι
472 3473 500 3521 ol
514 3472 655 3522 tenderuess
667 3478 694 3520 ιο
711 3470 752 3519 tha
764 3469 804 3519 tite
816 3470 893 3519 nithe
910 3469 1013 3533 subject;
1030 3467 1079 3516 end
1090 3466 1141 3515 will
1159 3465 1283 3526 generally

187 3556 269 3606 adriae
281 3558 321 3607 the
330 3558 439 3623 prisoner
450 3565 475 3608 ιο
486 3565 572 3607 retract
581 3557 607 3616 it,
619 3556 668 3606 and
683 3556 754 3621 plead
773 3562 798 3605 to
810 3555 852 3606 the
869 3551 1039 3604 indictment.”
1057 3551 1213 3606 Blachstoue¹
1224 3549 1241 3597 1.
1252 3549 1285 3596 ir.

191 3654 217 3688 n.
231 3640 289 3690 329.

225 3725 267 3789 (5)
281 3727 305 3776 2.
317 3729 341 3774 2.
353 3741 395 3788 qu.
406 3725 465 3774 lxix.
479 3731 522 3774 art.
538 3726 559 3772 1.

224 3809 266 3872 (6)
281 3807 311 3856 L.
323 3807 401 3857 ultim.
413 3807 465 3856 cod.
476 3807 507 3856 de
519 3812 623 3864 accusat,
640 3811 665 3854 et
672 3819 725 3870 cap.
736 3803 752 3852 i.
766 3803 795 3854 de
807 3804 932 3854 confessis.

226 3893 269 3959 (7)
283 3893 441 3948 Blackstone.
452 3892 471 3941 Ι.
482 3891 515 3940 iv.
526 3905 552 3938 n.
563 3889 619 3938 ³³1.

227 3979 271 4046 (8)
282 3979 372 4028 “This
383 3977 517 4028 admission
529 3983 553 4026 to
565 3977 594 4024 be
607 3973 731 4024 erritness
740 3981 855 4024 amounts
863 3981 888 4022 to
899 3989 914 4022 a
925 3971 1031 4036 promise
1042 3970 1070 4020 oi
1081 3985 1096 4018 a
1106 3964 1288 4018 recommende-

189 4064 241 4114 tion
253 4073 279 4113 to
291 4079 382 4128 marey,
392 4077 461 4127 upon
473 4060 596 4112 condition
608 4059 661 4109 that
671 4059 713 4108 the
723 4055 871 4120 accomplics
879 4058 951 4106 make
962 4071 977 4104 a
988 4055 1034 4104 soll
1045 4052 1094 4102 and
1101 4051 1147 4101 sair
1154 4049 1287 4100 disclosure

190 4149 218 4197 of
231 4149 263 4199 all
272 4148 314 4198 the
325 4148 513 4198 circumstances
525 4145 553 4192 ci
562 4143 602 4192 the
612 4141 693 4200 crime,
702 4141 740 4190 ior
750 4142 831 4192 which
843 4141 884 4190 the
896 4140 965 4190 other
975 4138 1098 4202 prisonem
1108 4150 1148 4184 ara
1159 4132 1227 4191 tried,
1239 4131 1288 4181 and

189 4233 215 4282 in
226 4233 308 4282 which
320 4232 351 4282 be
363 4232 408 4281 has
422 4233 483 4281 been
495 4225 631 4292 concerned
642 4226 669 4276 in
687 4235 783 4276 concert
794 4225 856 4275 with
867 4222 958 4274 tham.”
988 4220 1074 4284 Chitty
1086 4219 1112 4269 in
1132 4217 1288 4272 merchtene,

192 4313 381 4366 mmmm
