3078 5258
631 1231 772 1295 CAPUT
793 1233 832 1294 11.

536 1464 575 1505 lm
596 1465 800 1506 CONFESSIONE
821 1465 935 1506 Ausus.

229 1645 278 1704 26.
305 1643 442 1701 Drvruurr
466 1649 510 1698 est
534 1642 687 1702 confitendi
707 1653 891 1721 preceptum,
918 1643 995 1716 quod
1021 1661 1058 1701 ne
1086 1643 1277 1722 negligeretur

182 1743 275 1821 jussit
286 1741 436 1800 concilium
450 1738 640 1798 Lateranense
654 1741 707 1801 lv.
721 1752 753 1800 ut
773 1743 893 1800 “omnis
916 1743 1062 1815 utriusque
1076 1761 1162 1800 sexus
1174 1741 1279 1808 fidelis,

185 1852 338 1919 postquam
351 1840 386 1897 ad
400 1857 490 1898 annos
510 1838 687 1898 discretionis
708 1841 877 1916 pervenerit,
891 1841 988 1898 omnia
1007 1858 1060 1897 sue
1073 1841 1149 1898 solus
1164 1849 1280 1915 peccata

186 1940 288 1996 saltem
300 1938 388 1996 semel
411 1940 441 1996 in
461 1955 536 1995 anno
555 1939 719 1997 confiteatur
741 1939 856 2016 proprio
876 1929 1062 1996 sacerdoti.”²
1101 1937 1194 1995 Pena
1214 1955 1278 2009 quae

186 2037 343 2114 negligenti
355 2036 425 2095 illud
437 2036 557 2112 implere
570 2036 731 2105 intentatur,
746 2037 916 2115 gravissima
929 2054 997 2094 sane
1005 2043 1063 2094 est:
1088 2043 1107 2072 ⁸⁴
1116 2034 1245 2107 alioquin
1252 2044 1281 2092 et

187 2136 288 2193 vivens
301 2137 335 2192 ab
353 2137 483 2212 ingressu
506 2134 648 2193 Ecclesiae
670 2146 803 2204 arceatur,
818 2145 846 2193 et
864 2136 989 2194 moriens
1010 2134 1163 2194 christiana
1186 2142 1280 2193 careat

186 2233 362 2310 sepultum.'’
404 2234 584 2309 Praeceptum
596 2231 653 2292 hoc'
672 2235 778 2312 obligat
790 2251 889 2292 omnes
904 2234 953 2306 qui
966 2235 1075 2311 peccati
1086 2231 1198 2292 lethalis
1212 2251 1279 2290 con·

187 2333 238 2390 scii
251 2341 326 2399 sunt,
341 2330 419 2404 quod
432 2341 495 2389 ante
509 2348 593 2388 usum
605 2333 723 2391 rationis
737 2331 845 2390 admitti
863 2333 971 2405 nequit.
1014 2332 1206 2408 Septennium
1219 2331 1280 2408 ple-

185 2447 304 2503 rumque
317 2441 451 2488 censetur
464 2439 530 2486 aetas
542 2428 573 2486 in
587 2450 643 2505 qua
654 2432 778 2508 obligare
798 2432 907 2507 incipit
950 2430 1096 2489 Ceterum
1110 2431 1161 2504 qui
1173 2429 1279 2490 nullius

186 2529 294 2604 peccati
308 2529 402 2604 gravis
416 2529 470 2584 sibi
483 2527 614 2588 conscius
628 2538 680 2597 est,
701 2549 758 2588 non
780 2525 890 2587 videtur
909 2539 1050 2606 praecepto
1071 2530 1169 2596 teneri,
1190 2545 1279 2601 quum

188 2626 276 2684 latum
290 2627 327 2682 sit
339 2626 375 2683 ad
388 2623 513 2683 divinam
526 2625 630 2702 legem,
651 2647 714 2700 quoe
728 2629 836 2703 peccati
848 2627 961 2687 lethalis
983 2645 1048 2685 reos
1070 2627 1197 2702 respicit,
1211 2642 1279 2682 exe-

190 2723 300 2780 cutioni
325 2718 573 2781 demandandamf
612 2725 646 2782 Id
672 2734 779 2781 certum
804 2724 923 2788 videtur,
950 2723 1111 2781 satisfacere
1137 2721 1280 2778 Ecclesiae

188 2820 288 2887 menti,
302 2821 352 2892 qui
364 2821 466 2878 nullius
476 2821 567 2896 gravis
575 2822 683 2898 peccati
697 2838 785 2893 quum
794 2819 848 2878 sibi
860 2820 898 2876 sit
910 2819 1052 2886 conscius,
1065 2836 1096 2874 se
1107 2817 1280 2876 confessario

187 2937 283 2977 eorem
297 2918 380 2986 sistit,
394 2917 464 2976 illud
476 2918 631 2978 declarans.
674 2919 811 2996 Proprius
833 2917 975 2986 sacerdos,
996 2937 1033 2975 ex
1053 2926 1147 2977 mente
1167 2926 1280 2994 patrum

186 3017 433 3084 Lateraneusiunr,
455 3017 567 3074 videtur
587 3019 729 3096 parochus
755 3035 829 3086 esre,
856 3019 906 3091 qui
931 3027 1025 3076 tamen
1051 3025 1172 3094 poterat,
1194 3018 1280 3094 juxta

186 3115 298 3174 illorum
321 3125 483 3192 temporum
505 3114 696 3194 disciplinam,
720 3117 880 3176 sacerdotes
907 3117 976 3175 alios
1003 3117 1057 3175 sibi
1082 3117 1113 3174 in
1133 3113 1279 3174 audiendis

186 3213 410 3276 confessionibus
424 3213 592 3273 adsciscere·
634 3216 652 3274 J
655 3235 700 3273 am
723 3212 789 3272 verd
809 3234 843 3272 ea
863 3213 992 3272 facultate
1013 3214 1144 3290 parochis
1158 3215 1278 3279 sublata,

187 3315 319 3388 proprius
331 3311 479 3371 habendus
492 3320 536 3369 est
548 3314 691 3382 sacerdos,
702 3332 753 3371 seu
770 3313 922 3388 parochus,
943 3331 993 3370 scu
1007 3311 1079 3368 alius
1092 3312 1127 3368 ab
1140 3312 1280 3386 episcopo

187 3409 220 3467 ad
234 3410 417 3486 excipiendas
431 3411 627 3470 confessiones
637 3413 806 3488 deputatus:
822 3411 943 3482 ideoque
956 3408 1092 3485 impletur
1104 3417 1277 3485 preceptum

187 3509 300 3566 cuilibet
318 3509 458 3567 sacerdoti
476 3511 528 3567 rite
548 3512 665 3587 probato
684 3508 855 3568 confitendo·
898 3507 1054 3564 Confessio
1075 3524 1168 3562 annua
1188 3523 1277 3576 quum

186 3607 350 3684 injungatur
361 3616 392 3665 ut
403 3615 546 3683 praecepto
559 3609 655 3667 divino
669 3608 793 3675 satisfiat,
808 3607 855 3664 ille
876 3605 976 3682 procul
996 3604 1082 3663 dubio
1095 3603 1207 3661 muneri
1220 3605 1273 3661 im·

187 3707 280 3780 posito
293 3705 382 3772 deest,
397 3706 446 3778 qui
459 3706 527 3762 facit
548 3707 756 3765 confessionem
769 3705 925 3764 voluntarie
938 3704 1055 3772 nullam,
1069 3711 1154 3779 prout
1166 3712 1275 3760 constat

188 3821 222 3860 ex
236 3802 368 3861 damnata
379 3804 414 3861 ab
434 3803 596 3863 Alexandro
618 3805 687 3863 VII.
709 3805 847 3863 contraria
866 3805 984 3883 alicujus
1006 3805 1162 3862 sententia:
1185 3810 1204 3837 ⁸⁶
1214 3801 1276 3866 Qui

187 3899 251 3960 facit
263 3902 475 3962 confessionem
489 3903 645 3976 voluntarie
658 3903 775 3973 nullam,
783 3904 917 3962 satisfacit
929 3910 1071 3981 praecepto
1084 3891 1278 3986 Ecclesioessl³

238 4104 247 4148 l
284 4100 323 4150 Ca
341 4136 348 4152 .
359 4103 411 4152 xxi.

221 4101 263 4249 l2i
282 4117 348 4235 Vide
359 4186 486 4252 utriusque
497 4189 622 4240 sententis
633 4192 739 4241 rationes
750 4188 816 4254 apud
832 4187 864 4238 D.
875 4185 999 4236 Thomem
1010 4184 1038 4235 in
1048 4185 1066 4233 t
1077 4183 1131 4236 dist.
1149 4185 1187 4244 1⁷,
1195 4191 1279 4248 quest

188 4268 211 4327 ³,
222 4276 265 4318 art.
278 4269 301 4328 l,
313 4278 398 4332 quent·
407 4273 430 4330 ³,
443 4273 474 4322 ed
488 4276 512 4322 3.

223 4351 265 4417 (³)
287 4352 319 4401 14
331 4369 399 4420 prop·
411 4355 474 4409 inter
484 4358 612 4410 damnatas
626 4362 657 4409 14
669 4357 736 4424 Sept
752 4360 825 4408 tete.
