3076 5260
281 489 339 544 sat
452 484 508 544 DE
529 483 890 544 OBLIGATIONIBUS
910 481 1204 542 OLERICORUM.

280 655 353 712 lecto
367 650 513 718 momenti,
528 667 613 725 grave
626 659 671 708 est
690 655 838 724 peccatum
860 665 923 706 eam
937 645 1029 706 semol
1041 648 1180 716 omittere,
1195 645 1243 705 vel
1262 653 1376 720 partem

281 749 441 810 notabilem.
489 748 548 814 Qui
568 746 698 806 consultd
721 747 840 824 negligit
863 765 950 805 unam
977 745 1077 804 horam
1102 765 1219 822 parvam
1241 745 1376 810 recitare,

280 849 478 922 theologorum
489 848 618 906 omniurn
631 847 781 914 sententia,
796 853 895 922 peccat
908 841 1056 921 graviter.¹

318 950 347 1004 8.
369 945 418 1004 Ex
435 945 512 1004 bulla
529 945 561 1002 Ι.
576 945 623 1004 Pii
637 946 676 1002 V.
690 963 752 1016 qum
766 945 884 1020 incipit;
906 952 926 979 ‘⁶
938 941 1027 1014 Quod
1039 961 1059 1000 a
1070 942 1158 1001 nobis
1167 942 1204 1012 ‚·”
1219 941 1375 998 seculares

279 1057 308 1102 et
328 1044 470 1120 regulares
493 1061 605 1110 omnes,
625 1045 729 1115 quibus
742 1042 928 1099 ducentorum
951 1058 1091 1102 annorum
1111 1042 1268 1098 contrarius
1290 1057 1374 1103 usus,

280 1141 413 1219 specialis
426 1141 536 1200 scilicet
547 1142 688 1208 breviarii,
709 1157 767 1198 non
789 1137 968 1213 suffragetur,
992 1146 1122 1195 tenentur
1141 1135 1178 1194 ad
1196 1135 1377 1194 recitandum

279 1240 455 1299 breviarium
470 1240 641 1296 Romanum.
683 1238 775 1296 Extra
787 1237 908 1296 chorum
919 1236 975 1294 hoc
997 1236 1146 1292 recitantes
1165 1253 1226 1292 non
1243 1242 1376 1291 tenentur

279 1339 314 1396 nd
331 1336 457 1406 officium
470 1335 667 1394 defunctorum
679 1337 736 1394 nisi
749 1334 841 1393 semel
861 1334 891 1392 in
905 1353 989 1401 anno,
1003 1335 1034 1390 in
1046 1333 1171 1390 solemni
1183 1350 1284 1390 eorum
1297 1350 1375 1390 com·

278 1436 482 1496 memoratione
495 1435 542 1494 die
555 1440 574 1492 2
589 1435 617 1492 N
620 1436 774 1502 ovembris,
785 1453 837 1492 seu
851 1441 916 1509 post
929 1432 1105 1509 vespertinas
1119 1430 1204 1488 boras
1217 1430 1290 1489 festi
1300 1431 1371 1489 Om-

279 1537 358 1594 nium
369 1527 566 1594 Sanctorum.¹
585 1533 734 1592 Tenentur
746 1533 782 1590 ad
794 1530 950 1591 recitandas
963 1531 1075 1590 litanias
1088 1531 1118 1588 in
1131 1531 1204 1588 sesto
1217 1529 1251 1586 S.
1267 1531 1372 1596 Marci,

280 1643 308 1691 et
320 1633 419 1692 diebus
432 1632 607 1710 rogationis:
622 1635 669 1692 cui
683 1632 793 1691 muneri
807 1649 864 1688 non
877 1631 980 1689 satisfit
992 1629 1083 1707 pridie
1096 1623 1267 1688 recitando.³
1286 1628 1375 1705 Apud

279 1750 332 1790 nos
346 1730 522 1790 Breviarium
545 1731 709 1790 Romanum
724 1739 868 1806 receptum
888 1738 941 1798 est,
962 1729 997 1787 ad
1010 1728 1087 1802 quod
1107 1741 1207 1787 omnes
1228 1736 1373 1795 tenentur,

279 1830 407 1907 exceptis
426 1830 567 1908 religiosis
581 1832 630 1902 qni
643 1831 766 1907 speciale
780 1829 824 1886 sni
837 1828 945 1888 ordinis
960 1827 1275 1887 Breviorinm⁰habentz
1300 1845 1373 1900 quos

279 1931 304 1988 ei
318 1930 468 2006 contigerit
480 1949 546 1988 cum
554 1930 692 2006 episcopo
705 1930 885 1996 commorari,
896 1937 1029 2004 poterunt
1038 1927 1195 1994 Breviario‚
1207 1945 1266 1999 quo
1276 1928 1372 1992 utinu,

279 2037 308 2085 et
320 2028 377 2103 ipsi
389 2029 431 2086 uti
442 2023 467 2084 :⁴
485 2047 567 2086 secus
581 2027 685 2087 debent
696 2029 741 2086 sui
753 2026 860 2086 ordinis
874 2045 986 2084 morem
999 2027 1091 2100 sequi,
1105 2025 1161 2084 nisi
1174 2025 1312 2106 specialis
1331 2027 1373 2083 eis

278 2126 393 2184 licentia
412 2127 446 2184 ab
466 2145 501 2184 eo
521 2125 686 2184 discedendi
704 2126 766 2184 data
786 2127 831 2184 sit.
874 2127 971 2184 Nemo
994 2135 1087 2184 autem
1107 2125 1211 2200 poterit
1235 2125 1372 2200 specialia

279 2224 424 2284 Breviaria
436 2225 466 2284 in
480 2225 620 2296 aliquibus
640 2225 810 2284 dioecesibus
835 2225 992 2282 Galliarum
1013 2223 1146 2292 adbibita,
1161 2223 1246 2295 quale
1261 2232 1306 2281 est
1319 2224 1371 2281 Pa·

279 2324 410 2389 rismum,
433 2324 463 2380 in
479 2323 532 2380 hac
553 2324 670 2399 regione
692 2325 827 2392 recitare;
850 2342 939 2395 quum
961 2342 1055 2384 mores
1078 2322 1121 2380 illi
1134 2341 1186 2379 seu
1205 2322 1368 2398 privilegia,

279 2417 430 2497 (quidquid
442 2418 477 2476 de
490 2421 526 2477 iis
539 2422 714 2478 censendum
731 2417 792 2499 sit)
812 2421 885 2480 nihil
904 2422 952 2480 hic
971 2422 1100 2488 valeant3
1123 2422 1370 2494 et'unusquisqne

279 2525 407 2576 teneatur
416 2515 450 2574 ad
463 2516 591 2576 officium
605 2518 744 2577 Ecclesiae
757 2520 804 2576 cui
817 2519 976 2596 adscriptus
989 2529 1033 2578 est
1041 2515 1243 2578 recitandum.⁵

318 2619 348 2674 9.
369 2615 518 2674 Tenentur
530 2635 630 2676 omnes
644 2617 681 2676 ad
699 2617 873 2676 recitandum
896 2618 1021 2678 officium
1044 2617 1123 2691 quod
1136 2617 1257 2694 singulis
1272 2616 1368 2676 diebus

281 2714 458 2793 adsignatum
471 2725 529 2774 est:
551 2735 609 2774 non
629 2717 705 2774 enim
728 2726 771 2776 est
789 2718 891 2793 privati
914 2718 1053 2794 cujusque
1067 2716 1195 2774 ordinem
1209 2737 1226 2772 a
1238 2733 1369 2792 suprema

281 2816 444 2873 auctoritate
458 2815 650 2882 constitutum,
665 2815 711 2872 vel
727 2816 853 2891 legitima
866 2815 1069 2874 consuetudine
1085 2814 1244 2883 definitum,
1266 2825 1367 2872 temere

278 2913 444 2970 immutare:
466 2911 544 2982 quod
564 2914 587 2970 si
609 2913 672 2982 quis
685 2914 794 2986 passim
814 2922 911 2980 tentet,
931 2912 977 2970 vel
996 2913 1086 2986 semel
1104 2911 1244 2980 consulti,
1260 2913 1367 2970 videtur

277 3009 400 3084 graviter
407 2999 552 3082 peccare.⁶
591 3007 734 3068 Caeterum
748 3011 772 3066 si
786 3012 851 3082 quis
864 3029 958 3070 errore
970 3013 1130 3070 recitaverit
1139 3011 1267 3070 officium
1281 3011 1367 3069 diver·

277 3123 342 3164 snm
355 3105 390 3162 ab
403 3123 438 3162 eo
451 3104 528 3176 quod
540 3103 596 3162 diei
610 3105 695 3164 alicui
708 3106 888 3184 adsignatum
901 3119 953 3178 est,
968 3129 1027 3168 non
1039 3111 1238 3170 existimamus
1252 3129 1322 3170 enm
1334 3109 1367 3168 ad

277 3203 352 3264 aliud
374 3204 482 3270 toneri;
502 3221 591 3277 quum
610 3207 743 3284 precepti
765 3207 924 3267 subeuntia
936 3209 1053 3286 impleta
1071 3212 1118 3280 sit,
1143 3219 1172 3268 et
1192 3228 1272 3267 error
1292 3217 1367 3267 vacet

278 3303 378 3382 culpa;
399 3303 445 3362 vel
458 3322 496 3362 ex
509 3304 592 3380 culpa
603 3304 661 3362 levi
674 3315 751 3364 ortus
774 3308 820 3374 sit,
834 3309 859 3366 si
872 3327 909 3366 ex
923 3309 1046 3380 quadam
1059 3309 1232 3387 negligentia
1244 3309 1366 3384 contige·

276 3403 322 3460 rit.
364 3402 470 3462 Meritd
484 3414 577 3461 nutem
591 3402 721 3462 damnata
732 3415 777 3462 est
789 3407 823 3463 ab
842 3406 1007 3466 Alexandro
1020 3407 1089 3467 VII.
1104 3408 1281 3486 propositio:
1305 3417 1323 3444 ‘⁶
1333 3407 1364 3466 ln

278 3499 324 3559 die
351 3503 508 3579 palmarum
534 3503 655 3561 recitans
688 3503 814 3565 officium
846 3505 990 3582 paschale,
1022 3507 1159 3566 satisfacit
1178 3500 1363 3584 praecept0.”⁷

277 3599 424 3672 Equidem
437 3603 505 3660 satis
519 3601 684 3678 intelligitur
696 3603 752 3662 hoc
770 3604 834 3662 loco
848 3605 894 3682 agi
906 3605 942 3662 de
955 3624 990 3664 ec
1008 3607 1058 3680 qui
1077 3608 1200 3666 scienter
1219 3606 1297 3664 aliud
1308 3623 1361 3682 pre

278 3697 333 3756 alio
347 3699 472 3758 officium
486 3701 595 3768 recitet,
608 3710 637 3758 et
658 3702 773 3773 quidem
793 3704 993 3763 brevissimum
1011 3725 1071 3782 prm
1090 3706 1223 3784 longiori,
1238 3704 1361 3782 neglecto

277 3798 415 3874 mysterio
428 3797 506 3871 quod
518 3816 554 3857 eo
567 3798 612 3856 die
626 3801 786 3875 specialiter
799 3802 950 3862 colendum
964 3814 1016 3864 est.

311 4033 323 4094 (
330 4036 350 4090 Ι)
370 4031 433 4080 Vide
444 4031 553 4082 Antoine
565 4031 646 4082 Trect.
658 4033 688 4082 de
700 4031 796 4084 Virtute
808 4031 951 4098 Religionis,
959 4051 980 4085 c.
993 4035 1008 4084 i.
1016 4053 1057 4100 qn.
1070 4035 1103 4086 iii.
1115 4039 1140 4087 3.

325 4115 354 4176 2)
373 4113 400 4162 S.
412 4113 442 4163 R.
456 4113 487 4162 G.
498 4115 562 4164 diet
573 4116 641 4180 Sept.
654 4117 728 4166 1745.
831 4120 874 4181 (2)
893 4117 919 4166 S.
932 4119 962 4168 R.
972 4119 1004 4168 0.
1014 4119 1053 4168 die
1063 4119 1097 4168 28
1108 4118 1198 4177 Martii,
1212 4119 1284 4168 1775.

339 4196 351 4342 3
372 4194 412 4243 Ex
426 4195 504 4246 Olem.
517 4197 542 4246 ii.
551 4199 582 4248 de
593 4200 638 4248 cel.
648 4199 716 4248 Mire.
812 4203 813 4206 ’
829 4203 868 4267 (5)
888 4202 949 4266 Cap.
961 4202 1011 4252 xiii.
1023 4212 1048 4252 et
1058 4219 1113 4268 cap.
1125 4202 1173 4254 xiv.
1185 4202 1239 4252 dist.
1251 4201 1292 4250 xii.

371 4278 480 4330 Antoine
492 4290 547 4344 post
557 4284 645 4346 plures.
680 4284 755 4336 'l'rect
766 4287 796 4336 de
809 4287 896 4338 virtute
908 4287 960 4337 Rel.
974 4304 996 4338 c.
1006 4287 1020 4336 i
1033 4304 1074 4352 qu.
1086 4289 1118 4338 iv.

340 4363 351 4426 )
371 4359 444 4424 Prop.
456 4363 540 4413 xxxiv.

311 4113 321 4174 (

310 4195 338 4256 (a

309 4277 338 4340 (s

308 4361 337 4426 (r
