3078 5258
817 1015 836 1070 ¹t

838 1075 889 1156 χχ
933 1087 939 1096 ⁸
1000 1161 1003 1168 .

615 1234 758 1330 cerub'
779 1269 833 1330 iv.

488 1499 528 1540 DE
548 1499 672 1540 tutotuto
692 1499 732 1540 ET
752 1499 969 1542 nnsulnnrtnln.

223 1662 273 1718 37.
293 1658 312 1715 J
314 1675 445 1718 emutuit
464 1659 655 1735 praecribitur
672 1659 736 1736 lege
755 1660 841 1718 totius
853 1661 994 1719 Ecclesia
1007 1660 1130 1738 siugulis
1144 1661 1273 1730 Quadra·

181 1759 301 1833 gesimae
314 1757 423 1826 diebus,
437 1757 600 1818 Dominicis
613 1759 752 1834 exceptis,
766 1769 795 1816 et
806 1759 837 1816 in
849 1759 928 1818 seriis
947 1769 1055 1831 quarta,
1066 1770 1157 1830 sexta,
1171 1773 1200 1820 et
1213 1764 1275 1820 eeb-

180 1855 256 1924 bato,
271 1866 369 1928 quater
380 1857 412 1914 iu
424 1875 510 1924 anno,
524 1875 575 1916 seu
590 1866 710 1930 quatuor
722 1857 915 1934 temporibus;
938 1859 1009 1916 etin
1022 1858 1127 1934 vip'liir
1137 1859 1277 1918 Omnium

183 1953 364 2023 Sanctorum,
374 1956 485 2014 Natalis
495 1953 623 2022 Domini,
631 1966 660 2012 et
672 1925 863 2032 Epiphaniaels
868 1965 897 2014 et
904 1932 1115 2014 Pentecosten?
1119 1924 1279 2034 ‘jejunatur

181 2053 271 2110 etiam
283 2054 422 2128 plerisque
435 2055 466 2112 in
479 2053 524 2112 his
538 2054 708 2114 dicecesibns
721 2054 792 2112 seria
813 2063 895 2112 sexta
913 2054 1034 2131 singulis
1047 2053 1275 2116 hebdomadibus

182 2148 342 2208 Adventus.
381 2153 531 2229 Jejnnium
553 2153 639 2210 etiam
659 2151 846 2211 vehementer
857 2152 1115 2212 commendandum
1129 2165 1174 2212 est
1186 2153 1277 2213 fideli·

182 2248 236 2306 bus
248 2248 348 2308 barum
362 2251 572 2326 provinciarum
586 2250 700 2309 sabbato
724 2259 787 2308 ante
804 2250 986 2310 Dominicam
1000 2251 1101 2324 inqua
1113 2249 1173 2310 dies
1187 2253 1276 2310 secure

182 2346 216 2404 S.
231 2347 263 2404 S.
277 2347 355 2406 Petri
368 2357 397 2406 et
409 2349 494 2408 Pauli
507 2349 673 2408 solemniter
685 2348 760 2424 apud
772 2367 825 2408 nos
844 2349 1010 2416 celebrauit,
1024 2351 1134 2409 scilicet
1146 2351 1178 2410 in
1191 2367 1278 2424 qnam

181 2445 246 2520 ipse
259 2444 320 2502 dies
333 2445 422 2505 sestius
435 2446 575 2516 inciderit,
589 2447 635 2506 vel
648 2465 712 2521 ane
725 2447 810 2506 fuerit
821 2449 895 2508 intra
905 2448 1054 2508 Octavam.
1096 2451 1139 2509 Ita
1148 2451 1235 2527 J'ussit
1243 2449 1275 2507 S.

183 2540 388 2621 congregatio,
402 2563 491 2618 quum
504 2545 638 2622 obligatio
647 2544 799 2623 jejunandi
818 2547 917 2623 vigilia
928 2547 995 2606 festi
1005 2548 1096 2623 ipsine
1112 2547 1277 2614 auferretur,

181 2643 348 2718 rogantibus
362 2644 504 2720 episcopis
517 2644 631 2702 concilii
641 2646 733 2718 quarti
742 2645 970 2704 Baltimorensis.
998 2645 1179 2702 Abstinentia
1192 2663 1279 2702 acar·

181 2739 271 2798 nibus
284 2740 390 2810 absque
398 2741 507 2817 jejunio
518 2741 709 2818 praecribitur
722 2741 823 2816 signlis
840 2741 920 2799 feriis
942 2742 1032 2798 sextis
1051 2759 1104 2816 per
1123 2748 1214 2796 totum
1230 2757 1279 2798 an·

182 2851 266 2904 num,
281 2847 400 2913 excepta
412 2857 445 2896 ca
457 2839 486 2898 in
498 2857 554 2912 qne
566 2841 717 2916 contigerit
729 2840 833 2898 festum
847 2837 959 2898 Natalis
970 2837 1100 2898 Domini.
1121 2835 1195 2904 Qnte
1206 2835 1276 2896 alies

178 2944 310 2994 servatum
330 2937 435 2994 subbati
455 2938 631 3007 abstinentia,
645 2956 682 2995 ex
703 2937 787 2995 Sedis
800 2936 973 3015 Apostolica
998 2937 1185 3015 indulgentia,
1201 2935 1275 3014 apud

179 3051 246 3100 nos,
260 3035 335 3093 sicut
343 3035 405 3111 jam
418 3036 447 3092 in
460 3036 605 3095 nonnullis
620 3037 682 3094 aliis
694 3037 779 3105 locis,
793 3038 917 3095 relaxata
930 3045 982 3094 est.

224 3135 272 3190 38.
293 3133 478 3192 Abstinentiae
492 3153 599 3194 nomeu
611 3135 734 3194 strictius
749 3135 795 3193 hic
807 3136 948 3204 sumitur;
962 3153 1050 3208 quum
1065 3135 1134 3193 alias
1145 3137 1278 3194 virtutem

180 3229 288 3290 indicet
300 3248 357 3304 qua
369 3233 399 3290 in
408 3233 483 3302 ⁸cibis
496 3232 680 3292 comedendis
697 3234 852 3309 appetitum
874 3234 1010 3308 regimus.
1052 3233 1173 3290 Virtutis
1192 3232 1278 3308 hujus

181 3329 317 3387 utilitates
330 3331 461 3405 plurimis
475 3331 656 3390 commendat
675 3332 707 3388 S.
723 3332 872 3390 Thomas:
895 3330 1129 3389 “delectationes
1152 3330 1279 3387 ciborum

181 3435 255 3485 nata
269 3438 335 3487 sunt
347 3429 509 3488 abstrahere
522 3431 670 3488 hominem
689 3451 707 3487 a
726 3432 803 3489 bono
824 3429 952 3498 rationis,
967 3437 1027 3486 tum
1047 3435 1163 3504 propter
1182 3444 1279 3485 earum

181 3527 419 3602 magnitudinem,
431 3536 490 3586 tum
503 3529 587 3586 etiam
602 3529 923 3605 propternecessitatem
931 3527 1069 3592 ciborum,
1078 3524 1181 3598 quibus
1190 3523 1279 3584 homo

181 3622 293 3702 indiget
312 3625 431 3684 ad‘vitae
452 3628 707 3696 conservationem,
730 3647 816 3701 quarn
835 3626 960 3684 maxime
981 3625 1069 3684 homo
1089 3619 1278 3683 desiderat.”¹

183 3731 204 3758 ‘⁴
216 3723 275 3781 Per
297 3725 492 3784 abstinentiam
514 3744 619 3802 corpus
639 3728 800 3803 castigatur,
821 3743 879 3783 non
899 3725 991 3784 solum
1019 3733 1115 3784 contra
1134 3724 1280 3782 illecebras

181 3820 315 3890 luxuriae,
330 3822 382 3881 sed
394 3823 479 3882 etiam
492 3833 591 3882 contra
603 3824 748 3883 illecebras
761 3825 852 3902 gulae:
874 3825 941 3898 quia
963 3825 1032 3884 dnm
1046 3823 1134 3882 homo
1148 3823 1279 3888 abstinet,

183 3923 276 3997 magis
289 3921 416 3980 redditur
428 3921 508 3980 fortis
522 3922 558 3980 ad
576 3909 807 4000 impugnationes
830 3924 904 4000 gulae
926 3921 1092 3988 vincendas,
1116 3937 1179 3992 quae
1203 3927 1280 3978 tanto

182 4017 315 4078 fortiores
329 4029 404 4087 sunt,
419 4029 523 4092 quanto
546 4023 637 4098 magis
650 4022 738 4080 homo
758 4024 799 4080 eis
819 4017 943 4079 cedit.”²
981 4019 1132 4097 Jejunium
1153 4016 1188 4075 ad
1207 4017 1280 4078 hanc

179 4117 315 4177 virtutem
329 4119 460 4195 pertinet,
475 4119 552 4192 quod
574 4120 764 4197 singularibus
785 4120 917 4181 laudibus
938 4119 1023 4177 effert
1041 4119 1104 4197 ipse
1124 4119 1280 4194 Angelicns

178 4214 308 4276 Doctor:
332 4219 618 4279 “Assumitnrenim
632 4212 777 4297 jejunium
800 4218 994 4295 principaliter
1016 4217 1051 4276 ad
1073 4217 1135 4277 tria.
1176 4215 1274 4279 Primb
1375 4279 1378 4286 ,

816 4419 859 4490 (2)
878 4419 979 4481 Ibidem,
990 4417 1026 4470 ed
1034 4417 1181 4470 eandam.
