3078 5258
513 1361 846 1442 TRACTATUS
875 1370 920 1444 V.

413 1596 500 1702 'uu
530 1639 675 1704 runa
707 1637 987 1704 cunarum.

614 2180 756 2242 CAPUT
777 2181 802 2242 I.

479 2409 518 2450 DE
538 2409 780 2454 submurmurent
800 2411 937 2453 omotnn.

203 2575 230 2627 l.
252 2569 405 2628 Honrrvmr
418 2569 492 2628 inter
504 2587 536 2632 oe
559 2572 680 2630 societas
693 2592 730 2631 ex
750 2574 884 2632 instinctu
907 2573 1031 2646 quodam
1051 2581 1168 2640 nature,
1188 2573 1253 2632 Deo

160 2669 364 2745 proculdubio
382 2678 503 2739 auctore,
527 2671 596 2729 inita
618 2681 671 2730 est.
713 2672 763 2730 Ex
781 2671 886 2729 iisdem
907 2673 961 2729 orti
983 2671 1145 2748 parentibus
1166 2689 1253 2730 unam

160 2767 302 2828 familiam
322 2767 390 2825 olim
409 2770 633 2838 constituebant3
654 2780 682 2828 et
704 2771 754 2842 qui
776 2770 884 2828 diluvio
903 2776 984 2826 erant
1005 2768 1181 2843 superstites,
1202 2768 1254 2826 hu·

159 2867 241 2924 mani
254 2867 366 2943 generis
378 2868 444 2924 novi
458 2869 544 2926 veluti
557 2879 697 2937 auctores,
711 2879 839 2945 posteros
850 2868 988 2945 sanguine
1002 2866 1177 2925 coherentes
1190 2868 1254 2925 reli-

161 2976 299 3037 querunt;
315 2966 363 3040 qui
374 2975 467 3031 tamen
477 2985 596 3028 numero
604 2969 687 3036 aucti,
695 2976 724 3025 et
732 2968 763 3025 in
770 2968 861 3026 varias
871 2968 1002 3044 regiones
1011 2966 1133 3044 dispersi
1142 2966 1253 3025 interse

160 3066 414 3142 conjungebantur,
429 3067 475 3123 vel
488 3087 504 3124 a
518 3084 548 3122 se
562 3068 686 3125 invicem
698 3065 903 3136 dividebantur,
917 3085 970 3144 pro
979 3085 1073 3125 rerum
1088 3069 1253 3144 opportuni·

160 3171 215 3220 tate
231 3175 258 3222 et
270 3163 475 3223 vicissitudine.
518 3165 616 3224 Prima
635 3185 747 3224 morum
760 3167 899 3244 principia
915 3161 1049 3244 omnibus
1063 3166 1152 3224 veluti
1165 3168 1250 3225 insita

159 3264 286 3340 regulam
299 3263 451 3340 legemque
471 3265 572 3342 agendi
586 3265 688 3340 cuique
710 3265 886 3341 praebebant3
908 3263 960 3322 eod
973 3275 1153 3322 accesserunt
1167 3266 1251 3341 jussa

161 3363 292 3434 quaedam
305 3381 404 3422 eorum
418 3363 519 3436 quibus
539 3383 651 3422 summa
669 3364 783 3442 imperii
799 3362 1030 3429 'concredebatua
1051 3370 1082 3420 ut
1102 3362 1252 3420 multitudo

162 3462 192 3518 in
205 3461 301 3519 officio
311 3463 511 3521 contineretur.
532 3463 687 3522 Multitudo
700 3472 793 3520 eutem
808 3483 872 3536 quae
887 3464 917 3520 in
926 3479 1016 3520 unum
1029 3460 1254 3536 eorpuscoalue·
1331 3477 1334 3482 ·
1363 3452 1368 3463 ’

160 3569 203 3618 rat
215 3579 286 3636 gens
299 3561 409 3629 dicitur,
420 3563 529 3620 scilicet
541 3581 604 3634 quae
614 3562 775 3621 eommunis
786 3562 933 3639 regiminis
941 3560 1055 3618 vinculo
1065 3559 1250 3627 connectitur,

160 3667 189 3715 et
197 3677 261 3731 quae
272 3661 306 3716 ab
315 3661 408 3720 alieno
416 3661 601 3738 imperionon
612 3662 726 3739 pendet.
757 3659 1253 3739 Intergentesfluviismontibusque

160 3777 176 3812 a
189 3776 220 3814 se
234 3760 358 3817 invicem
372 3770 514 3836 separatas
527 3761 672 3820 fovebatur
684 3780 900 3836 nonnumquam
910 3760 1069 3819 officiorum
1084 3758 1250 3817 vicissitudo

160 3875 222 3928 quae
237 3858 338 3916 iisdem
352 3868 456 3917 naturae
468 3860 578 3937 legibus
598 3860 754 3941 regebatur,
769 3861 870 3920 additis
884 3880 948 3935 quae
968 3862 1032 3937 ipsa
1044 3859 1173 3935 gentium
1186 3875 1252 3914 con·

159 3953 229 4014 ditio
244 3958 412 4034 postulabat,
425 3969 456 4015 ut
468 3960 565 4018 omnia
578 3960 639 4018 uine
653 3959 772 4036 alicujus
785 3962 887 4038 injuria
900 3967 1073 4037 gererentur.
1115 3954 1185 4014 Inde
1201 3956 1250 4032 jus

157 4055 285 4131 gentium
298 4066 392 4116 ortum
406 4067 459 4126 est,
474 4058 551 4130 quod
564 4060 627 4135 ipsa
640 4069 745 4118 naturae
758 4060 822 4136 lege
835 4060 941 4125 nititur,
951 4065 1089 4128 quatenus
1099 4054 1249 4114 hominum

158 4154 334 4215 multitudini
346 4158 489 4216 convenit.

196 4259 226 4310 2.
247 4253 437 4315 Primaeoum
451 4258 579 4333 gentium
589 4257 637 4334 jus
651 4275 685 4315 ea
695 4256 889 4333 complectitur
901 4254 1051 4334 principia,
1064 4273 1137 4326 quae,
1152 4265 1251 4314 natura

156 4353 220 4427 ipsa
233 4354 366 4424 dictante,
381 4355 515 4415 omnibus
529 4356 659 4432 gentibus
673 4365 741 4413 sunt
752 4357 924 4416 eommunia.
970 4353 1191 4414 Secundorium
1200 4355 1251 4432 jus

158 4453 286 4527 gentium
312 4454 349 4513 iis
375 4465 494 4525 constat,
522 4474 586 4530 quae
618 4456 763 4514 communi
782 4457 869 4515 veluti
895 4473 1036 4516 consensu
1064 4473 1101 4512 ex
1120 4454 1249 4525 equitate

678 4557 737 4613 21*
