3046 5262
271 489 330 546 298
508 481 564 542 DE
586 479 794 542 Pncchrrs
815 477 1103 546 CAPITALIBUS.

272 659 365 708 catum
378 645 490 719 quando
503 647 568 720 quis
581 654 660 721 putat
678 663 710 704 se
729 663 815 722 posse
835 645 942 718 absque
961 642 1059 701 divino
1078 642 1187 701 lumine
1202 649 1291 700 totam
1303 639 1355 698 Dei

273 745 459 806 oeconomiam
472 745 503 804 in
516 743 615 804 mundi
634 744 771 820 regimine
791 742 944 819 explicare,
959 741 1005 799 vel
1024 741 1204 817 intelligerc3
1226 750 1276 797 ant
1288 739 1355 796 salu·

272 854 329 902 tem
349 843 488 915 consequi
507 844 613 915 absquo
634 843 732 918 gratia,
753 841 822 902 solis
844 842 903 900 suis
916 841 1032 898 viribus.
1074 839 1125 899 sic
1139 841 1232 912 quise
1253 848 1356 895 temere

272 941 369 1018 objicit
381 939 531 1000 manifesto
553 941 663 1018 peccati
686 939 852 1006 discrimini,
872 939 932 996 suis
955 938 1064 996 viribus
1087 939 1182 1005 nixus,
1202 953 1355 1012 preasump-

272 1039 355 1098 ticnis
368 1038 505 1115 gravioris
518 1058 598 1098 reum
611 1057 642 1096 se
656 1037 767 1114 prodit:
790 1045 962 1113 quapropter
981 1038 1032 1108 qui
1043 1036 1132 1094 libros
1147 1037 1296 1094 obscoenos
1309 1051 1355 1090 cn-

271 1138 346 1196 riose
371 1137 499 1214 perlegit,
521 1136 566 1194 vel
585 1137 636 1209 qui
656 1155 722 1194 cum
744 1136 912 1194 mulieribus
934 1133 1106 1192 familiariter
1125 1143 1262 1198 versatur,
1285 1131 1358 1188 nulla

272 1233 396 1294 adhibita
407 1236 526 1303 cautela,
540 1235 624 1310 culpa
636 1234 771 1292 immunis
784 1251 843 1292 non
856 1243 910 1290 est.
951 1230 1009 1299 Qui
1029 1250 1114 1308 grave
1133 1232 1271 1290 damnum
1284 1229 1358 1286 alteri

272 1332 366 1401 insert,
387 1351 490 1392 munus
512 1330 678 1410 aggrediens
699 1331 776 1404 quod
801 1350 860 1391 non
881 1331 955 1389 valet
974 1331 1120 1406 perlicere,
1141 1327 1212 1388 illud
1232 1344 1357 1403 reparare

273 1431 366 1500 debet,
387 1449 476 1504 quum
496 1450 548 1489 sua
567 1430 652 1506 culpa
673 1431 793 1488 eveniat.
835 1428 913 1488 Hinc
935 1429 985 1500 qui
1010 1429 1227 1486 instrumentum
1248 1425 1359 1482 conticit

275 1532 389 1608 ignauis
403 1528 547 1602 quomodo
559 1531 611 1586 rite
624 1527 833 1586 conficiendum
846 1529 893 1594 sit,
908 1535 1017 1584 tenetur
1029 1525 1065 1582 ad
1083 1523 1271 1604 reparandum
1285 1522 1359 1580 dam-

274 1647 353 1686 num.
396 1627 453 1692 Qui
466 1646 518 1685 suo
526 1626 636 1703 judicic
650 1625 777 1684 conlisus
789 1627 874 1685 ritum
882 1643 990 1684 novum
1001 1623 1135 1684 inducere
1145 1621 1247 1690 studet,
1257 1622 1359 1694 absque

274 1725 438 1804 presulum,
452 1727 610 1802 praesertim
623 1724 747 1783 Romani
760 1724 920 1791 Pontificis,
941 1724 1033 1792 venia,
1053 1732 1202 1799 peccatum
1217 1737 1302 1797 grave
1315 1719 1360 1776 ad·

274 1824 369 1892 mittit,
383 1841 450 1882 nam
462 1823 639 1883 utRadulfus
649 1822 829 1900 Tungrensis
839 1822 1053 1882 animadvertit:
1076 1830 1095 1858 ‘⁴
1109 1822 1144 1880 ln
1158 1819 1254 1878 divino
1266 1816 1361 1875 officio

275 1931 318 1980 est
331 1942 347 1980 a
359 1923 529 1982 novitatibus
542 1923 659 1980 omnino
680 1915 925 1981 abstinendum.”¹
965 1920 1001 1980 Id
1021 1919 1103 1978 nobis
1127 1917 1286 1977 cavendum
1307 1926 1360 1982 est,

276 2041 365 2095 quum
378 2039 416 2079 ex
428 2021 522 2080 studio
541 2019 712 2098 praejudiciis
735 2020 931 2080 hereticorum
951 2019 1064 2079 obviam
1077 2017 1175 2086 eundi,
1196 2016 1261 2090 quis
1281 2014 1361 2074 facile

275 2118 371 2178 induci
384 2119 484 2196 possit,
498 2128 529 2177 ut
537 2136 571 2176 ea
579 2118 662 2176 saciat
672 2136 735 2191 quae
749 2129 845 2176 carent
857 2118 991 2194 exemplo
1001 2126 1030 2174 et
1039 2117 1209 2175 auctoritatis
1220 2112 1360 2192 presidio.

315 2221 364 2276 38.
391 2217 516 2276 Ambitio
541 2226 586 2274 est
611 2216 784 2276 inordinatus
807 2215 948 2277 honorum
969 2225 998 2273 et
1019 2215 1187 2292 dignitatum
1210 2212 1361 2290 appetitus.

276 2315 332 2374 Est
344 2315 461 2376 mortale
474 2325 622 2392 peccatum
634 2316 660 2374 si
673 2316 737 2390 quis
752 2324 828 2376 tanto
848 2315 949 2374 affectu
962 2315 1102 2372 honorem
1114 2322 1237 2390 appetat,
1251 2319 1283 2368 ut
1299 2327 1364 2368 eum

275 2415 393 2471 omnino
414 2412 624 2488 impetrandum
646 2421 756 2480 statuat,
778 2431 965 2487 quaecumque
982 2411 1142 2471 adhibenda
1154 2412 1211 2468 sint
1229 2407 1364 2468 subsidia

276 2509 380 2568 Peccat
391 2510 475 2568 ctiam
488 2511 609 2587 graviter
622 2509 672 2582 qui
685 2509 800 2583 aliquod
819 2512 980 2572 subsidium
999 2512 1116 2568 vetitum
1130 2509 1254 2576 adhibet,
1268 2508 1312 2565 uti
1324 2525 1365 2564 ce-

275 2608 398 2668 lumnias
421 2609 524 2668 aemulo
537 2609 703 2668 intentatas:
725 2609 802 2682 quod
816 2611 878 2687 jam
891 2613 922 2670 in
942 2626 1020 2669 more
1040 2618 1200 2668 estmunus
1213 2606 1362 2684 publicum

275 2707 445 2785 petentibus.
488 2706 592 2767 Gravis
606 2725 719 2782 quoque
732 2717 776 2766 est
788 2708 872 2786 culpa
880 2711 985 2768 munus
999 2716 1132 2784 appetere
1145 2705 1225 2780 quod
1238 2705 1304 2779 quis
1318 2723 1364 2762 cx·

275 2825 371 2866 erccre
385 2825 442 2866 non
454 2807 545 2864 valeat
557 2808 662 2880 absque
675 2807 755 2884 gravi
767 2807 886 2868 aliorum
904 2790 1085 2866 detrimento.
1127 2805 1176 2862 Sic
1190 2807 1241 2878 qui
1254 2805 1363 2880 episco-

275 2913 373 2980 patum
387 2906 495 2979 appetit
506 2905 632 2964 moribus
645 2903 721 2962 haud
731 2906 859 2982 integris,
873 2906 918 2964 vel
927 2923 1014 2964 sacrm
1024 2905 1148 2962 scientia
1158 2902 1236 2961 haud
1249 2903 1365 2980 peritus,

275 3001 367 3076 gravis
381 3002 491 3074 peccati
510 3018 575 3058 reus
595 3009 657 3068 est;
680 3001 884 3076 “Plerumque
898 3006 948 3078 qui
962 3021 1087 3080 praeesse
1106 3003 1316 3077 concupiscamt
1332 2998 1365 3056 sd

275 3195 332 3252 ait:
355 3193 407 3252 ‘Si
422 3195 485 3266 quis
507 3196 703 3272 episcopatum
722 3197 863 3257 desiderat
881 3201 990 3257 bonum
1010 3218 1083 3274 opus
1103 3196 1266 3256 desiderat!
1310 3195 1366 3262 Qui

275 3303 371 3353 tamen
382 3293 500 3352 laudans
514 3294 695 3363 desiderium,
710 3295 740 3353 in
752 3315 887 3373 pavorem
900 3299 984 3356 vertit
999 3297 1127 3371 protinus
1141 3294 1220 3370 quod
1232 3293 1366 3359 laudavit,

276 3411 341 3451 oum
354 3401 470 3470 repente
483 3394 646 3472 subjungit:
671 3392 809 3470 ‘Oportet
829 3403 924 3454 eutem
946 3397 1115 3472 episcopum
1135 3392 1366 3472 irreprehensibi-

275 3490 333 3550 lem
346 3491 443 3548 esse.”
455 3486 480 3520 ’²

315 3594 364 3648 39.
386 3590 468 3646 Vana
479 3591 570 3671 gloria
579 3600 622 3649 est
634 3588 806 3648 inordinatus
816 3591 906 3651 laudis
919 3591 1052 3651 humanae
1062 3591 1215 3669 appetitus.
1238 3590 1366 3649 Plerum-

276 3705 331 3760 que
345 3687 463 3745 vcnialis
477 3697 521 3745 cst
533 3689 635 3764 culpa;
655 3688 718 3746 fieri
732 3698 826 3750 nmen
839 3699 934 3766 potest
946 3700 977 3748 ut
990 3691 1057 3764 quis
1070 3691 1153 3748 rebus
1167 3690 1265 3764 pravis
1279 3705 1366 3764 popu·

274 3785 364 3844 larem
377 3792 470 3861 captet
482 3804 597 3853 amam3
611 3785 656 3843 vel
667 3784 739 3845 adeo
752 3787 843 3866 inhiet
852 3788 934 3848 lamae
947 3787 1075 3855 erlaudi,
1090 3797 1120 3847 ut
1132 3787 1267 3846 ultimum
1280 3787 1366 3844 finem

276 3886 307 3944 in
326 3905 360 3944 ea
380 3884 552 3944 constituere
571 3883 716 3942 videatur:
738 3887 815 3959 quod
837 3900 923 3964 'grave
944 3895 1096 3965 peccatum
1117 3894 1179 3944 est:
1202 3895 1222 3922 “
1234 3882 1365 3949 Potest,”

276 3984 367 4057 inquit
380 3985 412 4042 S.
433 3984 574 4054 Thomas,
599 3983 792 4044 “contrariari
804 3985 933 4046 charitati
952 3985 1121 4064 dupliciter:
1141 4003 1201 4044 nno
1215 3982 1313 4049 modo,
1326 4000 1369 4040 ra·

312 4183 354 4248 (l)
375 4183 428 4232 Lib.
440 4185 470 4233 de
483 4185 651 4238 observantiis
659 4187 783 4238 canonicis
799 4188 909 4253 propri.
929 4189 993 4239 Vide
1005 4189 1076 4254 plura
1092 4186 1157 4254 apud
1169 4185 1285 4236 Nattlem
1293 4183 1369 4231 Alex·

276 4267 379 4317 andrum
389 4267 471 4318 Tract.
479 4270 510 4318 de
520 4286 571 4334 pec.
583 4287 604 4321 c.
616 4273 648 4322 iv.
660 4281 705 4323 ert.
716 4274 767 4324 xxi.
785 4275 845 4336 Reg.
859 4274 884 4324 ii.

313 4351 355 4415 (2)
369 4350 395 4397 S.
407 4350 482 4412 Grcg.
493 4351 577 4414 Magn.
590 4351 655 4404 Part.
668 4372 718 4420 par.
731 4357 746 4406 i.
754 4373 776 4408 o.
786 4359 818 4406 ri.
