3078 5258
428 487 485 547 DE
507 484 918 572 IN'PERPRETATIONE
940 486 1102 548 LEGUM.
1256 493 1311 547 173

222 659 386 716 dioecesano
399 655 554 714 intentatur
567 651 677 710 clericis
691 654 747 711 reis
761 653 913 719 ebrietatis,
928 652 1084 734 nonafficit
1096 671 1146 710 eos
1161 651 1210 724 qui
1230 653 1312 710 casti·

223 757 285 816 tatis
299 756 408 814 violatae
422 755 527 812 luerint
538 751 590 820 rei,
604 751 671 808 licet
683 753 795 826 gravius
806 753 843 809 sit
856 751 1000 810 delictum.
1042 752 1313 810 Excommunicatio

222 856 275 913 lata
288 856 318 912 in
332 863 449 913 secreta
463 851 606 910 societatis
619 851 783 928 participes,
797 869 855 910 nou
866 860 960 928 poten
973 851 1088 910 extendi
1102 851 1137 908 ad
1150 869 1200 908 eos
1214 853 1264 924 qui
1278 851 1314 908 ad

222 953 331 1012 cadem
343 952 504 1013 innocentis
518 950 751 1025 conspiraverint.
792 951 827 1009 In
840 951 875 1008 iis
889 960 984 1008 minen
996 953 1026 1010 iu
1046 950 1151 1025 quibus
1165 949 1236 1010 nihil
1249 950 1313 1026 lege

222 1053 365 1122 definitur,
383 1051 497 1130 judices
514 1051 608 1107 solent
628 1050 740 1108 arbitrio
754 1068 807 1107 suo
827 1049 968 1108 moderari
986 1053 1069 1128 juxta
1088 1068 1121 1107 ea
1140 1067 1203 1122 quae
1216 1051 1264 1108 lex
1277 1049 1313 1106 de

222 1153 304 1210 rebus
319 1151 462 1210 similibus
482 1141 640 1208 decemit:¹
657 1151 778 1208 etetiam
796 1149 868 1225 legis
886 1149 978 1207 civilis
998 1150 1157 1208 sanctiones
1171 1150 1314 1208 imitantur

224 1253 370 1328 praesules‚
387 1254 471 1328 juxta
483 1249 552 1307 illud
566 1247 732 1307 Lucrini:
755 1257 775 1284 “
784 1249 858 1306 sicut
866 1249 944 1326 leges
954 1267 1012 1307 non
1024 1247 1210 1324 dedignantur
1219 1267 1314 1306 sacros

225 1369 350 1408 canones
364 1349 476 1415 imitari,
491 1349 528 1406 ita
541 1357 569 1406 et
588 1365 734 1407 sacrorum
753 1357 854 1405 statuta
873 1366 1013 1408 cationum
1033 1349 1194 1425 principum
1212 1348 1314 1406 consti·

225 1450 379 1508 tutionibus
393 1439 607 1524 adjuvantur.”²
643 1447 689 1506 Ea
702 1447 786 1504 etiam
797 1465 860 1520 qun
870 1449 1077 1524 aequiparantur
1086 1447 1115 1506 in
1125 1446 1190 1522 jure
1200 1446 1315 1504 easdem

225 1558 380 1620 sequuntur
401 1549 498 1624 leges:
520 1549 562 1605 sic
585 1546 695 1615 electio,
716 1548 878 1624 postulatio,
892 1546 1070 1624 praesentatio
1083 1545 1184 1604 iisdem
1204 1546 1314 1622 legibus

226 1647 385 1722 subjacent.
427 1645 584 1704 Ocdicillus
606 1645 709 1704 iisdem
732 1647 829 1704 subest
849 1646 960 1724 legibus
981 1646 1083 1718 quibus
1103 1654 1311 1710 testamentum,

226 1757 295 1804 sunt
318 1747 393 1804 enim
417 1764 553 1804 connexa.
595 1745 712 1804 Obtinet
731 1746 816 1804 etiam
838 1746 868 1804 in
887 1746 950 1822 lege
970 1744 1162 1803 ecclesiastica
1182 1746 1315 1820 interpre-

225 1846 310 1904 tanda
322 1846 393 1924 legis
414 1845 506 1904 civilis
520 1845 693 1921 principium
706 1842 784 1918 quod
804 1854 823 1880 “
835 1843 1004 1922 dispositum
1024 1845 1054 1901 in
1073 1861 1131 1900 uno
1152 1845 1316 1901 correlativo

130 1991 138 1994 .
226 1953 373 2002 censeatur
382 1963 444 2002 esse
458 1943 628 2020 dispositum
642 1944 673 2003 in
692 1939 795 2002 alio.”³
836 1942 915 2002 Hinc
935 1960 991 2016 quo
1001 1943 1065 2019 jure
1080 1941 1214 2000 eximitur
1228 1943 1270 1999 vir
1282 1941 1315 1996 ab

228 2045 328 2102 uxoris
354 2043 482 2102 adulterae
509 2043 661 2111 consortio,
688 2043 790 2102 mulier
818 2043 946 2104 amariti
967 2041 1084 2100 adulteri
1110 2039 1313 2100 consuetudine

227 2155 387 2202 excusatur.

266 2249 314 2302 37.
338 2253 357 2280 “
369 2243 443 2302 Odia
454 2245 587 2322 restringi
601 2253 629 2300 et
641 2245 751 2303 favores
765 2247 897 2305 convenit
909 2236 1086 2321 ampliari.”⁴
1126 2243 1314 2320 lnexplican·

228 2342 270 2400 dis
293 2344 376 2420 igitur
398 2344 509 2420 legibus
530 2344 688 2421 poenalibus
709 2345 804 2403 mitior
826 2363 927 2404 sensus
947 2362 1033 2416 quern
1056 2344 1141 2402 verba
1166 2344 1311 2420 patiuntur

230 2443 384 2518 praefertur,
404 2461 471 2501 nam
498 2445 558 2502 “in
576 2446 669 2522 poenis
686 2445 834 2522 benignior
851 2455 895 2502 est
917 2444 1106 2521 interpretatio
1129 2435 1314 2502 facienda:”⁵

225 2541 278 2599 sed
290 2545 321 2600 in
332 2543 444 2620 legibus
458 2561 521 2615 quae
543 2543 652 2602 favores
673 2545 839 2620 respiciunt,
859 2543 1039 2620 amplissima
1060 2544 1211 2600 verborum
1231 2542 1317 2616 signi-

228 2641 324 2697 ficatio
338 2651 456 2698 tenetur.
496 2643 529 2700 Si
542 2662 627 2719 poena
646 2643 947 2704 excommunicationis
967 2641 1070 2698 seramr
1090 2643 1119 2698 in
1133 2638 1316 2703 homicidam,

229 2757 292 2796 non
306 2738 392 2796 afficit
404 2756 468 2796 enm
482 2741 529 2812 qui
547 2743 649 2800 vulnus
670 2741 763 2799 intulit
775 2759 859 2818 grave
879 2741 974 2798 animo
994 2735 1192 2804 interficiendi,
1203 2737 1228 2793 si
1242 2753 1317 2792 mors

227 2855 290 2896 non
303 2838 387 2895 fuerit
399 2855 496 2896 revera
514 2853 618 2900 secuta.
661 2841 725 2899 Lex
745 2850 839 2899 autern
859 2836 1009 2915 indulgens
1029 2836 1160 2896 fidelibus
1180 2853 1318 2894 commer-

228 2939 308 2995 cium
322 2957 388 2996 cum
408 2941 671 3008 excommunicatis,
695 2941 745 3013 qui
767 2958 825 2998 non
838 2939 942 2998 fuerint
961 2938 1128 2996 nominatim
1150 2937 1318 3000 denuntiati,

225 3036 274 3093 vel
287 3038 390 3096 notorii
403 3056 584 3114 percussores
599 3040 710 3108 clerici,
718 3039 855 3098 latissime
872 3038 1040 3118 explicatur.

269 3140 318 3193 38.
341 3136 471 3214 Epiikia,
486 3157 537 3196 scu
550 3139 673 3217 benigna
686 3140 878 3216 interpretatio
886 3157 941 3212 qua
955 3157 1036 3198 casus
1046 3138 1207 3216 singularis,
1222 3148 1320 3198 contra

228 3235 379 3294 verborum
390 3238 463 3314 legis
477 3239 546 3305 vim,
561 3239 694 3298 eximitur
708 3259 724 3295 a
742 3240 805 3315 lage
819 3240 855 3296 ob
869 3237 1066 3314 gravissimam
1086 3255 1210 3304 causam,
1223 3237 1319 3296 locum

227 3336 354 3394 maxime
368 3337 451 3394 habet
470 3337 500 3395 in
522 3336 585 3415 lege
606 3337 817 3399 ecclesiastica:
839 3355 894 3396 nec
917 3337 994 3394 enim
1011 3337 1059 3413 pia
1078 3345 1167 3394 mater
1187 3335 1320 3393 Ecclesia

229 3434 293 3491 vult
304 3435 377 3493 tilios
391 3455 458 3494 suos
472 3437 502 3494 in
522 3446 596 3496 tanta
609 3457 703 3496 rerum
714 3437 881 3516 difficultate
890 3436 927 3494 ad
939 3433 1192 3511 obtemperandum
1206 3432 1321 3490 adstrin-

232 3551 312 3609 gere.
354 3535 402 3593 Sic
429 3537 567 3594 moniales
594 3556 609 3594 a
629 3519 750 3597 claustro
776 3537 856 3595 exire
875 3543 1004 3612 possunt,
1025 3533 1158 3612 flagrante
1179 3530 1321 3599 incendic,

231 3633 280 3689 vel
293 3633 420 3694 hostibus
434 3636 613 3706 irruentibus,
626 3637 694 3716 licet
711 3638 760 3696 lex
781 3653 895 3696 ornnem
915 3651 1063 3712 egressum
1076 3642 1169 3692 vetare
1183 3632 1319 3692 videatur.

229 3732 317 3796 Quod
329 3735 414 3810 igitur
427 3745 520 3793 narrat
538 3737 690 3806 Matthaeus
704 3739 786 3796 Paris
807 3732 844 3794 de
864 3734 1002 3794 “duabus
1022 3735 1142 3794 reclusis
1156 3734 1320 3799 vestalibus,

229 3849 295 3902 quae
309 3851 362 3891 nec
381 3835 411 3892 in
431 3835 479 3893 tali
499 3835 697 3904 necessitate,'’
720 3836 850 3918 (incensa
868 3835 979 3895 scilicet
998 3835 1032 3893 ab
1052 3835 1181 3892 hostibus
1203 3831 1323 3888 ecclesia

229 3948 321 4006 prope
335 3950 421 4004 quam
434 3931 596 4012 degebant)
619 3944 638 3971 ‘⁴
649 3945 782 4012 putarunt
801 3955 866 3994 suas
880 3936 939 3998 fore
954 3932 1086 3990 aediculas
1105 3920 1324 3996 deserendas,”⁵

228 4045 368 4104 magnum
382 4032 476 4108 prodit
488 4034 599 4109 pietatis
614 4053 742 4104 sensum,
758 4034 807 4092 sed
822 4035 870 4106 qui
883 4033 955 4108 legis
970 4031 1028 4088 vim
1043 4027 1165 4088 excedit.

267 4199 311 4263 (t)
331 4198 360 4248 t..
376 4199 419 4250 xii.
430 4199 456 4250 ff.
468 4199 497 4251 de
511 4200 630 4270 Legibus·
789 4201 831 4266 (2)
850 4200 911 4265 Cap.
920 4198 949 4250 cle
960 4198 1018 4250 novi
1028 4199 1113 4266 operta
1124 4197 1292 4250 nuntiatione.

265 4281 306 4347 (3)
327 4282 387 4345 Reg.
399 4299 441 4332 xv.
453 4283 479 4334 in
491 4286 516 4333 6.
797 4285 839 4349 (t)
859 4282 919 4347 ng.
931 4283 991 4333 xlix.
1004 4283 1030 4333 in
1044 4283 1065 4333 6.

267 4369 312 4434 (5)
331 4367 362 4417 L.
371 4369 415 4418 ult.
426 4368 489 4420 Ood.
501 4369 531 4421 de
543 4369 641 4422 indicto
652 4369 743 4422 viduit·
770 4423 773 4429 ,

267 4452 311 4519 (6)
331 4452 399 4503 Hist.
410 4453 486 4518 Angl.
499 4454 639 4506 Wilielmus
650 4455 681 4505 ll.
693 4471 716 4520 p.
728 4457 766 4504 ta.
777 4455 834 4505 edit.
843 4453 932 4520 Tiguri
947 4456 1021 4505 1606.

754 4537 809 4594 16*
