3078 5258
429 461 486 522 DE
508 458 761 520 POTESTATE
782 459 921 520 LEGES
943 461 1142 522 FERENDI.
1275 471 1331 525 159

236 631 359 707 legium,
373 640 513 701 quatenns
527 631 557 686 in
570 645 660 686 unum
672 630 825 687 convenire
838 630 958 705 possint,
973 630 1099 698 exhibet,
1113 633 1197 708 cujus
1215 629 1299 690 decre
1308 643 1335 690 ta

241 729 363 805 Spiritui
375 729 482 787 Sancto
496 727 619 804 probari,
634 728 707 786 sicut
718 728 788 786 olim
802 746 866 799 quae
885 748 901 785 a
921 728 1043 788 concilio
1064 729 1330 806 Hierosolymitano

239 827 416 902 prodiemnt,
439 845 498 885 non
518 827 660 884 immerito
682 821 859 885 creduntur.l
902 825 1038 886 canones
1058 828 1190 888 dicuntur
1215 831 1295 907 leges
1317 849 1333 885 a

239 927 370 984 conciliis
384 927 570 984 oecumenicis
583 926 655 993 leto,
671 926 716 983 vel
729 945 822 998 quaea
841 925 1027 985 Pontificibus
1046 928 1092 985 vel
1111 928 1239 987 conciliis
1264 929 1334 986 inle-

239 1025 362 1082 rioribus
375 1024 551 1101 prodierunt,
566 1033 595 1080 et
606 1026 636 1082 in
655 1042 758 1099 corpus
777 1025 856 1082 turi·
875 1035 997 1101 receptae
1008 1035 1082 1084 sunt.
1124 1025 1256 1086 Concilia
1276 1029 1335 1086 Na·

239 1123 357 1180 tionalia
375 1142 413 1180 ex
433 1124 576 1199 episcopis
596 1125 680 1181 totius
700 1124 821 1181 nationis
841 1125 1007 1191 constantis,
1021 1125 1099 1202 leges
1119 1125 1212 1183 lerunt
1231 1127 1333 1198 quibus

239 1221 341 1297 ligatur
354 1241 425 1298 gens
439 1222 485 1280 eui
499 1230 632 1297 presunt.
675 1221 869 1280 Consiliorum
893 1223 1108 1298 provincialium
1127 1224 1207 1300 leges
1221 1227 1334 1300 provin·

239 1322 315 1378 ciam
328 1320 561 1387 ecclesiasticam,
576 1339 639 1392 quae
661 1322 755 1397 plures
775 1321 970 1396 complectitur
990 1323 1142 1390 dioceses,
1162 1323 1331 1398 respiciunt,

241 1419 295 1477 sed
308 1437 366 1477 non
379 1419 492 1494 plenam
505 1420 633 1476 obtinent
644 1421 703 1478 vim
716 1428 779 1476 ante
794 1420 942 1478 Pontificis
962 1423 1168 1496 probationem.
1211 1420 1334 1497 Episco-

241 1537 297 1592 pus
311 1519 431 1590 quisque
444 1535 524 1576 suern
547 1517 693 1578 dioecesim
706 1519 787 1595 regit,
808 1519 917 1594 legibus
940 1521 970 1576 in
983 1518 1094 1596 synodo
1115 1520 1276 1576 dioecesana
1297 1538 1334 1576 ex

243 1617 364 1674 consilio
377 1616 444 1672 cleri
455 1617 528 1684 latis,
542 1617 588 1674 vel
601 1617 669 1674 alias
683 1617 776 1675 editis.
819 1617 935 1677 Nullius
948 1619 1057 1677 roboris
1070 1627 1114 1676 est
1127 1617 1270 1676 decretum
1285 1619 1331 1675 vel

242 1713 294 1770 lex
307 1733 369 1785 que
382 1716 533 1790 superioris
546 1715 692 1774 tribunalis
714 1715 825 1773 decreto
847 1727 1004 1792 repugnat3
1025 1716 1146 1790 ideoque
1167 1717 1239 1776 nihil
1258 1717 1331 1774 valet

241 1812 396 1888 episcopus
409 1812 559 1872 decernere
572 1823 671 1872 contra
682 1813 872 1874 universalem
887 1815 1026 1872 Ecclesiae
1037 1812 1228 1891 disciplinam.

399 2031 413 2103 §
427 2030 489 2089 111.·.
523 2029 570 2088 Do
585 2049 689 2088 nesure
702 2049 998 2090 sccnnsrnsrrcnnon
1012 2049 1157 2089 neroum.

284 2199 312 2252 7.
335 2193 430 2259 Quum
450 2203 574 2270 potestas
594 2195 734 2254 Ecclesia
754 2205 811 2254 tota
831 2193 865 2252 ad
886 2196 1042 2256 annuarum
1061 2196 1180 2254 salutem
1199 2195 1263 2253 deta
1282 2197 1328 2262 sit,

240 2293 337 2368 legum
351 2293 608 2352 ecclesiasticarum
622 2295 735 2370 propria
748 2294 865 2350 materia
877 2303 922 2352 est
935 2293 1072 2369 quidquid
1082 2312 1116 2352 eo
1127 2293 1223 2353 tendit.
1245 2294 1335 2371 Igitur

243 2391 382 2466 imprimis
396 2392 494 2450 divina
506 2391 639 2468 dogmata
650 2392 760 2468 legibus
774 2394 1033 2452 tuenturEcclesiae
1047 2395 1193 2470 praesules,
1202 2405 1334 2452 caventes

241 2491 359 2562 nequid
371 2492 402 2550 in
415 2510 450 2548 ea
462 2501 605 2566 peccetur,
614 2491 659 2548 vel
670 2490 768 2550 fideles
777 2500 881 2550 temere
891 2511 922 2552 se
933 2493 1089 2552 discrimini
1098 2492 1164 2551 fidei
1175 2492 1338 2552 amittenda

241 2601 399 2664 exponant.
440 2590 488 2647 Eo
501 2589 658 2666 diriguntur
671 2590 750 2666 leges
765 2591 867 2664 quibus
880 2591 945 2651 libri
959 2593 1039 2652 noxii
1052 2601 1189 2648 vetantur.
1218 2591 1336 2648 Morum

243 2697 391 2764 praecepta
406 2687 539 2746 divinitus
559 2689 657 2747 tradita
678 2688 788 2765 legibus
812 2690 896 2746 etiam
919 2690 1053 2765 praesules
1067 2690 1220 2754 inculcant,
1235 2705 1334 2762 peenas

243 2793 403 2842 statuentes
416 2786 446 2842 in
458 2804 521 2844 reos
534 2789 689 2846 enormium
713 2788 875 2852 criminum,
890 2806 972 2860 quos,
987 2789 1074 2844 instar
1091 2783 1234 2842 Corinthii
1248 2801 1334 2855 quem

240 2883 337 2960 plexit
357 2884 474 2952 Paulus,
498 2885 646 2959 aliquando
666 2887 778 2962 privant
797 2886 925 2945 fidelium
950 2885 1103 2952 consortio,
1124 2893 1155 2942 ut
1174 2882 1209 2940 ed
1229 2884 1333 2941 bonam

241 2983 356 3059 frugem
382 2995 410 3041 et
430 2986 625 3060 penitentiam
650 2984 822 3060 redigantur.
867 2985 933 3043 Huc
959 2985 1099 3063 pertinent
1123 2984 1201 3061 leges
1229 2984 1331 3056 quibus

240 3182 284 3232 tbe
296 3183 396 3234 ohieiest
406 3184 497 3246 things,
509 3186 541 3248 by
553 3200 638 3234 meens
649 3184 759 3234 whereol
771 3185 829 3249 they
841 3186 873 3234 sll
885 3186 911 3234 in
923 3185 975 3234 that
987 3191 1080 3248 respect
1092 3185 1162 3234 make
1174 3199 1221 3233 one
1230 3183 1324 3233 choreb

243 3284 272 3316 as
283 3267 374 3330 having
385 3269 418 3318 nll
429 3271 472 3318 but
484 3285 531 3319 one
544 3269 617 3328 Lord,
628 3285 676 3318 one
684 3270 752 3327 luith,
771 3271 818 3319 end
831 3286 878 3318 one
890 3269 1009 3332 baptism,
1021 3285 1048 3317 eo
1061 3269 1102 3317 tbe
1114 3277 1202 3328 urgent
1210 3269 1331 3331 necessity

240 3351 272 3402 ol
286 3355 379 3404 mutual
391 3355 551 3404 communion
562 3355 598 3403 for
609 3355 773 3418 preservation
785 3357 814 3404 01
827 3371 872 3404 our
883 3355 954 3417 unity
967 3355 993 3403 in
1005 3353 1073 3402 these
1091 3352 1181 3413 things,
1194 3369 1220 3401 as
1233 3354 1283 3401 also
1302 3353 1339 3400 lor

243 3437 352 3488 order-in
363 3455 431 3489 some
442 3440 511 3489 other
523 3440 606 3502 things
616 3439 763 3489 convenient
774 3447 799 3488 to
807 3441 837 3487 be
849 3455 921 3502 every
929 3439 1009 3487 where
1021 3437 1153 3504 uniformly¹
1160 3437 1225 3498 kept,
1237 3436 1336 3485 melreth

245 3523 268 3571 it
277 3524 389 3586 requisito
400 3524 453 3574 thet
464 3525 506 3574 the
517 3525 610 3574 cburclr
622 3525 650 3574 ol
663 3524 719 3574 God
731 3525 789 3574 bere
801 3541 834 3574 on
845 3525 913 3573 earth
923 3523 984 3572 bare
996 3523 1039 3570 her
1051 3523 1109 3570 lewe
1122 3522 1151 3569 of
1159 3521 1341 3584 spirituelcom·

243 3623 325 3657 merce
337 3610 447 3658 between
454 3609 576 3659 Christian
588 3609 694 3669 natione,
705 3611 765 3659 lewe
776 3612 807 3672 by
820 3610 897 3657 virtue
908 3607 1018 3656 wbereof
1025 3607 1056 3654 all
1066 3605 1184 3655 churcb'es
1195 3619 1251 3667 msy
1263 3606 1337 3669 enjcy

245 3692 322 3756 freely
333 3693 375 3742 the
386 3709 430 3743 use
450 3694 477 3742 ol
491 3693 560 3742 those
579 3694 694 3744 reverend
716 3695 832 3756 religione
853 3693 902 3742 and
920 3691 1002 3742 sacred
1014 3691 1191 3741 consultatione
1199 3690 1282 3740 which
1299 3705 1340 3738 ere

246 3776 339 3826 ermen
350 3777 461 3826 coancils
471 3777 583 3838 general:
602 3778 705 3840 albing
725 3779 834 3829 whereoi
847 3777 925 3828 God’s
947 3793 1005 3827 own
1028 3776 1120 3826 blessed
1138 3776 1214 3840 Spirit
1232 3791 1283 3824 wne
1300 3773 1342 3822 tb‘e

247 3861 348 3915 antbert
365 3875 380 3908 o
401 3859 471 3922 thing
490 3861 607 3924 preetised
625 3863 656 3924 by
675 3862 716 3910 the
739 3863 805 3926 Holy
824 3863 940 3926 Apostles
957 3860 1116 3915 themselvosr
1134 3875 1149 3906 a
1166 3858 1237 3917 thing
1249 3857 1340 3918 always

245 3943 388 3994 afterwards
398 3945 457 4008 kept
468 3943 517 3994 aud
529 3945 644 3994 observed
654 3944 805 4006 throughout
816 3945 858 3995 the
871 3942 969 3994 world.”
1004 3940 1125 3993 Hooker'e
1137 3937 1204 3989 Ecel.
1223 3935 1320 4004 Pottty,
1328 3938 1343 3986 l.

250 4027 270 4075 i.
281 4041 306 4077 n.
323 4026 360 4078 10.

289 4113 331 4177 (1)
350 4111 394 4161 “It
404 4111 425 4161 is
436 4121 480 4162 not
491 4113 543 4162 uid
553 4114 628 4164 omiss
640 4113 759 4175 tcucbing
776 4111 947 4162 ecelesinstleel
964 4124 1064 4166 conone.
1076 4108 1128 4158 that
1144 4111 1177 4173 by
1196 4108 1297 4160 instinct
1313 4111 1343 4158 ol

250 4197 294 4246 the
305 4196 372 4261 Holy
385 4196 468 4246 Gbcst
478 4197 536 4261 they
548 4198 610 4248 beve
621 4200 683 4247 been
695 4198 772 4254 mede,
784 4197 832 4246 and
843 4194 998 4246 consecrated
1009 4193 1092 4257 hythe
1103 4192 1218 4243 reverend
1230 4200 1342 4258 accepta·

249 4281 329 4330 teticn
347 4280 375 4329 01
389 4279 431 4330 the
450 4280 549 4330 world.’'
581 4280 707 4332 'Hoolier's
723 4281 791 4330 Eecl.
808 4280 898 4344 Polity,
915 4280 929 4329 l.
940 4279 975 4328 iii.
986 4293 1011 4328 n.
1023 4277 1045 4326 8.
1057 4278 1136 4328 citans
1147 4277 1177 4327 O.
1192 4277 1335 4335 violatores,

252 4367 296 4415 25.
309 4366 379 4431 qni.
