3046 5262
562 533 619 596 DE
641 519 860 598 Pdoclms.
1197 545 1257 600 288

162 723 226 764 rum
239 701 373 768 semime,
386 699 536 767 veneficia,
558 699 725 768 inimiciora,
746 701 953 770 contentiones,
968 703 1173 779 aemulationes,
1195 705 1254 770 ire.

163 805 243 868 rixae,
257 800 463 866 dissemionea
484 807 579 867 secte,
594 797 719 868 invidiae,
740 799 904 867 homicidia.
918 800 1076 869 ebrietates,
1090 804 1256 862 conenei-

163 919 245 966 ones,
258 908 288 958 et
299 898 346 958 bis
358 897 475 964 similia,
490 915 554 970 que
567 895 691 973 praedico
703 899 796 966 vobis,
817 900 891 958 sicut
903 899 1040 975 predixi:
1061 901 1257 974 quoniamuui

163 1000 227 1058 telis
240 1006 337 1074 agunt,
350 1013 470 1073 regnum
484 995 541 1056 Dei
554 1014 612 1054 non
624 988 878 1071 consequentium

203 1103 232 1156 6.
255 1097 409 1156 Peccatum
431 1092 533 1152 dicitur
553 1093 680 1164 actuale,
704 1095 818 1170 quaudo
841 1104 904 1156 actu
927 1105 1049 1172 patratur
1071 1113 1099 1156 v.
1120 1117 1155 1174 g:
1176 1107 1254 1159 acme

163 1194 329 1256 homicidii:
351 1201 501 1270 peecatum
515 1191 666 1252 babilonie
679 1205 723 1252 est
735 1194 845 1255 tuscula
853 1213 917 1267 qum
927 1195 1027 1256 mune
1038 1195 1156 1256 inheret
1164 1195 1257 1256 donec

163 1295 249 1370 culpa
261 1293 386 1351 emant:
408 1291 447 1351 ita
466 1309 580 1364 quoque
594 1302 710 1352 vocatur
729 1292 866 1370 peccandi
885 1294 1071 1356 consuetudo.
1113 1295 1172 1360 Qui
1186 1313 1255 1356 con·

163 1393 260 1450 suevit
278 1411 310 1448 se
329 1389 466 1450 inebriare
486 1399 634 1465 peccatum
656 1390 796 1450 habituele
816 1391 953 1452 admittit:
974 1393 1024 1474 qui
1049 1393 1139 1452 semel
1160 1392 1254 1454 ebrius

162 1490 226 1556 fuit,
241 1489 325 1567 culpa
337 1489 472 1548 immunis
485 1497 609 1557 nonest,
624 1488 715 1548 donec
723 1489 888 1568 poenitentia
900 1509 963 1550 eam
976 1491 1141 1567 expiaverit.
1182 1491 1253 1550 Pec-

162 1599 225 1648 cata
237 1589 334 1648 omnia
346 1597 442 1646 contra
461 1587 557 1648 Deum
577 1598 652 1655 suut,
669 1590 753 1666 juxta
771 1589 861 1650 illud:
884 1589 984 1648 “Tibi
1002 1590 1058 1650 soli
1080 1590 1198 1667 peccavi
1209 1583 1257 1648 :”²

163 1698 297 1746 ceterum
311 1686 442 1760 quaedam
454 1691 560 1748 centra·
570 1685 675 1760 *Deum
694 1688 827 1748 dicuutur
845 1687 962 1764 speciali
975 1689 1094 1756 ratione,
1108 1687 1186 1760 quod
1200 1690 1254 1748 sci·

161 1787 227 1844 licet
239 1805 305 1846 eum
320 1785 425 1846 directe
438 1784 608 1861 respiciant:
630 1805 677 1844 ex.
692 1805 743 1863 gr:
765 1786 953 1862 blasphemie,
967 1787 1118 1862 impietas:
1140 1798 1255 1861 peccata

162 1892 268 1950 contre
275 1885 456 1963 proximum
467 1883 600 1944 homines
620 1886 773 1961 attingunt:
796 1905 823 1942 v.
844 1904 891 1961 gr:
914 1885 1030 1952 furtum,
1045 1883 1251 1944 homicidium:

163 1993 280 2059 peccata
299 1990 402 2043 contra
424 1983 556 2060 seipsum
576 1982 705 2042 ordinem
728 2003 814 2056 quern
836 1985 866 2042 in
885 2002 916 2042 se
938 1983 1062 2059 gerendo
1084 1982 1254 2042 servandum

163 2084 319 2155 unicuique
332 2084 402 2141 ratio
416 2083 585 2158 prescribit,
600 2083 708 2140 turbat:
730 2103 758 2140 v.
773 2102 824 2159 gr:
846 2083 975 2150 ebrietas,
995 2083 1140 2143 mollities.
1177 2083 1254 2140 *Pec-

162 2190 225 2238 cata
238 2169 422 2260 i'grrorantioe
441 2190 507 2238 sunt
523 2199 588 2254 quae
608 2199 645 2240 ex
664 2181 833 2258 ignorantia.
848 2181 982 2257 culpabili
995 2190 1099 2249 meren,
1113 2183 1254 2258 originem

162 2279 291 2340 trahunt:
313 2282 477 2352 uticeque
496 2288 592 2338 contre
611 2298 664 2338 sua
684 2299 801 2360 munera
821 2279 970 2342 admittant
988 2279 1092 2338 medici
1111 2281 1252 2357 imperiti:

162 2390 278 2455 peccata
290 2378 484 2438 inormitatis
497 2387 643 2446 vocantur,
658 2398 721 2452 que
734 2380 772 2438 ob
785 2389 884 2438 tenues
897 2390 1001 2438 nature
1015 2381 1090 2440 vires
1104 2379 1254 2440 admittim-

164 2485 207 2536 tur
227 2479 446 2538 abbominibus
468 2477 595 2550 alioquin
616 2478 697 2536 bone
717 2479 885 2538 voluntatis:
908 2498 934 2536 v.
949 2497 985 2554 g:
1006 2479 1098 2554 oulpre
1118 2463 1253 2546 veniales,

162 2577 207 2634 vel
226 2595 326 2654 graves
349 2596 386 2634 ex
402 2575 608 2636 vehementiori
628 2577 780 2636 tentatione
799 2585 885 2634 ortes:
908 2586 1024 2653 peccata
1041 2575 1168 2636 malitie
1187 2585 1255 2634 sust

162 2693 227 2748 quae
242 2675 392 2734 admittunt
403 2674 533 2734 homiues
547 2693 670 2748 nequam
683 2675 836 2733 voluntatis
849 2674 935 2749 pleno
949 2673 1059 2732 effectu.
1102 2673 1170 2732 Huc
1182 2674 1253 2732 refe·

159 2787 263 2832 runtur
275 2789 368 2849 pravae
386 2773 603 2834 consuetudines
624 2790 694 2846 ques
708 2774 773 2845 quis
794 2771 946 2830 emendare
959 2771 1093 2847 negligit:
1108 2789 1174 2828 nam
1187 2789 1253 2846 pec·

161 2880 257 2930 catum
280 2871 397 2949 diligere
422 2880 450 2930 et
467 2872 566 2932 fovere
585 2871 771 2941 convincitur,
796 2871 845 2946 qui
871 2870 942 2930 illud
963 2879 1071 2946 patrare
1094 2871 1251 2930 consuevit.

162 2970 437 3044 “Quandocumque
451 2971 552 3044 aliquis
566 2971 651 3030 utitur
676 2971 772 3030 habitu
792 2971 903 3037 vitioso,
923 2987 1042 3028 necesse
1062 2979 1106 3028 est
1124 2969 1203 3042 quod
1215 2989 1252 3028 ex

161 3078 238 3128 certa
251 3069 358 3130 malitia
370 3078 487 3146 peccet:
509 3071 577 3142 quia
589 3070 742 3142 unicnique
755 3070 870 3130 habenti
886 3069 1012 3126 habitum
1025 3078 1068 3128 est
1081 3088 1132 3146 per
1145 3089 1176 3128 se
1189 3069 1252 3128 dili-

162 3168 250 3244 gibile
275 3167 305 3226 id
324 3167 401 3240 quod
420 3176 465 3226 est
483 3169 510 3225 ei
532 3169 706 3227 conveniens
728 3168 886 3226 secundum
908 3169 1055 3242 proprium
1077 3163 1253 3226 habitum.”³

163 3264 307 3326 ceterum
320 3268 370 3340 qui
383 3265 617 3330 consuemdiuem
635 3265 786 3324 emendare
800 3263 902 3332 studet,
916 3281 974 3322 non
987 3265 1040 3320 erit
1052 3266 1160 3338 peccati
1173 3267 1252 3322 mali·
1334 3263 1337 3269 '

163 3365 208 3422 tiae
221 3383 298 3432 reus,
312 3365 338 3422 si
351 3365 522 3438 quandoque
536 3366 565 3424 vi
578 3363 796 3424 consuetudinis
810 3364 936 3428 lebetum
957 3361 1008 3420 sed
1021 3361 1161 3437 oportebit
1173 3363 1252 3421 inde·

161 3463 285 3520 sinenter
309 3464 448 3530 reluctari,
471 3464 587 3540 vigilare
610 3474 638 3520 et
662 3482 751 3530 orare,
779 3462 869 3520 donec
891 3479 953 3518 eam
977 3461 1091 3536 penitus
1114 3461 1250 3518 evellerit.
1286 3513 1289 3526 ,

160 3561 233 3628 Quae
247 3563 360 3621 interim
374 3561 493 3622 admittit
505 3563 673 3620 infirmitatis
687 3571 801 3638 peccata
813 3569 888 3627 sunt,
902 3557 953 3616 sed
966 3577 982 3616 e
994 3559 1073 3636 gravi
1085 3566 1162 3616 reatu
1176 3558 1251 3622 haud

159 3661 308 3720 immunia.
661 3721 664 3726 ,
749 3709 751 3716 .
1276 3737 1280 3746 ι

199 3764 230 3818 7.
252 3759 373 3817 Peccata
385 3758 514 3830 quaedam
527 3760 657 3836 graviore
669 3759 698 3816 in
711 3757 864 3836 Scripturis
878 3757 1009 3818 dicuutur
1026 3757 1061 3816 ed
1074 3757 1177 3816 coslum
1196 3757 1252 3814 cla·

159 3874 249 3924 mere,
263 3859 331 3929 quie
352 3857 461 3916 seilicet
473 3859 544 3916 iram
566 3858 623 3916 Dei
646 3857 893 3916 vehementissime
913 3864 1078 3933 provocant,
1101 3865 1130 3912 et
1151 3873 1251 3931 prauus

159 3964 305 4014 merentur
316 3956 511 4033 gravissimas.
553 3957 602 4014 Sic
612 3956 647 4013 de
658 3956 814 4016 homicidio
824 3955 942 4014 hebetur
954 3953 1023 4012 illud
1036 3953 1093 4012 Dei
1107 3951 1143 4010 ad
1157 3953 1231 4012 Cain
1242 3971 1248 4012 τ

159 4053 258 4112 “Vox
270 4055 416 4130 sanguinis
429 4055 521 4112 fratris
543 4055 582 4112 tui
601 4054 701 4112 clamat
719 4054 754 4111 ad
774 4072 820 4112 me
840 4053 875 4110 de
896 4045 1017 4110 terra.'’²
1057 4051 1102 4110 De
1121 4051 1251 4112 nefandis

155 4151 343 4228 impudicitiae
357 4153 511 4211 sceleribus
532 4152 633 4214 “dixit
645 4152 803 4211 Dominus:
825 4151 932 4210 clamor
945 4149 1138 4210 Sodomorum
1149 4161 1178 4210 et
1191 4153 1251 4211 Go-

264 4338 304 4401 (l)
319 4337 374 4386 Gal.
387 4355 409 4386 v.
425 4339 462 4386 19.
885 4337 926 4402 (2)
949 4337 988 4386 Ps.
1003 4339 1017 4386 l.

263 4421 305 4484 (3)
325 4421 351 4469 S.
361 4419 479 4476 Thomas,
494 4424 515 4470 l.
526 4419 550 4472 2.
562 4437 603 4484 qu.
615 4421 708 4473 lxxviii.
723 4427 766 4470 nrt.
776 4421 803 4469 ii.
872 4421 913 4485 (4)
928 4421 991 4470 Gen.
1004 4423 1035 4471 iv.
1046 4419 1083 4468 1⁰.
