3146 5266
385 517 388 524 ·
465 491 522 550 DE
545 492 728 550 ACTIBUS
749 489 1046 550 VOLUNTARIIS.
1290 496 1309 548 9

218 653 321 723 tendat,
336 655 392 713 nisi
413 665 529 732 propter
551 657 674 729 aliquem
697 656 849 723 defectum,
872 655 941 728 quia
962 652 1183 731 apprehenditur
1204 665 1235 712 ut
1259 653 1308 712 bo·

217 770 302 811 num:
326 773 416 825 quum
430 755 538 812 nonsit
559 757 698 824 voluutas,
716 765 764 812 aut
782 755 882 811 electio
904 755 960 811 nisi
982 755 1059 822 boni,
1074 763 1122 811 aut
1143 754 1307 829 apparentis

216 852 292 909 boni.
336 853 376 912 Et
389 854 453 912 ideo
466 854 516 911 ubi
529 855 769 930 perfectissimum
784 863 828 910 est
844 853 966 910 liberum
980 853 1135 920 arbitrium,
1151 852 1189 909 ibi
1203 851 1233 908 in
1248 869 1306 911 ma·

216 949 276 1008 lum
291 950 405 1010 tendere
418 971 476 1010 non
493 964 605 1028 potest:
628 953 678 1011 sed
699 955 754 1011 hoc
776 951 811 1008 ad
831 952 988 1010 libertatem
1003 953 1107 1010 arbitrii
1128 951 1260 1028 pertinet,
1275 965 1307 1010 ut

215 1049 355 1109 actionem
366 1053 489 1124 aliquam
500 1053 603 1120 facere,
616 1055 661 1111 vel
672 1072 729 1111 non
743 1051 835 1108 facere
845 1052 954 1126 possit:
969 1061 999 1108 et
1010 1049 1066 1108 hoc
1077 1051 1141 1108 Deo
1152 1051 1303 1108 convenit:

214 1148 289 1207 bona
302 1151 390 1220 enim,
405 1171 469 1224 quae
483 1151 558 1220 facit,
574 1161 669 1228 potest
689 1171 747 1210 non
767 1149 870 1216 lacere,
893 1168 946 1208 nec
967 1159 1061 1208 tamen
1082 1149 1190 1210 malurn
1213 1148 1305 1206 facere

217 1242 360 1323 potest.’'1
809 1240 813 1264 ³

259 1351 305 1404 10.
328 1349 515 1409 Probavimus
530 1351 596 1408 alibi
608 1352 766 1418 hominem,
785 1349 871 1406 etiam
892 1349 922 1405 in
943 1348 996 1406 hac
1018 1359 1123 1406 nature
1136 1349 1223 1425 lapsae
1238 1367 1305 1406 con·

215 1445 331 1515 ditione,
345 1449 465 1508 liberum
479 1467 542 1508 esse
557 1451 591 1507 ab
606 1450 686 1509 omni
700 1448 827 1507 absoluta
848 1449 1029 1516 necessitate,
1039 1467 1090 1506 seu
1105 1447 1152 1506 illa
1165 1449 1305 1506 constanti

217 1563 279 1614 quae
293 1564 330 1602 ex
349 1557 447 1606 natura
469 1525 726 1616 fatove‘derivatua
741 1565 792 1605 seu
805 1545 958 1614 sanabili,
974 1566 1038 1620 quae
1052 1565 1089 1605 ex
1102 1548 1305 1624 concupiscen-

219 1645 265 1700 tiae
279 1653 308 1700 et
318 1647 410 1720 gratiae
421 1648 498 1705 lucta
510 1657 539 1704 et
548 1650 577 1706 vi
587 1650 663 1705 varia
675 1641 838 1724 repetitur.²
857 1643 962 1704 Meritd
972 1645 1078 1707 idcirco
1092 1664 1171 1704 sacer
1184 1646 1306 1722 scriptor

217 1743 311 1818 arguit
323 1754 500 1819 peccatorem
514 1747 564 1817 qui
577 1747 659 1804 audet
680 1765 745 1804 suas
767 1745 866 1822 culpas
887 1745 917 1802 in
938 1745 1035 1803 Deum
1048 1747 1182 1824 rejicere:
1206 1745 1306 1804 “Non

216 1840 341 1899 dixeris:
364 1844 423 1901 Per
443 1843 540 1901 Deum
562 1845 640 1902 abest
661 1842 856 1928 (sapientio):
877 1863 941 1917 quae
956 1844 1034 1902 enirn
1055 1843 1116 1902 odit
1135 1862 1172 1901 ne
1195 1844 1305 1902 leceris.

216 1940 288 1998 Non
301 1940 394 1998 dicas:
410 1943 462 2000 Ille
472 1962 519 2000 me
533 1943 712 2018 implanavit:
729 1944 875 2002 nonenim
887 1943 1041 2001 necessarii
1055 1951 1122 2000 sunt
1132 1942 1158 1999 ei
1172 1942 1306 2000 homines

215 2040 309 2116 impii.
339 2041 434 2100 Omne
448 2053 677 2102 execramentum
691 2044 793 2102 erroris
807 2041 868 2100 odit
881 2041 1035 2111 Dominus,
1050 2052 1079 2100 et
1092 2059 1149 2100 non
1163 2042 1218 2100 erit
1231 2059 1306 2100 ama·

214 2139 270 2196 bile
281 2141 446 2199 timentibus
461 2160 538 2199 eum.
581 2141 661 2199 Deus
676 2144 710 2200 ab
724 2142 805 2200 initio
819 2143 966 2201 constituit
978 2140 1137 2208 hominem,
1152 2151 1181 2198 et
1191 2141 1306 2214 reliquit

214 2237 295 2298 illum
309 2241 339 2297 in
359 2260 447 2299 manu
469 2240 582 2299 consilii
603 2242 658 2299 sui.
700 2241 814 2319 Adjecit
834 2240 966 2299 mandata
982 2250 1011 2297 et
1030 2249 1173 2317 praecepta
1189 2257 1257 2298 sua:
1280 2241 1305 2297 si

213 2338 335 2396 volueris
350 2339 481 2398 mandata
494 2359 616 2407 servare,
636 2341 842 2398 conservabunt
863 2350 900 2408 te,
923 2349 952 2397 et
973 2341 1003 2398 io
1025 2349 1195 2417 perpetuum
1218 2337 1305 2397 fidem

215 2435 345 2512 placitam
357 2439 457 2497 facere.
500 2440 645 2515 Apposuit
658 2441 707 2498 tibi
722 2458 827 2512 aquam
842 2450 871 2498 et
891 2439 1007 2516 ignem:
1030 2437 1066 2496 ad
1079 2438 1157 2512 quod
1170 2438 1304 2504 volueris,
1367 2419 1371 2429 Ι

216 2538 328 2614 porrige
341 2557 459 2596 manum
473 2547 560 2596 tuam.
603 2539 678 2596 Ante
691 2539 839 2597 hominem
852 2540 910 2597 vita
929 2549 958 2596 et
979 2556 1068 2606 mors,
1082 2539 1190 2596 bonum
1204 2548 1234 2595 et
1247 2556 1304 2596 rna·

216 2633 295 2692 lum:
317 2636 393 2708 quod
404 2637 542 2712 placuerit
555 2638 592 2706 ei,
608 2637 719 2696 dabitur
732 2631 823 2695 1111.”3
844 2637 929 2705 Quod
943 2649 1037 2697 autem
1052 2637 1140 2695 homo
1154 2635 1306 2709 aliquando

218 2751 250 2789 se
263 2735 430 2792 necessitate
440 2736 561 2806 quadam
574 2736 640 2794 ferri
651 2739 683 2795 in
692 2738 762 2793 vitia
774 2737 886 2803 sentiat,
897 2754 948 2792 sua
959 2736 1043 2811 culpa
1056 2736 1204 2810 contingit,
1216 2751 1306 2806 quum

217 2849 251 2888 ea
272 2833 398 2910 negligat
419 2834 561 2911 praesidia,
576 2837 681 2909 quibus
703 2835 860 2894 infinnitati
882 2853 941 2892 suae
963 2832 1164 2892 consuleretur.
1207 2832 1306 2892 Oratio

217 2941 245 2988 et
263 2933 408 3008 vigilantia
428 2935 570 3011 praecipue
591 2934 756 2993 adhibenda:
777 2946 844 2993 sunt
862 2944 894 2992 ut
913 2935 1083 3013 reprimatur
1103 2931 1253 3010 cupiditas,
1276 2943 1304 2990 et

214 3030 338 3090 filiorum
359 3032 416 3090 Dei
434 3033 549 3090 libertas
578 3033 658 3091 omni
677 3035 852 3092 necessitatis
866 3035 980 3093 vinculo
1000 3033 1138 3092 immunis
1160 3043 1302 3090 servemr:

217 3137 236 3165 ‘⁶
246 3130 315 3189 Non
326 3141 370 3189 est
381 3133 467 3209 igitur
477 3133 653 3208 impunitatis
666 3133 800 3191 securitas
813 3135 844 3192 in
857 3135 1025 3192 necessitate
1038 3131 1193 3209 peccandi:
1209 3130 1260 3190 sed
1273 3142 1306 3191 ut

216 3247 273 3287 non
294 3232 369 3289 obsit
388 3232 442 3290 ista
461 3231 626 3299 necessitas,
647 3231 733 3290 donat
752 3233 800 3290 ille
821 3234 868 3292 cui
891 3232 1011 3301 dicitur:
1034 3231 1069 3290 de
1089 3231 1304 3290 necessitatibus

215 3329 286 3387 meis
299 3347 367 3387 erue
379 3329 477 3388 me.’'⁴
496 3331 540 3388 lta
552 3331 701 3406 preclarus
715 3333 810 3408 gratie
823 3332 929 3391 vindex
942 3331 1133 3410 Augustinus.

249 3470 291 3533 (l)
302 3469 331 3519 ln
344 3473 359 3517 2
372 3470 492 3520 distxxv.
504 3478 587 3534 quart.
598 3477 617 3522 l.
629 3479 673 3530 art,
687 3474 708 3520 l.
716 3472 747 3520 ad
758 3473 902 3522 secundum.
919 3478 934 3502 “
942 3471 1003 3520 lfall
1016 3488 1061 3519 our
1072 3471 1166 3518 actions
1178 3484 1241 3516 ware
1253 3483 1305 3531 prs·

212 3551 370 3612 determineA‚
385 3554 444 3603 then
455 3571 502 3604 one
518 3572 575 3605 man
586 3572 650 3606 were
659 3562 703 3604 not
714 3556 790 3603 better
807 3555 869 3602 than
882 3552 990 3610 another,
1002 3552 1049 3601 and
1062 3551 1129 3600 there
1141 3551 1213 3600 could
1227 3553 1256 3601 ba
1273 3567 1306 3602 no

213 3633 343 3685 difference
353 3637 382 3686 of
394 3640 497 3688 rewards
505 3640 532 3689 in
544 3640 639 3690 heaven
656 3655 684 3689 or
694 3638 778 3698 earth;
796 3637 852 3688 God
869 3636 948 3700 might
964 3637 1020 3699 give
1032 3635 1098 3687 what
1110 3636 1142 3687 he
1152 3638 1244 3702 flesse,
1261 3641 1306 3690 but

213 3720 245 3770 he
256 3720 318 3770 shall
329 3723 418 3771 reward
430 3739 504 3783 none,
514 3732 559 3774 not
570 3725 598 3774 in
614 3741 663 3789 any
675 3739 746 3775 sense
758 3721 932 3775 whatsoaver.’'
961 3723 1010 3772 Jer.
1022 3721 1122 3787 Tsylor,
1134 3722 1227 3774 Ductor
1239 3723 1307 3774 Duh.

215 3803 231 3852 Ι.
242 3805 273 3854 iv.
286 3821 307 3854 c.
322 3807 342 3852 1.
361 3805 417 3855 Vol.
431 3807 457 3856 ii.
468 3823 494 3871 p.
506 3807 564 3858 438.

249 3889 291 3954 (2)
305 3889 441 3953 Theolcgia
451 3890 566 3954 Dogmat
577 3891 634 3941 Vol.
646 3892 672 3941 ii.
684 3899 752 3942 tract.
765 3892 797 3942 iv.
809 3907 830 3942 c.
838 3892 871 3942 iv.
883 3907 908 3940 n.
924 3890 979 3939 151.

250 3973 293 4038 (3)
307 3973 375 4024 Eccl·
386 3977 481 4023 xv.'ll.
500 3975 587 4025 Versio
600 3976 664 4025 Ario
676 3977 790 4026 Montani
807 3976 893 4026 habet:
916 3973 981 4022 “Ne
1001 3973 1081 4024 dicas:
1099 3973 1181 4023 deficit
1199 3975 1307 4040 impulsu

213 4056 314 4107 Domini
326 4092 333 4107 .
345 4093 352 4108 .
364 4093 370 4108 .
381 4093 388 4107 .
400 4058 453 4124 ipse
464 4075 504 4108 me
521 4060 619 4110 induxit
635 4061 662 4110 in
679 4077 801 4110 errorem.
814 4095 820 4110 .
833 4092 857 4107 ..
870 4073 944 4108 omne
960 4057 1029 4108 nefas
1046 4057 1097 4109 odit
1109 4058 1250 4109 Dominus.
1263 4093 1270 4110 .
1282 4093 1288 4108 .
1300 4096 1307 4108 .

213 4143 266 4207 ipse
283 4143 408 4192 hominem
419 4143 511 4194 creavit
526 4146 557 4194 ab
574 4144 644 4194 initio
663 4161 769 4208 sumque
786 4145 886 4194 arbitrio
897 4143 992 4192 consilii
1008 4144 1047 4194 sni
1058 4144 1174 4210 permisit
1208 4144 1307 4210 Adjecit

214 4225 327 4277 mandata
338 4234 362 4277 et
371 4235 499 4293 precepta
517 4228 546 4278 si
557 4229 669 4291 volueris,
680 4230 795 4280 mandata
809 4229 922 4292 servabis,
933 4229 1078 4295 optimaque
1090 4228 1222 4279 voluntatis
1233 4229 1307 4280 fidem

216 4310 362 4374 prestabis.”

247 4397 291 4461 (5)
305 4396 373 4460 Aug.
384 4395 416 4446 L.
431 4399 453 4447 1.
464 4412 530 4464 oper.
542 4397 636 4462 imperf.
648 4413 701 4464 cap.
717 4399 772 4448 106.
