3078 5258
441 467 499 526 DE
520 466 673 526 LEGUM
694 462 997 526 OBLIGATIONE.
1216 475 1273 532 165

174 635 312 700 deducte,
326 651 384 692 non
404 643 471 692 sunt
490 631 651 690 necessario
669 631 832 690 executioni
845 629 1061 698 demandanda,
1075 635 1233 706 presertim
1247 637 1273 694 ti

175 751 264 812 grave
276 731 341 790 inde
354 733 502 791 immineat
514 726 755 790 1111011111111111111.ι
797 728 966 789 Cavendum
986 739 1082 789 tamen
1102 748 1138 789 ne
1151 749 1272 792 musne-

175 831 267 891 tudini
280 831 365 890 robur
377 829 508 908 episcopi
521 829 634 888 decreto
654 829 780 897 addatur,
800 848 837 888 ne
857 827 984 888 videatur
1003 831 1197 890 auctoritatem
1216 833 1272 891 tibi

174 948 304 1007 arrogare
319 925 733 1007 1111111111111111111111111110τί1.2

219 1033 264 1086 15.
287 1027 413 1086 Concilii
426 1027 596 1086 oecumenioi
616 1026 728 1086 decreta
747 1027 884 1087 Pontifici
905 1027 1020 1102 probata
1032 1029 1095 1104 ejus
1109 1044 1197 1102 opera
1210 1045 1273 1104 pro·

174 1127 294 1203 mulgeri
309 1137 526 1195 consueverunt,
541 1135 569 1186 ct
588 1128 618 1184 in
638 1128 757 1205 singulis
778 1126 940 1203 reipublice
955 1124 1129 1184 Christiane
1151 1127 1273 1203 regioni·

175 1228 230 1282 bus
243 1226 407 1286 solemniter
419 1228 508 1304 recipi
520 1235 549 1284 et
568 1229 695 1303 agnosci.
738 1227 796 1285 Per
817 1225 940 1287 ditiones
964 1223 1138 1301 Hispanicas
1159 1225 1272 1284 concilii

175 1324 338 1382 Tridentini
351 1324 474 1392 decreta,
489 1325 573 1383 aPio
585 1325 639 1384 IV.
661 1326 835 1393 confirmata,
849 1343 937 1404 opera
950 1323 1080 1401 Philippi
1093 1323 1145 1394 ll.,
1160 1333 1272 1399 recepta

178 1431 266 1488 sunm
299 1433 327 1480 et
347 1423 376 1482 in
397 1425 526 1499 plurimis
552 1425 681 1484 conciliis
708 1425 863 1502 praesnlum
884 1425 1033 1483 Gallorum
1058 1423 1169 1482 laudata
1193 1414 1273 1480 sunt³

176 1522 308 1592 quamvis
321 1524 399 1599 regia
412 1525 521 1582 sanctio
534 1543 592 1582 non
605 1525 766 1593 accesserit,
781 1523 949 1598 quibusdam
963 1525 1042 1598 regni
1063 1521 1271 1581 consuetudini·

176 1621 242 1686 bus,
257 1638 308 1678 scu
320 1623 476 1700 privilegiis
486 1623 671 1682 obstantibus.

223 1722 269 1776 16.
292 1717 483 1780 conciliorum
498 1723 713 1798 provincialium
726 1721 837 1782 decreta
850 1733 878 1780 et
890 1723 1120 1782 dioecesanorum
1134 1721 1270 1780 constitu-

175 1819 268 1876 tiones
291 1820 513 1899 promulgantur,
540 1822 654 1895 quando
671 1822 837 1881 solemniter
860 1823 1004 1898 leguntur.
1046 1819 1191 1891 Antiquos
1217 1819 1271 1876 suit

174 1933 239 1974 mos
252 1917 457 1992 posthabitum
470 1921 626 1980 concilium
639 1921 812 2000 provinciale
826 1921 973 1999 synodum
993 1934 1151 1978 convocare
1169 1916 1271 1974 (1111111-

177 2033 288 2082 sanam,
312 2017 341 2073 in
366 2037 421 2090 qua
440 2021 685 2098 promulgarentur
707 2020 839 2080 decreta:
862 2020 913 2078 sed
928 2021 990 2097 jam
1010 2018 1039 2074 in
1059 2018 1125 2092 ipso
1148 2015 1271 2073 concilio

178 2113 320 2189 leguntur,
334 2120 462 2188 quamvis
475 2122 519 2176 vis
534 2137 632 2178 eorum
645 2119 844 2196 suspendatur,
858 2120 948 2178 donec
962 2117 1111 2176 accesserit
1123 2114 1269 2192 pontificia

177 2213 367 2274 confirmatio.
410 2218 449 2276 Ut
461 2219 585 2296 populus
599 2220 635 2277 iis
648 2220 838 2295 obstringatur
850 2226 1058 2278 consueverunt
1076 2213 1219 2273 nonnullis
1238 2213 1269 2270 in

175 2313 244 2369 locis
265 2313 356 2372 valvis
379 2316 507 2376 ecclesie
529 2317 624 2395 affigi:
646 2318 697 2377 sed
719 2336 810 2395 penes
833 2320 984 2395 episcopos
1005 2324 1048 2372 est
1067 2332 1130 2372 eam
1150 2311 1268 2388 seligere

175 2413 312 2472 rationem
326 2433 361 2472 ea
374 2415 573 2494 promulgandi
586 2435 648 2490 quae
661 2420 849 2495 opportunior
861 2417 997 2476 videamr.

438 2628 454 2700 §
467 2627 505 2686 11.
548 2626 596 2685 Dn
610 2643 820 2687 consciencia
835 2644 999 2688 1111111111.

220 2789 267 2843 17.
290 2786 389 2852 Quum
412 2788 488 2866 leges
507 2793 712 2852 ecclesiastice.
726 2792 852 2850 serantur
871 2808 908 2847 ex
929 2787 1091 2848 auctoritate
1111 2803 1128 2840 a
1150 2781 1267 2840 Christo

173 2885 326 2960 Apostolis
341 2888 500 2960 commissa,
514 2893 718 2953 conscientiam
737 2892 835 2965 utique
849 2881 962 2965 ligant‚⁴
975 2904 1052 2952 narn,
1068 2885 1132 2960 ipso
1146 2881 1269 2949 dicente,

172 2985 337 3060 ligabuntur
349 2989 379 3045 in
393 2988 471 3046 coelis
485 3010 547 3064 quae
564 2994 621 3070 ipsi
633 2992 786 3068 ligaverint
798 2991 828 3050 in
842 2990 932 3047 terris.
975 2986 1082 3046 Merito
1105 2983 1191 3060 igitur
1204 3000 1268 3058 pro·

172 3083 287 3160 scripsit
299 3086 451 3148 concillum
465 3091 667 3151 Tridentinum
680 3109 806 3150 errorem
819 3090 938 3149 Lutheri
952 3086 1105 3146 asserentis
1120 3083 1269 3142 hominem

169 3182 358 3257 justificatum
382 3205 440 3248 non
463 3191 551 3250 teneri
574 3191 609 3249 ad
629 3192 855 3250 observationem
877 3187 1072 3248 mandatorum
1101 3182 1214 3240 Christi
1243 3189 1271 3238 et

174 3278 342 3342 Ecclesiae.⁵
383 3285 526 3348 Oaeterum
549 3309 607 3350 non
633 3309 732 3349 omnes
752 3291 832 3368 leges
855 3289 915 3366 pari
944 3287 1052 3345 ratione
1072 3281 1269 3355 constringunt

173 3383 392 3452 conscientiam
414 3397 480 3448 sunt
492 3392 571 3450 enim
584 3408 647 3464 quae
661 3389 787 3448 districte
802 3389 972 3468 precipiunt
982 3394 1014 3444 nt
1025 3383 1122 3442 munia
1134 3379 1270 3442 divinitus

211 3554 255 3618 (l)
273 3554 332 3618 Cap.
341 3557 383 3606 fin.
392 3557 422 3606 de
434 3558 618 3608 consuetudine.
652 3557 716 3607 Vide
727 3555 841 3620 Sylviurn
853 3555 918 3619 apud
927 3553 952 3602 S.
965 3549 1089 3613 Alphons.
1101 3547 1117 3596 1.
1128 3547 1143 3594 1.
1156 3561 1182 3592 n.
1195 3544 1237 3590 96.

212 3637 255 3702 (2)
274 3637 364 3693 Bsnsd.
375 3642 424 3692 xiv.
436 3642 467 3692 dc
478 3641 540 3705 Syn.
552 3644 567 3694 l.
576 3644 619 3693 xii
631 3659 652 3693 c.
664 3643 714 3693 vili.
726 3646 741 3701 ς
753 3642 803 3692 viii.

212 3728 256 3793 (3)
275 3727 349 3780 Conc-
361 3731 545 3780 Rhomens.an.
560 3727 631 3778 1564.
664 3731 861 3792 Rothomag.an.
878 3725 947 3790 1561.
982 3720 1186 3783 Burdigalanno
1200 3716 1270 3764 1583.

171 3813 268 3864 Turon.
286 3830 326 3864 an.
348 3817 421 3866 1583.
459 3815 559 3868 Bituric.
582 3833 622 3867 111.
642 3819 713 3866 1564.
744 3815 830 3866 Totos
855 3829 894 3864 an.
918 3809 998 3870 1590;
1015 3815 1039 3858 et
1059 3807 1144 3856 comit.
1164 3801 1271 3864 generul-

174 3898 279 3949 Lutelie
291 3899 441 3952 Parisiorum
453 3917 494 3951 an.
503 3903 573 3954 1615.

208 3987 250 4050 (4)
268 3986 296 4036 ld
314 3971 404 4038 fatetur
413 3987 531 4038 ieremias
548 3987 648 4053 Taylor.
659 4001 710 4038 suae
732 3995 802 4036 secte
814 4001 939 4051 perperam
951 3975 1147 4031 accommodans.
1188 3977 1202 4000 ‘⁸
1215 3968 1270 4018 Tho

171 4071 267 4121 church
283 4072 344 4124 hath
358 4087 441 4136 power
457 4081 483 4122 to
503 4075 574 4125 malie
591 4074 651 4124 lawr
664 4073 711 4123 and
724 4079 748 4122 to
766 4073 821 4134 give
833 4067 975 4119 commands
992 4061 1105 4123 obliglog
1121 4058 1163 4107 tho
1180 4056 1272 4106 consci-

174 4173 247 4216 ence,
258 4157 311 4208 th'ut
321 4159 351 4217 is,
362 4159 433 4224 tying
444 4160 486 4210 the
497 4161 603 4226 subjecte
610 4168 635 4211 to
644 4159 774 4210 obedienoo
781 4157 859 4207 under
867 4155 908 4204 the
917 4150 1015 4216 penalty
1026 4147 1054 4196 ol
1062 4143 1215 4203 committing
1226 4142 1273 4200 sin,

169 4257 198 4290 or
209 4242 371 4304 oiincurring
381 4243 423 4294 the
435 4243 517 4294 divine
527 4243 700 4310 displcasure.'’
734 4243 749 4292 J
751 4256 832 4305 eremy
846 4239 946 4303 Taylor,
959 4234 1054 4286 Ductor
1068 4231 1133 4283 Dnb.
1145 4231 1161 4281 l.
1173 4227 1207 4279 iii.
1216 4243 1236 4277 c.
1249 4225 1274 4274 t.

173 4327 239 4378 Rule
251 4326 277 4376 ii.
289 4325 337 4375 vol.
347 4327 371 4375 2.
383 4343 407 4392 p.
419 4330 477 4378 220.

210 4411 257 4476 (5)
276 4408 343 4460 Sese.
354 4411 386 4460 vi.
398 4427 452 4463 can.
464 4427 505 4462 xx.
