3046 5262
567 1389 709 1451 CAPUT
730 1391 784 1451 Vl.

534 1637 582 1676 DE
613 1638 862 1678 snnvtnu'rn.

184 1841 233 1896 35.
255 1836 347 1904 Qnun
361 1853 460 1893 omnes
474 1833 605 1892 homines
613 1836 678 1912 jure
689 1843 794 1893 naturae
807 1835 863 1892 sint
876 1852 971 1910 parce,
984 1850 1070 1892 nemo
1084 1843 1128 1890 est
1137 1842 1238 1892 natura

145 1937 260 1994 alterius
282 1935 434 2000 dominns;
452 1933 517 2010 jure
538 1942 633 1992 tamen
655 1934 782 2010 gentium
802 1951 860 1991 non
881 1941 989 1990 tautum
1001 1930 1239 2009 jurisdictionis

145 2035 317 2100 dominium,
331 2032 381 2090 sed
393 2033 478 2090 etiam
487 2031 682 2108 proprietatis
696 2031 859 2090 hominibus
869 2031 903 2089 in
916 2031 1048 2090 homines
1062 2029 1238 2088 conceditur:

147 2130 228 2204 quod
246 2140 363 2188 etvetus
376 2131 425 2188 lex
436 2138 528 2188 ratum
541 2124 663 2190 liabuit.²
704 2128 791 2206 Capti
808 2130 839 2186 in
858 2129 932 2188 bello
951 2129 1121 2206 plerumque
1136 2129 1167 2186 in
1181 2146 1241 2186 ser·

146 2231 265 2290 vitatem
291 2229 358 2286 olim
382 2227 597 2304 redigebantur,
625 2227 738 2300 quando
760 2229 914 2286 victoribus
942 2229 1035 2286 visum
1058 2235 1102 2286 est
1127 2245 1243 2303 parcere

149 2330 242 2387 victis.
284 2327 344 2394 Qni
355 2335 437 2384 atrox
451 2326 568 2400 aliquod
587 2327 696 2384 facinus
717 2335 859 2401 patrarant
871 2325 971 2384 eadem
984 2344 1071 2402 poena
1082 2324 1244 2384 efficieban-

147 2420 217 2486 tur.2
256 2427 351 2484 Tanta
362 2426 448 2484 edam
462 2435 522 2483 erat
540 2425 630 2502 patria
647 2433 773 2500 potestas
786 2434 816 2483 ut
834 2424 910 2484 filios
929 2423 1055 2484 vendere
1068 2424 1190 2492 licuerit,
1205 2423 1240 2482 ad

147 2543 206 2585 sue
220 2521 446 2582 subveniendam
459 2525 574 2600 inopie,
589 2522 698 2606 adjecta
716 2522 876 2580 conditione
893 2521 928 2580 de
947 2521 1124 2590 redimendo,
1140 2523 1166 2579 si
1180 2540 1241 2580 mc-

146 2623 203 2682 lior
215 2621 352 2680 afftdserit
364 2614 499 2681 lorbua.³
539 2619 680 2678 Nonnulli
699 2620 812 2695 seipsos
833 2618 995 2678 vendebant
1014 2628 1045 2676 nt
1057 2637 1118 2678 suae
1133 2628 1245 2678 susten·

146 2721 250 2778 tationi
262 2719 448 2778 consulerent.
489 2717 604 2778 Horum
618 2717 748 2776 omnium
761 2716 823 2783 filii,
837 2734 874 2774 ex
887 2726 976 2774 matre
990 2733 1072 2773 serva
1084 2716 1154 2782 nati,
1168 2717 1244 2772 servi

145 2817 336 2883 habebantur,
359 2817 426 2888 quia
449 2825 578 2894 “partus
601 2815 728 2888 sequitur
750 2805 926 2874 ventrem.’'⁴
966 2813 1138 2871 servitutem
1166 2811 1241 2886 apud

146 2917 301 2994 pleraeque
313 2923 410 2992 gentes
420 2917 563 2992 vigentem
573 2912 729 2990 apostolis
743 2931 801 2973 nou
810 2913 982 2988 reprobavit,
993 2910 1045 2970 sed
1055 2911 1134 2970 heris
1148 2909 1244 2968 docuit

146 3013 357 3084 obediendum:
380 3013 492 3072 “Servi
505 3013 616 3072 obedite
630 3011 756 3070 dominis
774 3011 934 3070 carnalibus
949 3031 1015 3072 cum
1029 3011 1134 3072 timore
1149 3017 1178 3066 et
1192 3017 1244 3068 tre·

146 3131 239 3179 more,
253 3113 283 3170 in
304 3112 484 3188 simplicitate
505 3111 598 3170 cordis
621 3114 718 3180 vestri,
742 3113 817 3170 sicut
839 3108 1004 3170 Christo.'’⁵
1045 3109 1133 3169 Heris
1158 3109 1243 3168 etiam

148 3210 400 3270 mansuetudinem
418 3220 446 3267 et
465 3211 626 3284 aequitatem
648 3210 817 3269 insinuavit:
842 3210 913 3266 “Et
932 3228 983 3266 vos
1010 3209 1121 3268 domini
1142 3207 1245 3265 eadem

147 3310 232 3368 facite
246 3309 314 3378 illis,
326 3310 502 3368 remittentes
515 3310 626 3368 minas:
648 3309 772 3368 scientes
785 3309 853 3380 qnia
865 3316 894 3364 et
906 3306 1024 3364 illorum
1038 3315 1067 3364 ct
1079 3314 1172 3364 vester
1186 3305 1246 3382 Do·

148 3409 244 3466 minus
264 3417 308 3464 cst
319 3409 350 3466 in
362 3408 461 3466 coelis:
481 3416 509 3466 et
522 3426 707 3484 personarum
731 3407 859 3482 acceptio
872 3423 932 3462 non
952 3414 996 3462 est
1009 3404 1084 3481 apud
1098 3393 1247 3462 Deum.'’⁶

147 3507 316 3585 Apostolica
328 3506 498 3566 documenta
507 3525 622 3583 semper
632 3506 794 3583 prae'cculis
805 3505 903 3562 babuit
912 3503 1056 3570 Ecclesia,
1068 3520 1130 3574 quae
1141 3501 1247 3559 idcirco

147 3607 180 3664 in
193 3605 315 3663 concilio
330 3605 493 3682 Gangrensi
506 3605 650 3664 damnavit
663 3605 838 3662 anathemate
853 3620 903 3659 eos
917 3602 967 3674 qui
980 3619 1078 3659 servos
1090 3620 1106 3658 a
1119 3599 1247 3658 domino·

148 3723 215 3762 rum
228 3705 366 3778 obsequio
379 3704 527 3781 religionis
540 3705 643 3782 specie
655 3703 834 3762 abducerent.
868 3699 1013 3762 Ceterum
1026 3701 1096 3760 savit
1108 3708 1247 3774 quantum

148 3801 240 3860 valuit
257 3803 388 3858 hnmanae
407 3803 538 3869 libertati,
562 3803 693 3860 dominos
716 3812 748 3859 ut
767 3801 910 3877 mancipia
929 3802 1161 3858 manumitterent
1181 3797 1245 3852 hor-

148 3898 246 3967 tando,
260 3899 352 3958 donec
365 3902 472 3959 sensim
487 3902 548 3959 sine
569 3920 654 3960 sensu
671 3900 778 3957 sublata
791 3900 935 3966 servitute,
950 3900 1070 3956 vetuerit
1083 3890 1245 3953 Alexander

216 4121 321 4186 >Exco
334 4122 387 4170 xxi.
404 4121 483 4172 Lavit.
494 4139 554 4172 xxv.

218 4209 229 4271 )
245 4205 309 4271 Cap.
322 4206 386 4274 itaq
404 4209 547 4268 orandam,
560 4209 590 4258 do
607 4207 701 4258 ludaeis
713 4214 737 4256 et
748 4206 914 4258 samaritanis.

185 4121 212 4186 (l

186 4205 215 4271 (ἓ

184 4292 227 4356 (3)
241 4291 272 4340 L.
284 4292 299 4340 'n
309 4301 333 4342 et
344 4293 369 4342 ii.
381 4292 406 4342 ff.
419 4294 449 4343 de
461 4294 570 4358 putribus
581 4294 624 4357 qui
635 4292 700 4343 filios
711 4307 770 4340 auos
779 4291 953 4342 distraxerunt.

183 4377 225 4440 (4)
241 4376 344 4426 Pactum
357 4376 416 4427 Cod.
428 4379 459 4428 de
470 4379 505 4428 rei
516 4377 607 4428 vindic.
723 4379 759 4436 (5)
774 4375 839 4441 Eph.
848 4376 878 4425 vi.
891 4375 914 4423 5.
1016 4378 1055 4442 (6)
1070 4375 1163 4425 Ibidem
1176 4377 1201 4422 9.
