3068 5256
490 468 547 528 DE
569 466 709 528 SEXTO
730 467 981 528 PRAECEPTO.
1223 477 1280 534 129

187 648 217 696 et
229 637 318 696 adhuc
331 635 408 713 apud
421 637 528 694 inferos
548 637 649 712 punire
668 635 768 712 pergit.
810 632 989 715 Imperfectc
1008 633 1145 696 sodomia
1165 647 1280 698 rocatm

112 754 114 757 ·
187 740 276 798 coibis
290 755 476 812 personarum
490 734 595 794 diversi
609 753 695 794 sexus
708 744 788 794 extra
801 734 926 792 debitum
940 754 1000 792 vas.
1041 735 1277 796 Animadvertunt

188 837 310 913 theologi
323 836 530 893 confessarium
544 853 602 893 non
615 834 716 892 debere
735 835 906 910 interrogare
925 835 1110 910 poenitentem
1131 854 1189 908 quo
1202 836 1276 903 loco,

185 936 231 994 vel
244 934 399 1008 quomodo,
420 945 500 992 extra
521 953 570 992 vas
589 933 703 992 coierit:
725 933 829 992 sufficit
849 934 925 990 enim
944 951 1029 992 nossa
1049 953 1115 994 eum
1134 945 1215 994 extra
1227 954 1277 992 vas

185 1037 289 1094 coisse.
332 1033 407 1090 Satis
420 1034 504 1090 etiam
518 1052 550 1090 se
570 1043 702 1090 accusant
716 1032 837 1108 juvenes
858 1033 908 1104 qui
920 1031 1018 1092 dicunt
1029 1051 1061 1091 se
1074 1053 1140 1092 eum
1153 1035 1215 1092 aliis
1231 1035 1277 1110 ju·

185 1135 303 1192 renibus
313 1131 528 1191 concumbendo
540 1150 683 1208 peccasse,
695 1132 763 1203 quin
773 1140 867 1190 utrum
880 1130 964 1208 plene
974 1134 1101 1200 coierint,
1116 1133 1275 1209 explicant:

185 1232 264 1290 adest
276 1234 354 1291 enim
367 1233 399 1289 in
411 1233 611 1309 conjunctione
632 1229 749 1288 affectus
769 1230 966 1298 sodomiticus,
986 1231 1022 1289 ad
1041 1231 1198 1290 indebitum
1211 1251 1277 1290 sex·

145 1343 149 1350 ·
184 1350 243 1390 um.
286 1333 420 1390 Polluere
433 1349 464 1388 se
477 1329 618 1407 tangendo
634 1347 765 1405 puemm,
786 1339 833 1388 aut
851 1330 1000 1388 mulierem
1018 1331 1216 1398 dormientem,
1230 1345 1279 1389 aut

185 1430 242 1487 doli
255 1431 432 1507 incapacem,
446 1439 493 1486 aut
505 1429 639 1506 pudenda
652 1430 815 1495 bestiamm,
829 1429 933 1501 absque
946 1431 1107 1498 concubitu,
1122 1449 1138 1487 a
1151 1431 1275 1506 simplici

185 1529 342 1605 pollutione
355 1529 500 1588 nonnullis
514 1528 626 1585 differre
639 1546 697 1584 non
710 1527 830 1594 videtur,
851 1527 1006 1586 dummodo
1027 1529 1144 1586 abluerit
1157 1529 1276 1587 affectus

188 1627 224 1684 ad
237 1630 431 1685 concubitum:
452 1645 613 1704 quaproper
628 1626 696 1684 satis
716 1627 776 1684 fieri
789 1628 953 1685 existimant
965 1637 1107 1704 praecepto
1120 1628 1276 1686 consessio·

187 1728 243 1793 nis,
258 1727 356 1799 siquis
371 1727 485 1783 dicatae
499 1727 685 1802 pollutionem
699 1726 856 1782 admisisse.
899 1726 957 1782 Sed
970 1727 995 1782 si
1008 1727 1087 1784 alteri
1100 1727 1184 1785 fuerit
1196 1746 1276 1785 scan-

185 1825 259 1892 dalo,
274 1827 320 1882 vel
334 1825 486 1900 alligatam
505 1826 680 1884 matrimonii
692 1826 818 1892 vinculo,
832 1825 879 1882 vel
891 1825 960 1890 voti,
981 1825 1110 1900 tetigerit,
1124 1844 1199 1883 nova
1211 1823 1277 1883 inde

186 1934 305 2000 exurget
317 1925 430 1982 malitia
451 1925 572 2000 species.
615 1923 828 2000 Explicandum
842 1932 885 1980 est
897 1922 991 1989 etiam,
1008 1923 1092 1999 juxta
1110 1923 1274 1992 nonnullos,

187 2033 281 2080 utrum
295 2024 357 2095 quis
370 2023 454 2080 suerit
472 2024 593 2099 patiens,
608 2023 653 2080 vel
666 2041 763 2099 agene,
784 2024 820 2080 ob
833 2023 924 2100 majus
944 2021 1107 2097 pollutionis
1120 2022 1279 2100 periculum

186 2124 216 2180 in
229 2132 339 2198 agente.
360 2119 498 2180 Sodom'ia
511 2123 584 2179 inter
596 2124 824 2198 consanguineos
838 2132 867 2178 et
879 2121 978 2179 affines
992 2139 1083 2194 usque
1097 2123 1132 2181 ad
1145 2131 1278 2195 quartum

185 2221 302 2298 gradum
316 2221 401 2279 habet
413 2221 540 2297 speciem
553 2222 688 2289 incestus,
703 2233 787 2297 prout
799 2222 884 2277 sentit
893 2221 925 2277 S.
937 2220 1103 2296 Alpbonsus
1112 2241 1177 2280 cum
1188 2216 1277 2286 aliis,¹

187 2323 253 2393 quia
263 2322 312 2379 lex
326 2320 467 2378 Ecclesiae
481 2339 545 2392 quae
565 2321 775 2378 matrimonium
795 2320 831 2377 iis
851 2319 971 2396 denegat
983 2320 1019 2376 ob
1038 2321 1185 2396 sanguinis
1198 2337 1277 2378 reve·

186 2421 313 2488 rentiam,
329 2438 444 2478 omnem
459 2419 546 2476 alium
560 2421 665 2476 coitum
678 2421 769 2495 magis
783 2418 932 2496 prohibere
952 2418 1094 2476 censenda
1106 2431 1158 2478 est.
1201 2418 1279 2476 Hinc

187 2520 268 2596 pueri
288 2519 509 2576 concumbentes
523 2518 650 2594 turpiter,
665 2518 768 2577 debent
780 2517 922 2594 explicare
941 2527 1034 2575 utrum
1047 2536 1113 2576 cum
1127 2517 1220 2586 fratre,
1234 2515 1280 2574 vel

185 2618 372 2684 consobriniS,
381 2617 427 2673 vel
440 2617 539 2674 alienis
562 2618 679 2676 omnino
692 2618 821 2675 coierint:
843 2623 862 2650 ‘⁶
874 2616 915 2672 sic
928 2617 1012 2674 etiam
1020 2614 1117 2673 dicunt
1128 2615 1278 2674 Salmanti-

188 2731 289 2772 censes
302 2715 441 2772 incestum
455 2717 638 2782 committere,
653 2718 703 2788 qui
718 2715 853 2790 polluitur
868 2711 988 2770 lactibus
1002 2713 1121 2787 alicujus
1135 2713 1280 2788 conjuncti

186 2815 219 2872 in
233 2821 332 2885 quarto
345 2811 463 2888 gradu.'’
504 2814 546 2872 lta
565 2814 598 2872 S.
613 2814 797 2889 Alpbonsus:
821 2809 1020 2869 “Notandum
1040 2807 1107 2866 verd
1121 2819 1152 2867 ut
1170 2818 1277 2868 certum

186 2910 389 2988 explicandum
403 2930 465 2968 esse
478 2914 506 2972 in
520 2913 712 2980 confessione,
734 2913 758 2968 si
779 2909 909 2970 sodomia
928 2910 964 2966 sit
986 2909 1080 2966 habita
1092 2927 1158 2967 cum
1171 2909 1279 2967 uiolen-

185 3012 232 3078 tia,
246 3011 292 3067 vel
305 3030 371 3070 cum
391 3029 510 3086 persona
528 3012 614 3088 ligata
632 3021 700 3069 roto
720 3009 864 3088 castimtis,
885 3018 913 3066 et
926 3009 1042 3086 insuper
1055 3009 1080 3065 si
1100 3027 1164 3066 eum
1178 3009 1277 3086 conju·

186 3118 264 3186 gata3
286 3110 353 3183 quia
365 3109 437 3167 fides
450 3109 623 3168 matrimonii
635 3111 767 3187 postulat,
787 3120 819 3168 ut
838 3108 945 3185 conjux
963 3108 1041 3166 nullo
1054 3109 1205 3166 concubitu
1219 3127 1277 3166 car·

188 3227 254 3267 nem
267 3228 349 3266 suam
362 3227 428 3267 cum
441 3209 503 3266 aliis
517 3202 673 3266 dividat.”²

227 3311 294 3366 150.
324 3307 479 3365 Sodomita
497 3309 563 3385 jure
586 3309 664 3366 civili
686 3309 875 3384 puniebantur
895 3304 1027 3361 flammis.
1070 3304 1154 3362 Bulla
1174 3304 1206 3362 S.
1232 3305 1278 3362 Pii

187 3405 224 3463 V.
236 3407 359 3464 declarat
370 3416 428 3464 tam
441 3407 560 3466 clericos
574 3427 660 3481 quam
669 3407 758 3465 laicos
772 3405 933 3481 Religiosos
944 3401 1102 3460 sodomiam
1113 3412 1278 3460 exercentes

188 3507 267 3563 omni
279 3506 427 3581 privilegio
450 3506 585 3575 clericali,
601 3506 707 3574 officio,
722 3505 860 3563 beneficio
875 3500 988 3577 privari.
1031 3501 1130 3556 Poenae
1152 3500 1197 3556 hae
1217 3500 1279 3556 latae

187 3605 333 3661 sententiae
346 3602 485 3672 videntur,
504 3603 556 3661 sed
578 3624 652 3681 opus
675 3614 718 3662 est
733 3601 922 3661 declaratione
932 3597 1039 3676 judicis
1063 3618 1120 3672 qua
1143 3616 1190 3655 eas
1211 3616 1277 3655 oon·

188 3711 290 3760 tractas
303 3720 365 3760 esse
378 3713 503 3772 constet3
525 3714 591 3762 sunt
604 3705 681 3762 enim
694 3703 765 3762 adeo
779 3719 879 3780 graves
892 3707 925 3757 ut
943 3715 1029 3756 nemo
1049 3700 1079 3757 in
1098 3717 1129 3756 se
1149 3717 1197 3756 eas
1217 3717 1280 3756 sus·

190 3802 285 3878 cipere
299 3813 457 3860 censeatur.

228 3904 296 3958 151.
328 3901 499 3966 Bestialitas,
522 3920 574 3958 seu
599 3903 690 3959 coitus
717 3900 842 3958 hominis
868 3917 934 3957 eum
960 3897 1059 3962 bestia,
1086 3897 1211 3952 immane
1237 3903 1281 3950 est

187 3998 295 4056 lacinus
321 4010 427 4058 naturae
453 4018 569 4075 prorsus
596 4001 776 4066 contrarium,
803 3997 880 4071 quod
905 4003 1006 4053 caetera
1031 3993 1128 4050 omnia
1151 3992 1278 4052 libidinis

187 4096 294 4174 flagitia
312 4097 484 4174 turpitudine
498 4107 621 4173 superat.
663 4099 742 4174 Lege
764 4095 895 4153 Mosaica
908 4111 984 4150 mors
1001 4109 1050 4150 reo
1075 4085 1278 4168 irrogabatur:³

186 4195 248 4274 lege
273 4197 466 4254 ecclesiastica
487 4198 653 4272 poenitentia
673 4196 855 4254 seuerissima
874 4193 943 4251 otim
962 4193 1090 4271 injuncta
1109 4201 1169 4249 est:
1192 4209 1279 4265 quam

292 4396 334 4464 (l)
349 4395 378 4445 L.
391 4394 425 4444 iii.
434 4411 458 4444 n.
470 4397 530 4445 tos.
668 4396 710 4462 (t)
730 4392 830 4444 ibidem.
962 4392 1004 4458 (3)
1018 4390 1078 4440 laer.
1090 4405 1132 4440 xx.
1147 4393 1184 4438 15.
