3078 5258
593 458 650 518 DE
672 461 937 522 PRIVILEGIIS.
1258 472 1311 528 191

221 628 280 686 sibi
294 627 412 685 abutitur
425 619 613 703 potestate.”l
633 623 776 684 catarum
785 615 1134 708 ipaofucto'privilcgium
1145 649 1202 689 non
1212 643 1315 699 cessat,

220 727 280 784 nisi
295 726 429 800 Superior
442 728 473 784 in
485 725 595 784 indulto
607 726 645 783 ita
661 725 795 782 statuerit.

261 831 308 884 68.
330 823 471 884 Revocari
494 833 615 900 possunt
636 823 786 901 privilegia
807 824 852 882 vel
875 843 1020 902 expresse,
1044 827 1091 885 vel
1112 827 1204 886 tacite.
1247 827 1309 887 Ex·

221 943 322 1002 pressa
334 923 454 982 habetur
466 924 617 990 revocatio,
632 923 657 980 si
671 931 828 1000 apponatur
847 923 904 1001 legi
926 942 1007 984 nova
1024 925 1166 986 clausula:
1187 945 1245 986 non
1266 929 1314 986 ob·

221 1025 360 1081 stantibus
374 1024 600 1096 quibuscumque
614 1022 782 1100 privilegiis,
802 1022 848 1079 vel
867 1041 925 1082 non
945 1024 1073 1082 obstante
1093 1026 1141 1084 tali
1153 1026 1313 1104 privilegio.

222 1123 325 1180 Tacita
339 1123 371 1179 fit
383 1122 598 1200 privilegiorum
618 1123 768 1189 revocatio,
786 1120 899 1191 quando
919 1123 967 1180 lex
987 1123 1073 1184 fertur
1091 1125 1258 1184 universalis
1279 1127 1314 1183 iis

221 1220 355 1278 adversa.
383 1219 470 1286 Quod
484 1223 509 1279 si
520 1221 657 1297 Superior
671 1220 821 1297 privilegia
835 1231 916 1278 antea
928 1239 1065 1280 concessa
1077 1224 1207 1300 ignorare
1221 1224 1316 1283 videa·

222 1331 278 1387 tur,
292 1329 391 1396 utpote
406 1337 468 1390 quae
482 1341 499 1378 a
512 1318 660 1378 decessore
675 1338 727 1379 suo
746 1319 857 1395 privato
870 1319 982 1378 cuidam
1001 1320 1066 1379 data
1084 1321 1197 1390 fuerint,
1212 1342 1264 1382 nec
1285 1325 1315 1381 in

224 1437 330 1494 corpus
343 1418 422 1476 Jnris
436 1419 550 1488 inserta,
564 1437 599 1476 ea
611 1428 741 1476 revocata
753 1435 810 1476 non
831 1429 990 1486 censentur,
1011 1422 1065 1479 nisi
1081 1419 1214 1498 specialis
1228 1441 1315 1500 appo·

224 1519 279 1574 sita
292 1519 329 1575 sit
342 1517 468 1576 clausula
481 1538 537 1591 qua
550 1518 755 1577 rescindantur.
783 1517 923 1592 Specialis
937 1518 1079 1596 ejusmodi
1092 1521 1218 1578 clausula
1231 1523 1314 1580 etiam

225 1617 381 1691 requiritur
391 1615 426 1674 ad
439 1616 625 1676 rescindenda
643 1617 793 1694 privilegia
809 1617 870 1693 jam
891 1619 920 1676 in
934 1635 1052 1695 corpore
1066 1619 1143 1677 Juris
1165 1621 1313 1688 recensita,

227 1714 276 1772 vel
290 1714 472 1792 Regularium
486 1715 631 1775 ordinibus
645 1733 791 1782 concessa,
805 1716 851 1773 vel
863 1735 926 1788 quae
940 1717 1053 1777 concilii
1066 1719 1207 1796 generalia
1220 1721 1314 1778 nitun-

224 1824 271 1872 tur
284 1815 462 1882 auctoritatc3
483 1816 528 1873 vel
542 1835 606 1888 quae
620 1835 657 1874 ex
671 1814 772 1873 indulti
791 1815 885 1871 verbis
899 1814 1051 1891 specialem
1066 1819 1185 1893 exigunt
1197 1820 1316 1875 mentio·

223 1931 311 1980 nem3
330 1914 376 1971 vel
389 1931 451 1986 quae
465 1917 590 1990 speciem
611 1922 769 1973 contractus
789 1913 975 1989 praeselcrunt
987 1915 1024 1972 ob
1043 1917 1142 1974 merita
1162 1934 1224 1987 qnae
1238 1935 1315 1974 com·

226 2022 358 2087 pensant,
372 2013 416 2070 vel
429 2031 502 2072 onus
517 2015 596 2087 quod
608 2013 755 2074 inducunt.
798 2013 856 2070 Sed
870 2014 895 2071 si
911 2013 961 2071 lex
973 2016 1145 2073 revocatoria
1156 2015 1212 2073 lata
1225 2015 1316 2073 decla·

225 2119 303 2169 retur
316 2130 352 2170 ee
365 2119 443 2170 certa
456 2114 594 2183 scientio,
608 2120 692 2172 motu
700 2112 836 2191 proprio,
852 2123 879 2170 ct
892 2130 929 2171 es
943 2111 1133 2190 plenitudine
1140 2115 1313 2193 potestatis,

223 2223 386 2270 revocatum
400 2223 532 2272 censetur
545 2231 631 2274 omne
643 2212 834 2290 privilegium,¹
843 2213 970 2288 exceptis
981 2215 1120 2282 onerosis,
1132 2224 1179 2272 aut
1192 2233 1254 2287 quae
1264 2216 1314 2290 jus

221 2312 295 2368 tertii
309 2322 444 2388 spectant.

264 2413 311 2467 69.
334 2409 590 2471 Communicantnr
610 2411 757 2488 privilegia
778 2411 850 2469 inter
870 2410 992 2468 Ordines
1014 2411 1221 2480 Mendicantcs,
1243 2413 1313 2470 adeo

221 2518 254 2566 ut
277 2527 345 2581 qnae·
360 2512 411 2567 uni
432 2510 537 2568 suerint
556 2529 703 2577 concessa,
724 2511 833 2568 caeteris
855 2509 918 2568 data
936 2512 1136 2588 intelligantur,
1158 2523 1217 2570 tum
1239 2513 1315 2569 circa

220 2607 297 2675 loca,
311 2618 370 2667 turn
391 2610 465 2666 circa
484 2629 631 2686 personas,
653 2609 828 2675 festivitates,
849 2618 877 2666 et
896 2609 1094 2686 indulgentias.
1137 2609 1313 2687 Hujusmodi

224 2707 386 2782 privilegiis
399 2707 525 2768 fruuntur
538 2709 678 2777 conversi,
700 2718 728 2766 et
746 2708 862 2774 novitii3
884 2708 957 2764 sieut
969 2716 997 2764 et
1015 2707 1139 2782 religiosi
1155 2707 1190 2764 ad
1203 2709 1314 2782 episco-

223 2813 326 2881 patum
341 2807 488 2882 assumpti,
509 2808 683 2867 “dummodo
698 2826 756 2865 uon
769 2815 866 2883 agatur
878 2804 912 2862 de
926 2806 1019 2872 rebus,
1031 2804 1132 2877 quibus
1147 2805 1276 2882 episcopi
1289 2805 1315 2862 si

221 2913 347 2972 utantur,
362 2905 477 2979 aliquod
488 2909 618 2985 religioni
639 2906 837 2985 praejudicium
859 2905 1030 2980 proveniret,
1050 2916 1082 2962 ut
1093 2915 1168 2963 asset
1181 2905 1315 2963 habitatio

221 3005 253 3060 in
267 3008 451 3074 monastario,
471 3006 546 3066 datio
565 3006 704 3084 suffragii,
727 2999 822 3063 &c.”²
862 3004 1006 3064 Moniales
1027 3014 1054 3062 et
1075 3006 1208 3064 monachi
1230 3007 1314 3064 etiam

222 3107 425 3164 communione
446 3106 658 3184 privilegiorum
672 3107 745 3164 inter
762 3123 793 3162 sc
816 3106 938 3162 invicem
959 3104 1097 3171 smuntur,
1111 3104 1232 3178 ideoque
1251 3123 1314 3178 qnae

221 3203 316 3261 ordini
339 3206 423 3263 alicui
436 3204 629 3264 conceduntur
649 3205 796 3281 privilegia
816 3203 989 3271 favorabilia,
1012 3214 1078 3260 sunt
1090 3207 1219 3263 omnium
1240 3204 1313 3262 crdi-

220 3321 291 3361 num
315 3304 384 3362 viris
398 3305 581 3376 soeminisqne
595 3305 776 3362 communia:
799 3320 862 3375 quaa
876 3313 969 3360 autern
984 3312 1050 3359 sunt
1064 3299 1172 3370 odiosa,
1188 3303 1233 3360 vel
1247 3321 1313 3360 con·

221 3405 306 3461 traria
319 3405 444 3480 propriis
459 3405 579 3470 statutis,
594 3421 652 3462 non
666 3403 918 3464 communicantur.

258 3589 300 3653 (l)
313 3591 376 3653 Cap.
398 3587 452 3646 Udi,
462 3589 567 3638 distinct.
579 3588 656 3639 lxxiv.
822 3589 860 3643 (2)
873 3581 1017 3646 antiphon.
1030 3583 1045 3630 l.
1054 3582 1070 3631 i.
1082 3597 1136 3646 app.
1150 3579 1183 3630 ΙΙ.
1195 3597 1221 3631 n.
