3046 5262
395 506 452 566 DE
474 503 683 566 Pncoffls
704 503 991 565 CAPITALIBUS.
1180 511 1239 566 aso

149 673 227 732 tione
240 671 375 737 metente,
397 669 433 728 dc
454 687 511 740 qna
530 669 595 740 quis
616 668 758 744 gloriatur,
772 677 841 744 puts
859 685 948 740 quum
969 669 1033 740 quis
1053 667 1188 744 glorietur
1206 669 1242 728 de

150 773 248 842 aliquo
271 769 353 836 ialso,
377 767 456 840 quod
475 767 657 826 contrariatur
677 764 781 824 divinae
803 768 977 834 reverentie,
996 766 1153 825 secundum
1174 767 1243 828 illud

151 868 263 928 Ezech.
278 867 379 925 xxviii.
411 867 582 924 ‘Eleratum
596 874 804 931 estcortuum,
818 875 847 924 et
856 864 964 924 dixisti.
993 865 1074 922 Dens
1087 883 1142 942 ego
1154 865 1241 924 sum!

153 969 192 1026 Et
207 971 220 1024 l
237 964 354 1022 adCor.
370 965 407 1021 iv.
430 963 527 1030 ‘Quid
540 963 627 1022 habes
641 961 719 1034 quod
737 981 796 1021 non
816 964 974 1040 accepisti?
1004 963 1038 1022 si
1052 973 1144 1022 autem
1165 980 1244 1022 accc·

153 1066 228 1142 pisti,
243 1063 313 1136 quid
326 1063 454 1138 gloriaris
465 1063 547 1136 quasi
557 1079 616 1121 non
630 1063 772 1138 acceperis
784 1061 805 1117 l’
828 1063 884 1120 Vel
894 1064 979 1121 etiam
990 1079 1055 1121 cum
1064 1064 1127 1136 quis
1137 1064 1244 1120 bonum

155 1162 319 1238 temporale,
334 1160 369 1218 de
384 1179 440 1234 qno
454 1161 598 1236 gloriatur,
612 1160 726 1236 praefert
738 1156 851 1218 Deo.”¹

192 1265 243 1318 40.
274 1258 477 1318 lnobedicntie
503 1267 650 1334 peccatum
674 1260 814 1333 superbie
837 1259 937 1317 vit'nm
963 1275 1039 1334 sepe
1063 1261 1245 1336 conjunctum

154 1361 249 1425 habet,
264 1356 378 1428 quando
391 1358 499 1416 scilicet
511 1358 653 1432 spernitur
666 1358 805 1432 superior,
820 1359 939 1435 ejusque
953 1357 1113 1416 auctoritas.
1147 1366 1167 1394 “
1177 1357 1245 1414 Ela-

154 1460 196 1517 tio
210 1456 416 1538 contemnentis
496 1457 635 1514 convertit
654 1457 684 1514 in
704 1456 811 1513 crimen
833 1456 925 1531 gravis
946 1455 1109 1514 rebellionis
1131 1472 1244 1513 naevum

155 1556 224 1614 satis
238 1555 329 1612 levem
343 1554 483 1630 simplicis
505 1553 770 1631 transgressionis.”
813 1554 855 1611 lta
874 1547 1063 1611 Bernardus.²
1102 1552 1246 1612 Ceterum

155 1673 213 1712 non
226 1652 387 1712 censendus
405 1662 449 1710 est
460 1671 576 1728 semper
589 1653 743 1728 superioris
757 1653 947 1709 auctoritatem
962 1670 1107 1728 spernere,
1121 1654 1171 1724 qui
1184 1653 1246 1730 ejus

155 1751 324 1810 exercitium
338 1752 513 1823 aliquatenus
534 1752 679 1827 inculpat:
700 1751 838 1826 contingit
857 1752 933 1809 enim
948 1750 1099 1822 aliquando
1112 1768 1206 1808 mores
1220 1759 1248 1808 et

152 1853 235 1927 jussa
261 1850 417 1926 superioris
447 1849 628 1928 parvipendi,
652 1849 721 1922 quin
741 1850 805 1924 ipsa
830 1849 981 1906 auctoritas
1004 1849 1179 1924 contemptui
1201 1849 1249 1906 ha·

156 1951 265 2008 beatur.

197 2051 248 2104 41.
268 2046 409 2104 lactantia
422 2055 466 2102 est
478 2047 570 2103 inanis
584 2055 613 2102 et
633 2046 717 2103 stulta
737 2047 859 2122 propriae
881 2043 1055 2103 excellentie
1076 2045 1248 2122 praedicatio.

158 2145 217 2204 Est
240 2146 405 2220 plerumque
420 2144 539 2204 venialis
563 2144 661 2220 culpa;
682 2145 808 2201 mortalis
831 2153 925 2202 tamen
947 2143 971 2199 si
995 2161 1108 2219 gravem
1131 2145 1250 2202 aliorum

157 2251 352 2319 contemptum
366 2244 552 2319 conjunctum
566 2242 676 2308 habeat,
690 2243 737 2298 vel
749 2261 864 2318 gravem
878 2241 968 2317 pariat
980 2241 1179 2302 offensionem.
1201 2243 1250 2300 Sic

158 2343 314 2418 phariseus
328 2359 380 2398 sua
388 2342 501 2417 jactans
515 2359 613 2416 opera,
624 2350 654 2398 et
663 2340 844 2416 publicanum
855 2358 1002 2416 spernens,
1017 2340 1081 2398 Dec
1099 2340 1251 2400 admodum

159 2433 330 2517 displicuit³

198 2544 248 2598 42.
272 2537 446 2614 Hypocriris
459 2547 502 2598 est
514 2538 591 2596 fictio
605 2556 662 2610 qua
681 2539 746 2610 quis
759 2539 892 2598 virtutum
906 2537 1031 2598 studium
1045 2549 1073 2596 et
1086 2541 1251 2599 exercitium

160 2638 286 2696 simulat.
328 2636 456 2694 Venialis
476 2645 529 2704 est,
553 2639 580 2694 si
602 2638 667 2708 quis
690 2645 797 2694 tantum
820 2638 915 2712 cupiat
935 2636 1043 2694 laudari
1057 2648 1085 2693 et
1107 2638 1249 2702 estimari,

159 2738 269 2808 absque
283 2735 402 2792 aliorum
415 2733 527 2802 dunno,
550 2735 595 2792 rel
615 2735 762 2810 religionis
782 2733 938 2792 dedecore:
959 2735 1085 2791 mortalis
1107 2743 1212 2799 autem,
1227 2734 1252 2790 si

161 2836 229 2894 ideo
243 2833 361 2890 simulet
373 2832 503 2907 pietatem
517 2844 548 2891 ut
561 2833 694 2910 haeresim
706 2833 841 2899 insinuet,
855 2830 900 2888 vel
919 2833 1098 2890 innocentem
1112 2833 1143 2888 in
1156 2849 1255 2908 pecca·

161 2944 221 2990 tum
235 2930 360 2989 inducat.
383 2931 483 2988 “Non
497 2949 612 3008 semper
624 2932 687 3006 ipsa
699 2931 843 2989 simulatio
857 2939 901 2987 est
913 2931 939 2988 ei
952 2940 1111 3006 peccatum,
1126 2931 1254 2997 mortale,

162 3031 212 3090 sed
227 3029 397 3104 quandoque
411 3029 532 3088 veniale.
575 3029 661 3096 Quod
681 3029 900 3089 discernendum
920 3037 964 3086 est
982 3047 1019 3086 ex
1032 3030 1099 3099 fine,
1114 3031 1163 3102 qui
1175 3030 1200 3086 si
1212 3048 1255 3088 re·

163 3139 271 3206 pugnet
283 3128 410 3186 charitati
424 3127 481 3186 Dei
494 3130 539 3186 vel
560 3129 695 3205 proximi,
715 3131 769 3186 erit
787 3137 934 3204 peccatum
953 3129 1088 3196 mortale;
1110 3139 1178 3206 puta
1191 3147 1256 3187 cum

163 3229 280 3286 simulat
292 3227 479 3294 sanctitatem,
496 3237 526 3284 ut
539 3228 639 3286 salsam
659 3228 815 3286 doctrinam
828 3227 1005 3293 disseminet,
1019 3226 1065 3282 vel
1077 3234 1108 3283 ut
1120 3227 1258 3302 adipisca-

163 3339 207 3384 tur
220 3325 385 3402 dignitatcm
399 3325 623 3386 ecclesiasticam
644 3326 788 3402 indignus,
809 3325 855 3381 vel
874 3340 1062 3396 quecumque
1084 3324 1138 3380 alia
1150 3333 1258 3398 tempo·

163 3426 232 3483 ralia
250 3425 334 3492 bona,
355 3426 385 3482 in
404 3425 508 3494 quibus
522 3425 609 3484 finem
631 3424 785 3483 constituit.
828 3423 861 3480 Si
881 3441 949 3480 vero
971 3421 1035 3478 finis
1058 3422 1180 3479 intentus
1201 3439 1259 3479 non

163 3533 303 3599 repugnet
314 3523 453 3589 charitati,
475 3524 530 3582 erit
547 3533 694 3599 peccatum
714 3522 836 3589 veniale,
858 3532 926 3597 puta
945 3539 1010 3581 cum
1031 3520 1134 3591 aliquis
1153 3521 1183 3577 in
1197 3520 1260 3594 ipsa

164 3623 278 3680 fictione
292 3619 493 3680 delectatur.’'⁴

203 3724 254 3781 43.
276 3718 430 3778 Contentio
444 3730 488 3778 est
500 3719 664 3780 inordinata
683 3721 833 3778 verborum
847 3737 941 3796 pugna
954 3719 1028 3776 circa
1040 3736 1148 3776 verum.
1191 3716 1260 3774 Pro·

164 3819 277 3876 hibetur
290 3819 323 3874 ab
342 3819 503 3894 Apostolo:
526 3819 631 3877 “Noli
653 3819 825 3878 contendere
839 3814 982 3878 verbis.”⁵
1022 3826 1042 3852 ‘⁶
1054 3817 1087 3874 Si
1108 3817 1261 3890 accipiatur

165 3917 320 3984 contentio,
335 3916 493 3976 secundum
507 3917 583 3990 quod
604 3918 742 3994 importat
760 3919 1004 3994 impugnationem
1018 3914 1151 3981 veritatis,
1173 3923 1202 3973 et
1221 3914 1262 3970 in·

166 4014 292 4073 debitum
310 4016 438 4083 modum,
462 4018 505 4074 sic
528 4027 573 4073 est
592 4026 744 4092 peccatum
765 4015 905 4074 mortale.
918 4056 926 4071 .
939 4055 946 4070 .
961 4014 986 4069 si
1006 4021 1099 4069 autem
1119 4012 1262 4070 contentio

165 4112 275 4172 dicatur
288 4114 464 4192 impugnatio
478 4114 608 4172 salsitatis
633 4133 699 4172 cuin
719 4114 814 4172 debito
835 4111 921 4172 modo
942 4111 1119 4170 acrimoniae:
1142 4111 1182 4168 sic
1196 4129 1262 4169 con·

266 4286 308 4349 (l)
329 4286 353 4332 S.
367 4285 458 4336 Thom.
471 4289 495 4334 2.
508 4290 532 4335 2.
545 4303 586 4350 qu.
598 4287 689 4336 cxxxii.
702 4295 746 4335 art.
758 4286 791 4336 iii·
804 4283 878 4351 Resp.

268 4369 310 4433 (2)
330 4367 358 4418 L.
370 4369 400 4417 de
409 4386 478 4432 piaec.
490 4378 514 4419 ct
525 4371 586 4433 disp.
599 4387 620 4418 c.
633 4371 668 4420 xi.
905 4370 948 4435 (3)
968 4367 1030 4418 Luc.
1041 4368 1110 4417 xviii.
1125 4372 1162 4417 ll.

265 4454 307 4518 (4)
327 4458 350 4502 2.
363 4453 386 4505 2.
398 4470 439 4518 qu.
452 4456 482 4504 vi·
495 4464 538 4504 art.
549 4455 582 4504 iv.
592 4457 618 4504 in
630 4471 695 4519 corp.
898 4455 938 4519 (5)
958 4457 974 4506 2
992 4452 1055 4502 Tim,
1071 4453 1096 4506 ii.
1111 4456 1160 4518 14.Ι
