3076 5260
259 509 318 566 ³80
456 505 512 564 DE
534 502 798 565 FORENSIBUS
820 500 1189 562 OBLIGATIONIBUS.

259 667 383 749 pendam
396 671 617 746 opprimebatur,
638 668 730 728 donee
749 667 943 746 responderet,
959 667 1005 726 vel
1025 663 1192 744 expiraret.¹
1234 667 1350 741 Ubique

258 768 379 830 invaluit
394 769 456 846 jam
480 770 575 828 mitior
593 768 769 847 judiciorum
791 767 890 836 forma,
914 777 943 824 et
964 767 1165 826 constitutione
1188 767 1360 824 Americana

257 868 416 946 praesertim
433 879 549 928 cavetur
562 887 598 928 ne
612 869 677 942 quis
690 877 789 927 contra
808 885 839 924 se
853 867 883 924 in
895 885 980 924 eausa
993 866 1134 924 criminali
1146 866 1221 924 serre
1236 866 1359 924 testimo·

257 969 340 1026 nium
354 976 480 1044 cogatur.

299 1071 368 1124 112.
392 1067 514 1126 Poenam
534 1068 599 1144 lege
620 1075 753 1124 senam
776 1065 860 1123 debet
880 1063 1031 1123 decernere
1049 1062 1143 1142 judex
1165 1063 1357 1140 irrogandam,

251 1166 353 1242 juratis
368 1165 532 1224 hominibus
552 1184 633 1245 reum
647 1164 854 1222 damnantibus.
896 1163 931 1220 lu
950 1163 986 1220 iis
1000 1164 1030 1221 in
1049 1163 1152 1235 quibus
1167 1163 1284 1221 arbitrio
1298 1164 1358 1239 ejus

254 1282 341 1342 poena
355 1283 371 1320 a
384 1264 447 1340 lege
463 1265 641 1340 permittitur,
663 1280 745 1335 aquo
766 1262 862 1319 animo
880 1279 943 1320 eam
963 1270 1083 1320 statuere
1103 1260 1198 1330 debet,
1214 1262 1358 1339 publicam

255 1362 418 1432 utilitatem,
433 1380 603 1436 mommque
617 1360 848 1420 emendationem
861 1379 919 1437 prae
932 1361 1023 1420 oculis
1038 1361 1156 1418 hebens.

626 1559 695 1636 511.
717 1559 765 1618 Da
786 1578 990 1619 accussronn.

299 1730 366 1785 113.
392 1728 536 1786 Accusare
562 1727 664 1785 dicitur
691 1728 741 1801 qui
763 1727 891 1786 criminis
911 1745 992 1784 reum
1013 1725 1137 1798 aliquem
1161 1724 1247 1782 refert
1264 1724 1356 1801 judici

255 1825 386 1904 legitimo
399 1836 430 1885 ut
443 1827 585 1903 puniatur,
599 1825 728 1900 illudque
742 1825 920 1904 probandum
935 1827 964 1883 iu
977 1844 1008 1882 se
1022 1825 1152 1900 suscipit.
1194 1825 1253 1891 Qui
1267 1822 1355 1881 desert

254 1927 364 1984 crimen
378 1927 518 2002 superiori
531 1935 563 1984 ut
575 1925 743 1984 emendetur
762 1944 839 1994 reus,
854 1926 901 1983 vel
915 1935 947 1982 ut
967 1925 1115 1983 communi
1127 1923 1241 1981 utilitati
1255 1941 1356 1981 consu·

254 2025 337 2091 latur,
352 2042 407 2097 qua
420 2026 512 2102 possit
524 2025 634 2084 meliori
647 2026 765 2094 ratione,
776 2025 943 2084 denuntiare
954 2022 1025 2083 illud
1038 2023 1150 2090 dicitur,
1162 2023 1274 2095 quoties
1289 2021 1356 2080 illud

257 2122 396 2201 probandi
406 2142 479 2182 onus
492 2142 552 2182 non
564 2125 696 2202 suscipit.

298 2226 366 2282 114.
387 2223 571 2297 Quicumque
585 2223 746 2300 specialiter
766 2223 803 2282 ad
823 2241 926 2281 munus
946 2220 1110 2298 invigilandi
1129 2218 1255 2296 deputati
1277 2231 1352 2286 sunt,

256 2330 372 2398 accepta
386 2322 526 2390 mercede,
541 2330 671 2382 tenentur
681 2321 717 2380 ad
730 2323 850 2380 crimina
863 2322 1017 2379 commissa
1030 2320 1064 2378 ab
1075 2321 1137 2378 aliis
1151 2328 1252 2376 contra
1265 2316 1355 2379 domi·

254 2436 356 2477 norum
371 2420 517 2477 utilitatem
530 2419 696 2478 reserenda:
718 2438 801 2478 secus
824 2439 888 2492 quae
910 2439 962 2477 sua
982 2419 1164 2478 conniventia
1183 2418 1354 2495 contingunt

254 2517 359 2576 damna
371 2515 475 2576 debent
487 2536 627 2594 reparare.
670 2518 720 2576 Sic
733 2518 845 2576 fiscales
866 2517 971 2578 debent
990 2517 1151 2576 fraudantes
1164 2518 1351 2593 vectigalibus

256 2618 427 2696 gubemium
446 2635 547 2695 capere
561 2627 589 2676 et
601 2637 752 2677 accusare:
775 2617 890 2691 quodsi
911 2635 1030 2678 munere
1045 2625 1163 2694 accepto
1183 2617 1354 2675 conniveant

253 2716 355 2787 fraudi,
371 2727 502 2778 tenentur
514 2716 549 2775 ad
563 2716 699 2776 damnum
708 2717 906 2776 reficiendum.
941 2718 991 2775 Sic
1006 2717 1108 2775 domus
1122 2716 1169 2773 vel
1182 2717 1243 2792 agri
1256 2727 1353 2774 custos

254 2815 363 2876 furibus
376 2816 460 2874 debet
471 2818 613 2886 resistere,
627 2835 734 2891 eosque
754 2827 852 2893 captos
872 2816 980 2874 tradere
995 2815 1169 2892 magistratui
1187 2824 1218 2872 ut
1230 2817 1350 2890 punian-

255 2925 316 2973 tur:
340 2914 417 2988 quod
428 2933 460 2973 se
474 2916 640 2992 neglexerit,
656 2925 684 2973 et
694 2916 769 2974 furto
779 2917 893 2974 silentio
904 2917 1004 2974 saltem
1019 2914 1129 2983 faverit,
1143 2933 1209 2972 reus
1221 2915 1285 2991 ipse
1300 2925 1350 2980 est,

256 3025 284 3072 et
297 3009 333 3070 ad
346 3012 554 3070 restitutionem
566 3014 715 3089 obligatur.
757 3016 890 3073 Privatus
901 3016 1022 3088 quisque
1036 3013 1119 3072 debet
1131 3032 1196 3072 reos
1210 3033 1350 3078 accusare,

261 3110 308 3169 vel
322 3110 498 3179 denuntiare,
522 3111 633 3183 quoties
647 3112 738 3188 agitur
750 3110 785 3170 de
805 3113 910 3172 damno
930 3115 1095 3191 reipublicae
1109 3114 1292 3190 gravissimo,
1313 3113 1355 3168 vel

255 3211 340 3269 etiam
355 3211 466 3269 innoxii
478 3211 612 3269 hominis.
654 3211 760 3284 Liquet
773 3231 916 3286 quemque
937 3214 973 3271 ad
994 3213 1023 3270 id
1044 3213 1169 3271 muneris
1191 3231 1258 3288 erga
1280 3229 1349 3269 rem-

255 3311 397 3388 publicam
412 3311 515 3378 teneri,
531 3329 566 3369 ne
581 3310 688 3369 malum
699 3326 793 3388 serpat
806 3331 872 3371 cnm
885 3332 989 3390 magno
999 3312 1185 3390 plurimorum
1200 3311 1348 3369 detrimen-

255 3421 301 3468 to:
332 3410 419 3468 etad
444 3411 604 3469 innocentis
628 3409 755 3470 hominis
781 3412 917 3470 damnum
943 3393 1032 3469 etiam
1055 3410 1286 3488 praecavendum,
1314 3427 1347 3466 ne

253 3510 446 3586 opprimatur:
469 3509 587 3568 “libera
605 3528 671 3570 enm
686 3511 735 3583 qui
748 3511 881 3588 injuriam
900 3513 1004 3587 patitur
1024 3510 1058 3570 de
1080 3530 1166 3568 mann
1187 3500 1346 3586 superbi.’'¹

253 3608 304 3667 Sic
318 3609 459 3682 quinovit
472 3609 582 3681 aliquos
603 3620 716 3684 pactum
736 3611 808 3668 inter
828 3630 860 3669 se
883 3611 982 3668 iniisse
1004 3611 1127 3684 aliquem
1148 3607 1346 3671 interficiendi,

252 3707 336 3766 debet
348 3725 398 3765 eos
412 3705 586 3776 denuntiare,
601 3710 647 3766 vel
659 3709 729 3766 alias
743 3710 825 3767 saluti
839 3710 997 3768 innocentis
1011 3710 1171 3768 consulere.

295 3811 362 3866 115.
385 3807 607 3876 accusauerat
629 3807 783 3867 denntiatio
796 3809 858 3866 fieri
876 3817 972 3887 potest
991 3810 1068 3868 nulla
1089 3809 1238 3895 praemissa
1256 3806 1347 3864 moni-

254 3907 339 3976 tione,
355 3907 466 3982 quoties
479 3906 632 3984 prudenter
651 3909 763 3966 timetur
775 3927 811 3966 ne
826 3927 890 3966 reus
904 3909 1028 3967 monitus
1042 3909 1182 3969 occultius
1196 3914 1306 3983 peccet,
1321 3915 1347 3962 et

287 4129 326 4188 (1)
339 4127 402 4176 Vide
413 4129 477 4192 apud
490 4128 645 4189 Blackstone,
659 4127 736 4179 Ptine
742 4127 811 4197 sorte
822 4133 845 4178 et
856 4127 925 4188 dore,
938 4131 953 4178 l.
964 4129 995 4177 iv.
1008 4145 1032 4179 n.
1045 4132 1101 4178 325.

289 4210 331 4274 (2)
345 4217 360 4240 ·‘
368 4211 394 4259 N
396 4229 411 4260 o
420 4229 507 4275 person
570 4215 632 4264 shall
644 4217 673 4264 be
684 4215 825 4280 compelled,
839 4215 865 4264 in
883 4231 932 4278 any
943 4215 1054 4264 criminal
1067 4230 1129 4273 case,
1144 4221 1169 4264 to
1180 4214 1210 4262 be
1221 4229 1235 4262 a
1247 4212 1347 4262 witness

253 4295 349 4357 against
358 4294 479 4345 himself.”
509 4299 601 4349 Article
613 4317 635 4350 v.
659 4299 800 4350 Amendto
816 4297 923 4350 constit.
939 4297 1003 4348 U.S.

287 4384 327 4448 (3)
342 4381 409 4432 llccl.
421 4381 452 4430 iv.
465 4383 488 4430 9.
