3076 5260
274 479 333 536 346
443 469 500 534 DE
521 471 880 544 OBnlctmoNluUs
902 467 1195 530 OLERIOORUM.

275 650 294 676 “
306 643 344 700 ita
357 651 459 708 nmen,
473 649 504 698 ut
524 638 761 714 quandocumque
783 657 843 706 eos,
858 653 943 696 cansa
955 637 1034 712 prins
1054 654 1105 712 per
1118 638 1292 712 episcopum
1306 654 1371 712 cog·

275 741 333 798 nita
351 749 379 796 et
397 740 522 815 probata,
543 739 643 797 abesse
674 739 831 814 contigerit,
852 738 990 796 ricarium
1012 735 1149 796 idoneum
1171 735 1294 810 abipso
1316 733 1368 793 Or-

273 836 382 898 dinario
396 837 623 914 approbandum,
638 857 703 896 cnm
717 837 811 895 debita
823 835 962 896 mercedis
981 835 1183 911 assignatione,
1197 834 1370 905 relinquant.

274 935 450 996 Discedendi
460 947 552 994 autem
566 936 710 996 licentiam
721 937 751 994 in
765 937 888 1011 scriptis,
903 935 1047 1012 gratisque
1058 931 1281 1001 concedendam,
1296 932 1371 990 ultra

273 1037 405 1096 bimestre
419 1045 542 1112 tempus,
558 1037 614 1095 nisi
626 1056 664 1094 ex
674 1035 751 1110 gravi
761 1053 857 1102 causa,
867 1054 924 1092 non
937 1025 1129 1091 obtineant.”¹
1170 1032 1258 1088 Valet
1270 1030 1371 1088 eadem

273 1137 345 1192 ratio
358 1133 393 1192 de
406 1135 574 1208 pastoribus,
589 1136 638 1206 qni
658 1136 746 1192 instar
769 1133 968 1209 parochorum,
991 1151 1089 1188 curam
1112 1133 1275 1189 animarum
1298 1129 1372 1205 apud

273 1250 325 1290 nos
339 1233 475 1291 obtinent.
518 1233 695 1292 Missionarii
718 1241 813 1290 antem
836 1233 885 1304 qui
905 1230 1005 1288 fideles
1026 1249 1077 1306 per
1100 1240 1188 1288 totam
1219 1231 1369 1305 regionem

273 1331 409 1398 invisunt,
431 1331 605 1388 satisfaciunt
624 1334 696 1390 intra
711 1333 871 1407 regionem,
889 1331 937 1388 ubi
957 1330 1047 1405 magis
1060 1339 1257 1406 opportunum
1279 1329 1369 1386 visum

273 1429 367 1496 fuerit,
381 1429 438 1488 nisi
449 1430 529 1488 locus
544 1431 578 1488 ab
591 1434 729 1508 episcopo
742 1429 904 1506 designatus
915 1429 1008 1495 suerit,
1018 1429 1171 1487 morando:
1194 1446 1254 1485 non
1269 1427 1371 1484 debent

257 1561 259 1566 ,
275 1537 368 1586 autem
381 1539 461 1586 extra
474 1548 537 1586 eam
547 1532 653 1588 versari
667 1531 773 1602 absque
787 1531 866 1604 gravi
880 1547 977 1595 cansa,
992 1546 1028 1584 v:
1052 1547 1090 1602 g:
1112 1538 1143 1585 ut
1156 1527 1371 1586 consessionem

275 1626 349 1700 apud
362 1628 560 1703 presbyterum
574 1637 718 1704 peragant,
733 1628 779 1686 vel
792 1628 929 1686 exercitia
949 1625 1117 1702 spiritualia,
1132 1627 1232 1684 relicto
1246 1626 1370 1690 interim,

276 1723 388 1796 quando
408 1724 470 1782 fieri
491 1727 592 1801 possit,
616 1727 671 1785 alio
694 1726 839 1784 sacerdote
853 1728 902 1798 qui
924 1745 1024 1784 eorum
1048 1726 1131 1782 obeat
1151 1725 1241 1782 vices.
1287 1725 1372 1781 Peste

276 1831 431 1898 grassante,
446 1823 546 1880 debent
556 1826 672 1900 parochi
686 1843 800 1882 manere
814 1827 843 1882 in
857 1843 908 1882 sua
917 1825 1048 1900 paroecia,
1059 1823 1188 1894 quamvis
1203 1824 1320 1880 valeant
1332 1827 1372 1880 uti

277 1920 389 1978 alterius
403 1921 555 1980 sacerdotis
576 1941 662 1998 opera
683 1923 713 1980 in
736 1923 918 1980 sacramentis
941 1912 1161 1980 ministrandis.²

315 2025 364 2078 42.
386 2021 480 2078 Missa
493 2021 659 2097 applicanda
668 2030 711 2078 est
725 2020 790 2102 (pro
805 2018 926 2098 populo)
941 2020 1040 2078 diebus
1057 2019 1231 2088 Dominicis,
1247 2029 1278 2078 et
1291 2020 1368 2078 festis

276 2117 312 2176 dc
328 2129 481 2196 praecepto,
497 2139 513 2176 a
525 2121 667 2195 parochis,
681 2139 733 2177 seu
747 2121 809 2178 aliis
822 2138 918 2177 curam
932 2120 1090 2176 animarum
1104 2121 1281 2195 gerentibus,
1290 2129 1372 2196 prout

278 2216 432 2276 declararit
444 2219 561 2294 speciali
574 2213 789 2278 constitutionc³
802 2218 974 2276 Benedictus
988 2218 1083 2285 xlv„
1098 2218 1306 2277 Tridentinum
1326 2217 1371 2273 de·

276 2325 382 2374 cretum
403 2316 552 2395 explicans
565 2327 593 2374 et
615 2319 770 2378 inordcans.
813 2318 908 2384 Quum
928 2317 963 2374 de
984 2318 1143 2392 pastoribus
1157 2319 1332 2382 animarum,
1346 2325 1373 2372 et

274 2411 309 2474 do
322 2415 385 2474 aliis
398 2433 495 2474 earnm
517 2435 613 2474 curam
628 2418 806 2484 habentibus,
820 2417 905 2474 etiam
928 2416 962 2474 ad
982 2425 1103 2492 tempus,
1126 2417 1242 2476 vicariis
1265 2416 1373 2474 scilicet

276 2515 483 2583 amoribilibus,
497 2515 527 2573 id
540 2513 630 2574 tradat
648 2515 792 2584 Pontifex,
808 2515 954 2574 indubium
975 2514 1086 2574 videtur
1107 2525 1236 2591 pastores
1250 2525 1279 2572 et
1301 2515 1371 2572 Mis-

278 2615 417 2674 sionarios
431 2616 465 2674 ad
486 2615 514 2674 id
535 2617 634 2682 teneri,
648 2617 677 2674 vi
697 2618 742 2676 sui
763 2615 897 2674 muneris.
941 2615 1001 2674 Ubi
1022 2624 1115 2672 antem
1139 2615 1186 2690 alii
1208 2614 1370 2672 sacerdotes

276 2715 384 2791 pastori
403 2715 528 2792 adjuncti
542 2723 607 2772 sunt
627 2714 663 2772 ad
683 2715 780 2775 munia
794 2713 933 2781 obeunda,
947 2715 1016 2772 satis
1031 2722 1075 2772 est
1087 2714 1113 2772 si
1126 2723 1234 2790 pastor,
1249 2713 1297 2771 vel
1310 2715 1371 2790 ipso

275 2813 412 2891 impedito
432 2817 502 2873 alius
517 2815 641 2872 Missam
659 2815 790 2891 applicet.

317 2917 365 2968 43.
388 2912 561 2970 infidelium
575 2913 782 2972 institutionem
801 2912 996 2970 Christianam
1011 2912 1153 2988 parochus
1166 2913 1316 2971 incumbat
1328 2931 1373 2970 ne·

278 3027 359 3066 cesse
381 3019 441 3065 est:
466 3010 679 3081 “Quicumque
699 3011 886 3086 parochiales,
901 3010 946 3068 vel
959 3012 1028 3068 alias
1042 3031 1139 3070 curam
1153 3012 1314 3070 animarum
1326 3012 1372 3069 ha-

276 3107 373 3163 beutes
388 3107 522 3164 ecclesias
537 3127 718 3182 quocumque
732 3109 818 3167 modo
831 3111 968 3177 obtinent,
983 3129 1035 3187 per
1046 3130 1089 3180 se,
1101 3111 1146 3168 vel
1160 3111 1231 3170 alios
1242 3111 1371 3176 idoneos,

276 3207 302 3264 si
314 3205 440 3283 legitime
454 3207 584 3285 impediti
599 3208 710 3277 suerint,
725 3209 824 3266 diebus
839 3209 940 3266 saltem
953 3208 1125 3278 Dominicis,
1136 3220 1165 3266 et
1178 3210 1261 3268 sestis
1270 3212 1372 3270 solem·

276 3307 371 3374 nibus,
386 3307 483 3382 plebes
498 3309 551 3365 sibi
572 3310 739 3366 commissas
761 3326 812 3385 pro
832 3327 893 3375 sua,
913 3315 942 3364 et
960 3327 1058 3366 earum
1078 3310 1233 3385 capacitate
1256 3319 1372 3386 pascant

278 3405 445 3464 salutaribus
460 3407 564 3473 verbis,
578 3401 708 3465 docendo
727 3427 770 3475 ea,
786 3425 848 3478 quae
863 3408 935 3464 scire
955 3409 1088 3466 omnibus
1109 3410 1306 3466 necessarium
1330 3417 1371 3464 est

276 3505 455 3574 adsalutem,
470 3505 718 3578 annuntiandoque
739 3507 780 3563 eis
801 3525 867 3562 cum
887 3506 1019 3564 brevitate
1034 3517 1062 3564 et
1081 3507 1214 3565 facilitate
1228 3507 1370 3566 sermonis

277 3604 352 3670 vitia,
368 3623 430 3675 quae
444 3622 494 3660 eos
508 3604 659 3673 declinare,
676 3616 705 3663 et
717 3606 831 3662 virtutes
844 3623 913 3676 quas
928 3607 1028 3663 sectari
1042 3615 1189 3682 oporteat;
1211 3615 1241 3664 nt
1254 3624 1368 3682 poenam

277 3712 409 3758 aeternam
430 3702 560 3770 evadere,
575 3713 603 3759 et
615 3704 757 3760 oaelestem
770 3703 887 3778 gloriam
903 3707 1041 3777 consequi
1063 3704 1206 3764 valeant.”
1249 3705 1292 3762 Ita
1306 3703 1368 3760 Tri-

277 3799 383 3858 dentini
397 3794 518 3876 patres.⁴
558 3799 636 3858 Huic
652 3803 760 3859 muneri
775 3803 800 3858 si
813 3805 877 3874 quis
893 3803 1022 3871 defuerit,
1044 3823 1101 3862 uno
1121 3805 1257 3863 continuo
1272 3820 1367 3860 mense

221 3929 229 3954 ι
276 3898 397 3976 integro,
412 3909 459 3958 aut
479 3899 562 3958 etiam
583 3899 695 3958 dnobus
709 3900 754 3957 vel
777 3900 864 3958 tribus
885 3902 1032 3960 mensibus
1055 3905 1140 3960 totius
1162 3903 1239 3969 anni,
1261 3899 1366 3978 peccati

311 4107 349 4169 (1]
372 4105 450 4156 Cone.
459 4104 528 4155 Trid.
540 4105 605 4154 Sese.
618 4105 685 4155 xxiii.
697 4123 718 4154 c.
731 4106 746 4154 i.
758 4105 788 4154 de
800 4105 853 4154 Res.
865 4111 889 4154 et
900 4121 921 4154 c.
933 4105 949 4152 i.
961 4105 991 4154 de
1001 4107 1056 4154 cler.
1068 4122 1126 4156 non.
1140 4105 1211 4154 resid.

312 4187 353 4252 (2)
373 4189 410 4236 Ita
419 4191 503 4239 statuit
516 4190 542 4239 S.
554 4191 633 4252 Cong.
644 4191 720 4239 Cone.
730 4191 877 4254 approbante
889 4189 1007 4250 Gregorio
1019 4189 1091 4238 XllI.

313 4272 355 4335 (3)
376 4271 463 4321 const.
475 4289 528 4335 qna
543 4274 642 4337 incipit:
665 4275 733 4324 Cam
746 4288 842 4340 semper
854 4271 956 4324 oblatos.

310 4359 349 4424 (t)
369 4357 433 4405 Sans.
445 4373 468 4403 v.
480 4373 533 4420 cap.
543 4359 568 4406 ii.
581 4360 611 4408 de
619 4359 672 4409 Res.
