3046 5262
436 524 493 582 DE
515 521 725 585 Puccffls
746 524 1034 586 CAPITALIBUS.
1204 533 1262 588 aot

168 702 211 749 ter
224 693 361 750 irascatur
373 691 501 759 interius,
521 692 565 749 vel
580 691 605 747 si
623 692 709 750 nimis
730 693 855 749 exterius
873 695 1034 752 manifestet
1045 695 1128 772 signa
1146 698 1214 754 irae:
1236 709 1264 756 et

166 792 211 849 sic
223 793 266 849 ira
279 790 437 849 secuudum
450 809 481 846 se
495 809 553 848 uon
566 789 651 848 habet
663 790 699 848 dc
713 809 766 848 suo
785 809 888 868 genere
907 794 1047 851 rationem
1061 797 1169 870 peccati
1189 815 1263 855 mor·

168 890 248 956 talis;
271 898 364 966 potest
380 899 474 947 tamen
487 889 661 966 contingere,
676 889 753 962 quod
773 891 810 947 sit
827 877 977 966 peccatum
999 893 1133 950 mortale:
1155 906 1223 971 puta
1237 901 1264 956 ei

167 1005 204 1044 ex
218 989 398 1046 vehementia
416 988 464 1045 ire
485 988 589 1060 aliquis
609 988 722 1046 excidat
742 1009 758 1046 a
778 989 931 1048 dilectione
953 990 1011 1048 Dei
1033 1000 1062 1048 et
1083 992 1257 1068 proximi.”¹

167 1086 269 1162 Ipsum
286 1087 510 1152 interioremirm
526 1096 635 1145 motum
655 1087 805 1160 aliquando
821 1107 936 1166 gravem
955 1109 1020 1148 csse
1033 1089 1147 1168 culpam
1160 1094 1260 1153 meriti

168 1185 276 1262 colligit
296 1186 335 1243 D.
351 1186 480 1244 Thomas
504 1204 540 1243 ex
563 1187 655 1244 verbis
677 1185 786 1246 christi
804 1187 948 1266 judicium
970 1191 1083 1248 minans
1104 1192 1190 1260 irato;
1211 1193 1262 1251 sed

168 1285 364 1342 animadvertit
377 1303 540 1343 sermonem
553 1285 592 1343 ibi
600 1305 664 1344 esse
675 1285 710 1344 de
717 1287 758 1344 ira
765 1306 832 1344 curn
841 1290 939 1349 mortis
954 1288 1108 1348 inserendae
1119 1291 1261 1350 voluntate

167 1385 337 1460 conjuncta:
360 1384 552 1442 “Dicendum
571 1386 648 1458 quod
672 1384 814 1443 Dominus
834 1389 950 1444 verbum
973 1387 1042 1445 illud
1065 1385 1138 1445 dixit
1159 1389 1195 1447 de
1208 1393 1259 1459 ira,

168 1484 251 1556 quasi
265 1482 454 1559 superaddens
468 1483 503 1540 ad
516 1484 585 1542 illud
609 1485 725 1542 verbum
747 1484 839 1561 legis:
861 1487 938 1552 ‘Qui
961 1486 1106 1553 occiderit,
1130 1505 1195 1545 reus
1209 1491 1261 1547 erit

162 1581 296 1658 judicio.’
339 1582 423 1640 Unde
436 1583 561 1655 loquitru
578 1584 616 1640 ibi
633 1584 776 1644 Dominus
790 1583 825 1641 de
840 1596 918 1644 motu
937 1585 995 1653 irre,
1010 1586 1040 1643 in
1062 1603 1120 1656 quo
1134 1588 1199 1658 quis
1212 1607 1260 1665 ap-

166 1681 236 1758 petit
248 1681 371 1758 proximi
380 1683 564 1750 occisionem,
579 1693 628 1740 aut
640 1701 849 1756 quamcumque
861 1703 976 1761 gravem
984 1684 1142 1753 lesionem,
1155 1688 1200 1743 cui
1211 1707 1258 1765 ap·

166 1781 267 1857 petitui
281 1783 306 1839 si
320 1799 478 1840 consensus
492 1767 608 1839 rationis
622 1783 810 1858 superveniat,
825 1783 929 1854 absque
943 1781 1027 1840 dubio
1047 1785 1101 1841 erit
1113 1795 1259 1860 peecatum

168 1872 337 1938 mortale.”²
390 1947 393 1952 .

206 1985 255 2038 57.
277 1980 358 2037 Filiae
380 1981 428 2039 irae
451 1979 582 2039 dicuntur
603 1982 674 2048 rixa,
699 1990 792 2038 tumor
804 1980 918 2047 mentis,
940 1981 1120 2049 contumelia,
1142 1983 1258 2051 clamor,

166 2078 323 2155 indignatio
336 2089 365 2136 et
377 2079 564 2154 blasphemia.
607 2080 683 2138 Rixa
703 2097 739 2138 ex
762 2097 865 2154 genere
888 2097 942 2138 suo
962 2081 1087 2138 mortalis
1107 2091 1150 2137 est
1162 2083 1256 2159 culpa,

164 2187 328 2236 recensetur
347 2181 424 2237 enim
444 2181 516 2237 iuter
536 2187 650 2255 peccata
670 2196 733 2249 quae
759 2177 914 2236 excludunt
939 2198 955 2234 a
975 2197 1063 2254 regno
1083 2179 1257 2238 coelorum2³

165 2277 319 2350 aliquando
334 2287 427 2337 tamen
442 2288 485 2336 est
498 2277 627 2344 venialis,
643 2275 756 2347 quando
776 2278 886 2335 scilicet
905 2278 970 2350 quis
990 2279 1070 2336 alteri
1082 2279 1185 2337 inferre
1200 2299 1256 2338 non

164 2378 225 2435 vult
238 2396 351 2454 gravem
365 2377 507 2454 iujuriam,
521 2377 561 2432 uti
575 2375 670 2452 pueris
691 2377 840 2453 contingit,
855 2377 901 2434 vel
920 2378 1034 2450 quando
1056 2380 1120 2450 quis
1142 2380 1198 2436 vim
1213 2399 1255 2439 re·

165 2477 278 2552 pellens
292 2496 349 2535 non
363 2475 444 2533 valde
457 2473 572 2532 excedit
590 2475 762 2552 inculpatam
785 2477 830 2534 sui
844 2477 978 2536 tutelam:
1001 2487 1020 2514 ‘⁶
1032 2478 1065 2537 In
1087 2497 1122 2537 eo
1141 2479 1256 2552 quidem

164 2577 215 2648 qui
239 2577 356 2633 alterum
378 2573 487 2632 invadit
506 2573 621 2649 injuste,
644 2583 688 2631 est
710 2585 857 2649 peccatum
881 2579 1007 2634 mortale.
1049 2577 1157 2634 Inlerre
1177 2580 1255 2636 enim

163 2685 369 2732 nocumentum
382 2674 515 2749 proximo
529 2673 614 2730 etiam
635 2691 722 2749 opere
743 2673 876 2740 manuali,
891 2693 949 2731 non
970 2683 1013 2730 est
1026 2675 1131 2746 absque
1146 2676 1256 2734 mortali

163 2781 295 2849 peccato.
336 2771 370 2829 In
387 2791 421 2830 eo
435 2781 527 2830 autem
550 2773 599 2845 qui
613 2791 644 2828 se
658 2769 783 2828 defendit
803 2780 897 2848 potest
918 2791 982 2829 esse
1001 2773 1063 2828 sine
1086 2783 1214 2848 peccato,
1228 2784 1256 2830 et

163 2870 338 2944 quandoque
358 2890 422 2930 oum
443 2881 560 2948 peccato
580 2871 694 2937 veniali,
716 2879 744 2928 et
769 2869 939 2945 quandoque
959 2890 1024 2929 cum
1048 2881 1164 2948 peccato
1186 2891 1258 2930 mor·

166 2967 263 3028 tali.'’⁴

205 3074 253 3127 58.
277 3069 322 3126 De
336 3072 509 3130 contumelia
522 3070 682 3147 specialiter
691 3069 852 3131 dicendum.
889 3073 1072 3133 Contumelia
1085 3083 1128 3131 est
1141 3073 1257 3133 honoris

163 3169 250 3226 alieni
264 3170 368 3246 injusta
387 3171 510 3228 violatio.
553 3171 601 3228 Fit
623 3170 790 3246 plerumque
811 3174 916 3241 verbis,
939 3173 989 3230 scd
1012 3175 1097 3231 etiam
1119 3175 1255 3250 gestibus,

163 3286 217 3324 ex:
240 3287 292 3344 gr:
315 3269 395 3346 alapa
407 3269 602 3347 percutiendo.
645 3269 744 3326 Palam
757 3271 880 3328 aufertur
890 3271 992 3338 bonor,
1007 3272 1257 3346 praesentiscilicet

163 3369 335 3426 contumelia
347 3369 503 3446 irrogatur:
525 3369 576 3426 sed
589 3377 617 3426 et
630 3368 801 3441 quandoque
815 3370 933 3438 absenti,
954 3388 990 3428 ex
1004 3369 1160 3427 intentione
1174 3380 1204 3426 ut
1217 3369 1257 3426 illi

164 3467 329 3524 innotescat.
371 3467 421 3526 Sic
435 3467 627 3527 conculcanda
646 3469 770 3546 imagine
785 3469 903 3546 alicujus
923 3465 1094 3527 contumelia
1108 3468 1254 3544 irrogatur.

163 3566 258 3633 Quam
279 3568 399 3643 graviter
421 3577 553 3645 peccetur
572 3566 723 3639 aliquando
746 3568 927 3635 contumelia,
941 3568 1083 3644 colligitur
1095 3585 1132 3624 ex
1147 3566 1257 3624 Christi

162 3663 276 3723 verbis:
300 3667 387 3733 “Qui
401 3667 505 3726 dixerit
516 3667 594 3726 fratri
608 3686 672 3734 suo,
687 3667 774 3732 Raca,
791 3686 854 3724 reus
868 3668 921 3725 erit
935 3669 1075 3727 concilio:
1099 3669 1148 3740 qui
1162 3677 1257 3726 autem

163 3763 276 3833 dixerit,
287 3764 447 3832 samareus
457 3763 787 3843 eritgehennaeignis.''¹
810 3767 882 3825 Haec
890 3777 984 3828 tamen
993 3787 1030 3826 ex
1038 3767 1178 3845 adjunctis
1189 3785 1257 3843 pen-

164 3855 241 3932 dent,
258 3865 388 3937 quamvis
402 3867 478 3924 enim
492 3885 577 3942 grave
591 3867 628 3924 sit
641 3876 790 3942 peccatum
804 3867 912 3925 fatuum
925 3870 1011 3927 alium
1025 3868 1131 3934 dicere,
1146 3866 1257 3938 quoties

163 3965 299 4039 probrum
313 3974 444 4023 censetur
456 3984 611 4042 magnum
633 3965 673 4022 uti
687 3966 853 4042 plerumque
866 3968 939 4024 inter
948 3967 1080 4026 homines
1090 3965 1256 4041 spectabiles

162 4061 335 4131 conditione,
349 4065 394 4122 vel
408 4065 461 4122 sibi
474 4065 533 4123 sere
546 4066 678 4142 ignotos;
700 4065 772 4122 inter
786 4067 962 4142 propinquos
982 4076 1078 4124 tamen
1091 4074 1119 4122 et
1138 4065 1255 4132 amicos,

197 4239 240 4299 (l)
261 4241 283 4284 2·
296 4236 319 4286 ⁸2.
330 4253 372 4300 qu.
384 4238 456 4288 clviii.
469 4247 505 4288 art
516 4239 549 4288 ili.
576 4239 650 4305 Resp.
788 4239 830 4302 (2)
847 4237 945 4290 ibidem.
973 4238 1165 4290 sesecundum.

198 4322 240 4386 (3)
261 4322 315 4370 Gal.
328 4339 350 4371 v.
364 4323 405 4373 20.
779 4324 819 4388 (t)
838 4323 1085 4389 aequitatui.
1120 4325 1193 4390 Resp.

685 4439 743 4496 27*
