3046 5262
486 1334 817 1410 TRACTATUS
848 1337 913 1409 VI.

348 1603 416 1668 DE
448 1605 703 1670 LEGIBUS
735 1605 1056 1670 CIVILIBUS.

600 2148 743 2210 CAPUT
764 2151 789 2210 1.

437 2381 475 2420 uic
497 2379 678 2421 rorrsrerrs
698 2383 806 2422 ervmrs
827 2359 962 2424 orirerur.

195 2545 222 2599 l.
244 2541 337 2608 Quuu
350 2539 450 2617 populi
464 2540 611 2600 multitudo
630 2543 741 2620 legibus
761 2545 863 2616 quibus
883 2555 995 2622 regatur
1007 2523 1141 2620 indigeat,
1154 2546 1244 2617 liquet

150 2657 199 2696 eas
220 2640 329 2698 ferendi
349 2647 514 2715 potestatem
536 2640 611 2716 apud
631 2659 694 2700 eam
717 2637 864 2710 existere‚¹
886 2662 971 2714 quam
984 2653 1100 2700 exercet
1119 2661 1171 2717 per
1193 2660 1243 2699 eos

151 2757 227 2810 quos
240 2739 347 2795 creavit
358 2739 546 2814 magistratus,
560 2739 606 2796 vel
626 2741 675 2811 qui
695 2740 774 2807 alias,
794 2740 901 2816 populo
914 2741 1117 2806 consentiente,
1132 2738 1177 2795 vel
1190 2739 1244 2794 sal·

149 2847 211 2893 tem
225 2836 369 2904 tolerante,
384 2855 514 2912 supremo
536 2836 689 2914 iunguntur
708 2839 857 2914 regimine.
900 2839 980 2898 Deus
995 2845 1089 2896 eutem
1106 2839 1171 2914 jure
1185 2853 1243 2894 me·

149 2938 265 3009 riteque
279 2944 410 2992 censetur
421 2937 540 3012 probare
554 2955 617 3009 quae
638 2937 674 2994 ad
694 2937 821 2994 ordinem
843 2939 983 2996 societatis
1004 2937 1139 2995 tuendum
1159 2945 1187 2994 et
1206 2935 1243 2994 ad

147 3036 214 3110 jura
227 3035 404 3112 singulorum
418 3033 587 3100 vindicanda
599 3036 689 3104 fiunt;
709 3048 737 3094 et
755 3037 910 3096 rectoribus
931 3036 1129 3104 multitudinis,
1144 3037 1189 3096 vel
1210 3037 1243 3093 ab

152 3152 187 3189 ea
200 3135 308 3202 electis,
322 3135 367 3190 vel
381 3134 449 3192 alias
463 3135 632 3203 constitutis,
653 3153 716 3193 eam
737 3137 858 3195 tribuere
872 3146 1039 3213 potestatem
1059 3156 1121 3209 quae
1142 3137 1177 3194 ad
1189 3137 1242 3194 rei·

147 3233 270 3308 publicae
284 3235 404 3292 salutem
417 3242 460 3290 est
473 3235 641 3292 necessaria.
684 3235 714 3292 N
716 3235 829 3292 evimus
846 3235 966 3306 ‘quidem
985 3253 1137 3310 regnorum
1159 3245 1187 3291 et
1199 3254 1240 3292 re·

149 3333 392 3408 rumpubliearum
405 3332 544 3408 originem
558 3332 634 3390 haud
647 3351 761 3408 semper
778 3333 815 3390 ad
833 3332 950 3391 liberam
963 3333 1063 3409 populi
1076 3333 1242 3392 electionem

149 3430 249 3490 referri
262 3449 358 3508 posse,
373 3441 401 3488 et
413 3431 525 3504 iniquas
545 3449 622 3507 sepe
642 3431 770 3490 adhiberi
791 3441 862 3489 artes
884 3431 919 3488 ad
938 3440 1108 3507 potestatem
1121 3432 1243 3489 retinen·

149 3529 217 3588 dam
226 3522 251 3587 :²
269 3529 390 3603 ideoque
404 3529 470 3589 Deo
483 3549 542 3588 uon
554 3549 617 3588 esse
635 3529 811 3589 tribuendam
831 3530 978 3610 regiminis
991 3530 1082 3588 civilis
1096 3529 1244 3588 institutio·

184 3737 227 3802 (l)
242 3735 376 3786 “Potestas
388 3737 466 3788 civilis
478 3737 570 3788 ferendi
579 3739 645 3800 leges
657 3738 774 3803 competit
787 3753 817 3790 ex
830 3744 918 3790 natura
926 3738 961 3789 rei
973 3738 1111 3790 immediate
1122 3737 1168 3802 ipsi
1180 3753 1245 3788 eom·

146 3819 289 3870 munitati.”
322 3819 409 3870 Petrus
422 3821 498 3882 Dens,
511 3830 577 3873 tract.
590 3820 620 3872 de
639 3823 741 3885 legibus,
753 3838 794 3888 qu.
805 3822 839 3872 ili.
851 3839 876 3872 n.
890 3823 927 3872 18.

183 3906 227 3969 (2)
248 3903 320 3954 Nihil
342 3905 401 3954 novi
420 3914 444 3955 et
463 3909 500 3956 eb'
511 3907 616 3958 historiae
638 3907 736 3957 ueritate
755 3907 862 3960 alienum
882 3906 982 3971 protulit
1000 3905 1026 3954 S.
1039 3905 1172 3967 Gregorius
1184 3904 1247 3968 vlu,

146 3993 262 4054 quamvis
274 3990 389 4041 idcircoe
405 3991 517 4055 plurimis
536 4009 640 4045 censura
657 3999 777 4047 vexatus:
795 3993 883 4054 “Quis
900 3991 993 4041 nesciat
1004 4006 1073 4051 reges
1089 3997 1114 4039 et
1130 3989 1205 4039 duces
1217 3992 1246 4040 ab

145 4077 177 4126 iis
189 4075 305 4126 habuisse
316 4077 463 4143 principium
481 4079 524 4146 qui
541 4078 623 4133 Deum
642 4079 792 4141 ignorantes,
809 4077 929 4142 superbie,
941 4075 1039 4141 rapinis,
1050 4075 1157 4139 perfidia,
1169 4076 1247 4126 homi·

141 4159 223 4220 cidiis,
234 4167 357 4224 postremo
369 4160 488 4210 universis
505 4162 556 4210 fere
574 4162 712 4222 sceleribus,
723 4159 810 4210 mundi
831 4159 939 4224 principe
960 4159 1055 4209 diabolo
1067 4159 1179 4209 videlicet
1196 4161 1246 4224 agi·¹

142 4251 222 4302 unte,
234 4259 308 4308 super
315 4260 393 4310 pares,
405 4245 496 4296 scilieet
508 4244 621 4296 homines
633 4245 753 4298 dominari
765 4261 831 4294 coeca
843 4243 983 4310 cupiditate,
995 4252 1019 4294 et
1030 4245 1175 4295 intolerabili
1185 4227 1247 4311 pree·

142 4328 288 4392 sumptione
300 4329 510 4380 affectaveruntl”
529 4331 621 4392 Regist.
636 4331 652 4380 l.
664 4330 713 4380 viil.
726 4345 765 4395 ep.
777 4329 826 4380 xri.
861 4328 917 4381 Nec
934 4329 989 4381 ideo
1007 4329 1157 4395 principibus
1169 4330 1247 4392 legiti-

142 4428 188 4463 mo
200 4412 304 4478 imperio
312 4413 437 4466 utentibus
445 4414 602 4466 detrahimus.
