3078 5258
601 1235 605 1244 ’
711 1242 853 1303 CAPUT
873 1239 927 1304 lv.

633 1459 672 1500 DE
694 1458 831 1500 usurum
851 1455 1034 1498 coniuncto.

811 1585 844 1604 d-

545 1673 597 1748 §l.
640 1671 688 1732 Dr:
708 1690 846 1733 munerun
865 1687 1114 1732 conuurerrone.

326 1859 373 1914 13.
396 1852 603 1912 Cursori-:norun
618 1853 745 1928 gentium
758 1853 830 1910 inter
843 1869 874 1909 se
888 1849 954 1909 iniri
973 1849 1132 1915 consuevit,
1151 1857 1183 1906 ut
1205 1850 1311 1907 fructus
1328 1866 1368 1907 re·

284 1955 402 2032 giorum
423 1969 589 2024 mercesque
611 1959 828 2017 commutentur,
842 1965 906 2007 cum
926 1947 1072 2006 communi
1094 1947 1224 2005 omnium
1246 1948 1368 2006 utilitate.

285 2053 416 2125 AEquum
427 2050 542 2122 quidem
554 2057 632 2106 estet
643 2049 788 2107 communi
798 2046 1083 2106 omniumhominum
1093 2046 1196 2121 origini
1206 2063 1369 2124 congruum,

283 2159 314 2208 ut
327 2150 382 2207 hoc
396 2149 523 2206 foveatur
541 2147 754 2204 commercium.
797 2145 940 2203 Ceterum
959 2144 1068 2203 nullum
1087 2141 1158 2220 legis
1178 2153 1286 2204 ueturae
1305 2163 1370 2222 pre·

283 2258 398 2324 ceptum
412 2245 543 2304 videntur
556 2245 661 2302 violare
675 2247 724 2318 qui
735 2245 790 2303 hoc
803 2245 966 2311 detrectant,
976 2243 1032 2302 nisi
1045 2243 1080 2300 iis
1090 2242 1120 2300 in
1130 2261 1225 2303 rerum
1236 2243 1370 2322 adjunctis

282 2348 312 2404 in
326 2347 428 2417 quibus
442 2344 635 2403 necessarium
649 2345 687 2400 sit
699 2343 734 2400 ed
746 2344 840 2420 gentis
854 2342 952 2399 elienae
974 2341 1104 2409 salutem,
1125 2351 1154 2399 et
1173 2350 1294 2401 statum:
1316 2359 1372 2415 quo

283 2461 378 2502 rerum
392 2454 494 2500 eventu
509 2442 613 2519 poterit
625 2459 695 2516 gens
710 2441 889 2517 iisiudigens
903 2440 1037 2498 subsidiis
1056 2457 1089 2497 ea
1101 2441 1131 2497 vi
1148 2441 1282 2518 arripere,
1296 2457 1373 2514 aequa

284 2543 375 2600 oblate
395 2532 651 2618 compensatione.¹
679 2538 724 2598 Ea
732 2549 775 2597 est
784 2539 911 2617 gentium
920 2538 1105 2606 consuetudo,
1116 2540 1372 2616 quelibemmper·

284 2637 1372 2716 mittitcommerciumomnibusqueebellosecumnoncontendunt‚appositis

284 2753 378 2801 tamen
393 2742 482 2814 aequis
497 2739 717 2807 conditionibus,
732 2757 802 2812 quas
817 2737 949 2813 quelibet
961 2755 1032 2814 gens
1045 2732 1196 2796 οιειιιιοπίιὲι
1236 2738 1373 2797 intereas

284 2851 447 2899 recensetur
460 2839 581 2916 vectigal
600 2838 675 2909 quod
689 2839 717 2895 iu
731 2839 879 2896 utilitatem
892 2835 1053 2912 reipublice
1073 2836 1162 2906 cedat,
1185 2845 1217 2895 ut
1237 2839 1374 2913 impense

284 2939 404 3014 publice
419 2937 571 3002 solventur,
583 2944 611 2990 et
625 2934 874 2993 industriacivium
887 2934 1025 3004 foveatur,
1041 2935 1140 2994 alienis
1150 2937 1291 2994 mercibus
1299 2934 1374 2994 haud

283 3035 365 3092 facile
380 3026 526 3091 invectis.³
553 3031 698 3090 Ceterum
712 3041 824 3108 oportet
832 3033 882 3110 jus
896 3032 966 3091 illud
983 3033 1117 3112 exigendi
1130 3053 1216 3112 perce
1230 3053 1373 3102 exercere,

284 3151 320 3191 ne
340 3149 405 3190 cum
428 3131 533 3189 civium
553 3129 731 3197 detrimento,
752 3131 798 3188 vel
824 3132 951 3207 gentium
979 3133 1143 3192 commercii
1162 3135 1253 3192 mutui
1272 3134 1375 3210 injuria

285 3232 370 3290 fiscus
385 3229 510 3288 ditescat.
802 3237 805 3244 '

327 3335 374 3389 14.
395 3331 512 3402 Absque
536 3329 662 3406 gentium
686 3327 802 3386 aliamm
823 3328 925 3406 injuria
948 3331 1086 3407 speciales
1106 3331 1177 3390 fiunt
1190 3332 1263 3390 inter
1275 3339 1375 3409 gentes

320 3521 362 3584 (l)
384 3518 421 3568 De
432 3516 521 3568 Vettel.
535 3513 595 3565 Low
607 3515 635 3564 ol
649 3513 763 3577 Netious,
775 3515 790 3564 l·
802 3515 827 3564 ii.
839 3531 859 3564 c.
871 3514 904 3564 ix.
917 3518 931 3574 §
945 3515 999 3566 lio.

320 3603 361 3668 (2)
381 3611 396 3634 ‘⁶
405 3603 442 3652 As
454 3617 524 3666 every
537 3601 621 3650 ration
634 3600 679 3649 hes
687 3599 728 3649 the
740 3600 804 3662 right
815 3599 863 3649 end
874 3600 896 3648 is
913 3599 1023 3665 disposed
1036 3609 1061 3650 ιο
1073 3601 1179 3651 exercise
1194 3603 1220 3660 it,
1232 3604 1262 3652 cl
1270 3603 1377 3668 judging

282 3690 319 3738 sor
330 3687 401 3744 itself,
412 3686 439 3734 in
452 3695 544 3749 respect
556 3694 581 3734 to
593 3684 634 3734 the
645 3684 725 3748 policy
739 3684 786 3734 end
797 3691 882 3734 extent
893 3683 921 3733 ot'
929 3684 960 3734 its
971 3687 1124 3736 commerciel
1136 3695 1326 3749 ornaments,
1335 3687 1376 3737 the

284 3771 380 3836 general
392 3767 498 3818 sreedom
517 3768 545 3816 ot'
558 3767 632 3824 trade,
644 3766 756 3816 however
767 3768 909 3832 ressonebly
921 3767 969 3818 end
979 3771 1088 3834 strongly
1100 3770 1119 3820 it
1130 3787 1187 3834 moy
1198 3772 1228 3820 be
1240 3771 1376 3822 inculcsted

283 3857 309 3907 in
323 3857 364 3906 the
376 3853 475 3904 modern
485 3851 568 3901 school
580 3852 609 3900 ol
621 3851 728 3914 politicel
736 3867 865 3916 economy.
876 3853 897 3901 is
907 3854 952 3903 but
963 3869 995 3903 su
1007 3854 1132 3919 imperfect
1150 3855 1223 3918 right,
1235 3856 1282 3906 end
1295 3871 1378 3906 neces·

283 3941 355 4004 serily
368 3941 461 4006 subject
477 3948 502 3988 ιο
520 3935 580 3987 such
599 3935 749 3998 reguletions
768 3937 815 3986 sud
835 3937 991 3998 restrictione,
1008 3954 1036 3988 es
1052 3939 1113 3988 esch
1131 3944 1217 3990 oetion
1235 3955 1291 4004 moy
1303 3940 1377 3990 think

283 4041 370 4091 proper
381 4035 406 4074 ιο
418 4024 537 4090 prescribe
550 4023 587 4072 ior
597 4021 667 4072 itseli.
686 4019 770 4086 Erery
781 4028 842 4071 stete
854 4037 910 4088 moy
923 4025 1076 4088 monopolire
1088 4041 1115 4080 es
1126 4025 1201 4076 much
1214 4043 1241 4076 ss
1253 4028 1272 4076 it
1283 4027 1378 4090 pleeses

284 4110 312 4158 of
325 4109 356 4158 its
371 4124 427 4158 own
439 4108 542 4158 insemel
556 4107 602 4157 end
615 4104 718 4157 colonisl
731 4106 804 4164 hedo,
816 4123 843 4156 or
863 4115 934 4169 grem
945 4115 971 4158 to
984 4108 1053 4159 other
1073 4109 1245 4170 ustions‚rrith
1263 4111 1346 4162 whom
1358 4113 1378 4162 it

283 4194 357 4252 deols,
377 4191 437 4242 such
459 4193 612 4242 distinctions
631 4191 678 4242 end
697 4192 827 4257 particular
846 4193 974 4257 privileges
985 4211 1013 4244 ss
1025 4193 1043 4245 it
1055 4211 1111 4260 moy
1123 4195 1193 4246 ‹leem
1204 4196 1340 4248 conclusive
1351 4205 1378 4246 ιο

283 4280 314 4328 its
326 4275 447 4326 interest.”
482 4275 570 4326 Kent's
581 4278 676 4326 Corum.
689 4278 736 4326 vol.
748 4277 764 4328 i.
776 4280 829 4328 lect.
839 4279 863 4327 ii.
875 4279 915 4328 32.

321 4361 362 4426 (3)
382 4359 419 4410 De
434 4359 520 4410 Vettel.
530 4357 590 4408 Lew
602 4360 630 4408 ol
637 4359 751 4422 Notions‚
761 4362 802 4411 l.i.
817 4377 836 4412 c.
848 4362 899 4413 viii.
910 4366 923 4424 §
935 4365 974 4412 90.
