3068 5256
490 511 547 570 DE
569 510 709 570 SEXTO
730 511 982 572 PRAECEPTO.
1224 523 1279 580 127

187 680 272 738 tionis
298 696 349 756 spe
375 695 481 752 magna
502 675 664 753 affulgente.
706 676 936 735 concubinatum
957 679 1138 754 plectendum
1157 681 1282 742 decrevit

188 777 339 838 concilium
352 775 556 833 Tridentinum
569 777 864 835 excommunicatione
875 788 940 854 post
948 777 1055 834 tertiam
1062 781 1247 840 monitionem
1258 775 1281 850 3¹

186 878 305 939 clericos
319 895 388 933 vero
401 876 619 934 concubinarios
633 876 713 932 tertia
725 883 803 950 parte
826 875 985 935 reddituum
999 875 1130 936 beneficii
1142 890 1209 956 post
1226 883 1282 957 pri·

187 996 263 1036 mam
277 975 465 1033 monitionem
478 993 486 1041 3
507 983 572 1050 post
584 973 742 1032 secundam
756 976 886 1033 omnibus
904 976 1098 1052 proventibus,
1112 989 1140 1036 et
1152 979 1283 1038 beneficii

187 1073 429 1134 administratione
443 1072 676 1150 suspendend0s;
698 1073 820 1146 denique
834 1076 869 1132 iis
880 1073 1044 1151 privandos,
1058 1093 1165 1150 eosque
1174 1077 1281 1138 inhabi-

186 1177 227 1233 les
241 1184 270 1232 et
282 1173 418 1248 indignos
432 1171 467 1229 ad
481 1191 564 1230 omne
577 1172 748 1230 beneficium
763 1173 792 1228 in
805 1184 951 1250 posterum
966 1173 1096 1243 declarat,
1110 1177 1134 1234 si
1148 1181 1283 1254 suspensi

187 1283 307 1351 pergant
319 1272 493 1329 concubinas
514 1273 643 1329 retinere.
686 1271 992 1331 Excommunicatione
1013 1273 1099 1332 etiam
1119 1277 1284 1352 plectendos

190 1374 295 1439 statuit,
310 1373 336 1428 si
349 1380 500 1447 postquam
513 1389 560 1427 eas
574 1369 761 1437 deseruerint,
776 1370 810 1428 ad
824 1391 939 1448 pravam
950 1373 1185 1434 consuetudinem
1195 1395 1286 1436 rever-

127 1451 130 1458 .
188 1463 307 1530 tantur-²
348 1469 437 1528 Nulla
450 1478 544 1527 autem
557 1489 642 1546 poena
655 1469 765 1526 videtur
778 1470 842 1546 ipso
852 1471 935 1538 facto,
947 1472 1001 1528 etsi
1011 1473 1136 1549 publice,
1147 1475 1262 1534 incurri.

233 1573 302 1628 145.
327 1568 475 1647 Stuprum
495 1578 538 1626 est
561 1570 676 1627 violatio
689 1569 807 1644 virginis
828 1571 891 1646 ipsa
912 1570 1008 1628 invita.
1052 1572 1084 1628 Si
1099 1575 1285 1642 consenserit,

193 1678 237 1727 est
250 1669 374 1745 simplex
386 1669 543 1736 fornicatio,
559 1669 690 1740 quamvis
704 1669 826 1744 gravior,
847 1678 875 1726 et
892 1669 1044 1741 aliquando
1057 1674 1175 1748 speciali
1190 1674 1287 1732 induta

193 1769 302 1827 malitia
319 1769 356 1826 ob
379 1768 535 1835 infamiam,
550 1785 701 1826 moerorem
722 1777 881 1844 parentum,
897 1769 984 1836 rixas,
998 1769 1108 1842 aliaque
1123 1773 1290 1847 gravissima

193 1887 256 1941 quae
271 1867 336 1925 inde
349 1878 508 1940 sequuntur
520 1866 603 1924 mala.
646 1866 734 1944 Apud
754 1867 786 1924 S.
802 1867 948 1925 'I'homam
970 1887 1156 1941 quaecumque
1169 1873 1287 1948 virginis

195 1967 310 2024 violatio
324 1975 451 2043 stuprum
465 1961 592 2024 dicitur.³

194 2167 251 2223 vita
265 2163 419 2233 abducitur,
434 2165 533 2222 insciis
547 2165 631 2222 etiam
644 2167 818 2241 parentibus,
832 2165 969 2222 tutoribus
984 2175 1031 2223 aut
1043 2167 1112 2225 viro.
1141 2168 1174 2225 Si
1187 2179 1287 2247 sponte

194 2263 320 2322 discedat
334 2284 398 2324 cum
412 2265 532 2332 amasio,
546 2263 613 2340 suga
628 2264 746 2333 dicetur,
768 2264 932 2337 nullamque
946 2283 1049 2323 novam
1064 2265 1129 2324 inde
1143 2268 1289 2327 contrahet

196 2364 342 2425 lomicatio
356 2363 504 2423 malitiam.

237 2466 302 2522 147.
324 2463 462 2524 Incestus
476 2461 579 2519 dicitur
591 2463 681 2520 coitus
702 2482 768 2522 cum
782 2465 1002 2541 consanguinea,
1022 2465 1067 2522 vel
1087 2465 1174 2535 affini,
1197 2486 1288 2540 usque

195 2561 230 2619 ad
243 2571 373 2634 quartum
387 2563 516 2640 gradum.
559 2560 623 2627 Quo
637 2554 768 2638 proprior
787 2571 830 2619 est
852 2562 965 2638 gradus,
980 2581 1014 2620 eo
1035 2567 1148 2639 gravius
1169 2575 1213 2624 est
1225 2585 1290 2642 pec·

198 2670 302 2726 catum3
322 2661 443 2734 ideoque
463 2663 493 2719 in
512 2660 690 2718 consessione
710 2660 928 2737 exprimendum
951 2679 1015 2719 esse
1035 2663 1153 2736 gradum
1176 2675 1290 2722 conten·

200 2758 272 2816 dunt
286 2758 409 2836 theologi
422 2761 462 2818 illi
476 2761 523 2832 qui
534 2760 759 2818 circumstantias
774 2768 959 2836 aggravantes
973 2761 1134 2816 necessario
1147 2761 1291 2837 explican-

199 2858 250 2916 das
264 2856 371 2916 dicunt.
412 2859 498 2918 Juxta
517 2860 581 2917 illos
602 2859 708 2936 pariter
727 2857 926 2916 declarandum
945 2866 998 2924 cst,
1012 2866 1106 2915 utrum
1124 2858 1207 2918 tuerit
1225 2880 1291 2920 ocn-

197 2959 354 3035 sanguinea
374 2960 419 3017 vel
445 2959 548 3016 affinis.
591 2959 684 3017 Nobis
707 2957 817 3016 videtur
838 2956 940 3034 gradus
961 2957 1069 3034 primus
1093 2962 1291 3038 consanguini-

198 3059 260 3115 tatis
283 3058 444 3117 necessarid
465 3057 680 3134 exprimendus,
702 3077 730 3115 v.
747 3077 781 3134 g:
803 3058 827 3114 si
846 3057 930 3114 frater
943 3077 1009 3116 cum
1029 3076 1135 3127 sorore,
1150 3062 1195 3119 vel
1214 3071 1293 3138 pater

199 3176 264 3216 cum
277 3157 336 3214 filia
349 3159 542 3225 concubuerit,
554 3158 600 3214 rel
613 3157 689 3215 filius
704 3175 769 3214 cum
779 3165 866 3214 matre
879 3177 886 3223 ;
908 3159 942 3215 ab
956 3157 1001 3214 his
1012 3159 1089 3217 enim
1103 3169 1201 3218 natura
1211 3161 1291 3218 valde

200 3257 347 3324 abhorret;
369 3259 412 3316 sic
424 3259 510 3315 etiam
531 3256 684 3315 dicendum
703 3258 728 3314 si
748 3256 823 3313 filius
837 3275 903 3314 cunr
923 3273 1054 3323 noverca,
1069 3257 1114 3313 vel
1128 3277 1215 3334 gener
1228 3277 1292 3318 eum

200 3375 282 3413 socru
296 3357 412 3416 coierit:
427 3359 457 3417 in
470 3357 516 3415 his
530 3357 606 3414 enim
620 3357 802 3432 agnoscimus
815 3353 956 3412 diversam
968 3353 1081 3412 malitiae
1096 3358 1232 3432 speciem.
1247 3360 1294 3416 In·

200 3465 294 3512 cestus
308 3456 380 3514 inter
394 3467 530 3533 cognatos
551 3455 711 3530 spirituales
726 3475 752 3511 v.
768 3474 801 3530 g:
824 3455 896 3510 inter
915 3454 1057 3528 patrinum
1076 3465 1104 3508 et
1124 3467 1187 3512 eam
1208 3474 1293 3527 quarn

202 3556 233 3611 in
245 3555 383 3629 baptismo
396 3557 532 3632 suscepit,
548 3555 700 3630 specialem
721 3553 805 3610 habet
823 3551 960 3608 malitiam
980 3550 1140 3609 necessarid
1154 3551 1296 3612 declaran-

204 3650 279 3708 dam.
321 3653 446 3714 Incestus
470 3656 543 3712 inter
564 3663 700 3730 cognatos
720 3651 845 3728 legales:
870 3670 898 3707 v.
920 3670 953 3728 g:
975 3650 1049 3709 inter
1069 3649 1248 3730 adoptantem
1270 3667 1298 3713 et

204 3751 371 3829 adoptatam,
386 3765 430 3812 est
442 3755 526 3812 etiarn
540 3753 692 3830 peculiaris
707 3752 824 3828 speciei,
840 3751 943 3828 pariter
956 3751 1145 3828 explicandae.
1188 3754 1296 3813 Tactus

238 3922 276 3985 (1)
296 3921 361 3969 Sese.
374 3923 424 3970 xiv.
433 3938 454 3971 c.
467 3921 516 3970 viii.

238 4007 280 4070 (2)
300 4005 361 4054 Non
374 4005 463 4069 puduit
474 4005 644 4055 Alexandrum
655 4003 781 4066 Campbell
792 4003 817 4051 in
830 4003 995 4066 disputatione
1007 4018 1064 4051 cum
1076 4002 1189 4068 episcopo
1200 4005 1299 4058 Cincin·

204 4091 298 4139 natcnsi
309 4091 362 4139 haec
374 4091 450 4140 veluti
462 4091 570 4140 fomenta
581 4088 690 4138 criminis
702 4088 836 4146 adducere;
854 4087 914 4136 etin
928 4103 1029 4150 pravum
1041 4103 1141 4137 sensum
1158 4090 1299 4156 detorquere

203 4175 281 4224 sancti
293 4175 426 4240 Alphonsi,
437 4175 480 4238 qui
494 4191 523 4224 ea
532 4175 598 4233 citat,
610 4174 689 4222 verba.

238 4261 277 4325 (3)
292 4263 318 4307 2.
331 4263 356 4308 2.
369 4275 410 4322 qu.
423 4260 478 4308 cliv.
489 4267 533 4309 ert.
545 4259 576 4309 vi.
589 4259 707 4322 stuprum
720 4254 824 4316 Angllce
845 4254 933 4304 dicitur
943 4255 1064 4308 debuerit:
1077 4273 1137 4326 rape
1149 4262 1236 4330 dicitur
1248 4266 1300 4313 vio·

204 4345 269 4394 lenta
280 4344 391 4394 mulieris
409 4347 588 4410 cujuscumque
600 4341 710 4394 violatio:
730 4337 864 4391 abduction
874 4349 913 4394 ,est
930 4343 952 4390 ri
969 4344 1049 4406 puella
1061 4344 1137 4395 invita
1155 4347 1300 4399 abducatur:

204 4427 350 4496 elopement,
362 4428 384 4479 si
395 4429 495 4480 decedat
507 4436 593 4494 sponte
605 4443 657 4487 sua,
667 4425 807 4492 parentibus
819 4425 991 4476 nescientibus.
