3076 5260
249 477 308 532 228
417 467 474 528 DE
495 463 857 526 OBLIGATIONIBUS
879 461 1170 523 OLERICORUM.

251 641 329 700 verbi
341 637 438 715 gratia,
452 651 490 692 ex
502 651 538 692 so
551 633 629 704 quod
642 631 745 690 oblitus
759 629 952 698 sitlliuviarii,
966 631 1011 688 vel
1025 629 1095 689 illud
1108 631 1244 698 amiserit,
1259 630 1344 688 debet

250 749 386 812 quatenus
407 743 501 810 potest
519 731 631 792 muneri
647 729 817 796 satisfacere,
841 747 905 800 que
929 731 1066 787 memoria
1088 737 1165 786 tenet
1182 729 1340 786 recitando.

250 835 354 897 Merito
368 835 453 910 igitur
465 831 598 890 damnata
610 840 653 888 est
666 831 701 887 ab
722 828 887 886 Innocentio
909 827 964 884 XI.
982 828 1155 902 propositio:
1178 827 1267 892 “Qui
1281 845 1343 885 non

250 944 342 1014 potest
354 934 471 992 recitare
485 931 660 989 Matutinum
673 937 702 986 et
713 926 837 993 Laudes,
852 934 1048 1002 potestantem
1060 926 1183 998 reliquas
1197 927 1291 993 horas,
1303 925 1343 983 ad

251 1033 323 1093 nihil
336 1041 455 1098 tensum,
470 1031 539 1102 quia
551 1030 642 1105 major
655 1043 719 1103 pars
733 1025 818 1083 trahit
830 1024 863 1083 ad
882 1043 913 1082 se
928 1023 1102 1082 minorem.’'

291 1136 341 1190 21.
364 1131 540 1204 Dispenssre
562 1127 637 1185 valet
657 1125 736 1200 Papa
757 1125 791 1180 ab
814 1123 869 1181 hoc
890 1141 1024 1190 munere;
1045 1122 1096 1179 sed
1115 1130 1143 1178 et
1162 1123 1291 1197 episcopi
1313 1125 1344 1180 in

250 1231 363 1289 casibus
376 1228 579 1304 singularibus,
593 1225 629 1283 ob
642 1241 753 1296 equam
764 1240 900 1289 causam3
921 1231 1082 1279 nouantem
1095 1229 1217 1296 possunt
1228 1223 1345 1279 univer·

250 1331 303 1386 sim
318 1329 444 1386 eximere
459 1326 582 1399 aliquem
596 1323 630 1380 ab
641 1341 675 1381 eo
690 1341 785 1386 onere,
801 1320 878 1392 quod
891 1319 1058 1378 universalis
1071 1320 1213 1377 Ecclesia
1222 1338 1343 1378 consue·

250 1427 346 1485 tudine
364 1427 470 1484 nititur.

288 1531 339 1584 22.
361 1523 539 1582 Beneficium
554 1520 778 1578 ecclesiasticum
793 1516 972 1592 possidentes
985 1525 1116 1575 tenentur
1129 1515 1163 1572 ad
1177 1517 1343 1591 persolven-

250 1623 319 1682 dum
333 1618 611 1684 divinumoffioium,
626 1619 678 1676 sub
691 1637 775 1694 poena
795 1635 853 1673 non
875 1615 999 1674 faciendi
1019 1616 1126 1673 strictus
1145 1607 1240 1671 ειιοι.ι
1281 1615 1344 1680 Qui

250 1721 338 1779 choro
351 1719 529 1784 addicuntur,
543 1717 647 1774 debent
666 1718 812 1782 interesse,
831 1723 860 1772 et
872 1733 989 1782 canere,
1000 1731 1051 1771 seu
1070 1715 1125 1772 alta
1137 1731 1208 1770 voce
1221 1715 1342 1770 recitare

251 1819 380 1880 divinum
393 1808 547 1876 officium²
587 1813 730 1872 Ceterum
741 1831 828 1887 quum
839 1813 949 1872 nullum
963 1813 1000 1870 sit
1011 1813 1182 1870 beneficium
1195 1812 1242 1870 vel
1254 1813 1344 1870 colle·

250 1920 328 1993 mum
351 1917 551 1976 canonicorum
574 1915 603 1972 in
626 1914 673 1972 his
693 1913 859 1988 provinciis,
881 1913 1053 1984 questiones
1077 1913 1213 1988 plurimas
1226 1910 1342 1968 silentio

248 2017 457 2093 pretennittere
470 2014 544 2071 licet.

599 2243 682 2318 §lV.
711 2241 758 2300 Du
780 2259 978 2300 oenomaum.

289 2432 339 2486 23.
374 2425 431 2491 Qui
457 2423 645 2483 sacerdotium
672 2435 859 2499 susceperunt
884 2423 1074 2482 obedientiam
1107 2434 1135 2482 et
1153 2429 1341 2485 reverentiam

250 2527 415 2586 solemniter
428 2522 546 2600 polliciti
559 2533 625 2581 sunt
638 2523 785 2598 episcopo,
799 2523 846 2581 cui
859 2523 1052 2599 obtemperare
1066 2523 1171 2581 debent
1183 2527 1212 2582 in
1226 2527 1260 2583 iis
1275 2545 1339 2597 quae

250 2627 394 2702 peru'nent
406 2623 441 2681 ad
453 2631 586 2682 moreset
598 2621 633 2680 ad
647 2620 828 2699 disciplinam
842 2622 1073 2690 ecclesiasticam,
1080 2624 1165 2699 juxta
1179 2643 1302 2682 canones
1312 2634 1342 2682 et

249 2725 409 2802 legitimum
418 2723 588 2781 auctoritatis
603 2714 795 2780 exercitium.³
808 2719 915 2778 Clerici
924 2721 1073 2779 inferiores
1082 2723 1219 2798 episcopo
1226 2723 1340 2781 obedire

253 2841 367 2895 quoque
391 2831 512 2898 oportet,
531 2839 567 2878 ex
591 2818 654 2897 ipsa
674 2818 782 2877 Christi
801 2819 873 2896 lege,
894 2837 959 2891 qua,
973 2818 1091 2878 docente
1106 2820 1257 2896 Apostolo,
1272 2841 1340 2897 prae·

251 2922 352 2996 positis
366 2918 554 2976 obediendum
568 2929 620 2974 est.

288 3021 338 3074 24.
361 3014 534 3072 Subdiaconi
554 3012 737 3071 adtitulatio
757 3015 914 3074 missionis
937 3014 1067 3084 ordinati,
1090 3018 1119 3076 in
1145 3018 1199 3075 hac
1225 3019 1340 3095 regione

247 3116 334 3193 jurati
355 3113 524 3191 pollicentur
547 3131 578 3170 se
599 3112 784 3193 missionibus
804 3113 936 3173 dioecesis
955 3116 984 3171 in
1005 3133 1089 3186 quam
1110 3127 1278 3193 cooptantur
1290 3118 1341 3176 sub

250 3213 411 3273 obedientia
424 3211 568 3271 Ordinarii
582 3205 717 3290 perpetui)
727 3214 929 3271 inservituros:
955 3214 992 3270 ita
1011 3215 1087 3271 enirn
1098 3216 1185 3292 jussit
1195 3216 1227 3272 S.
1239 3216 1338 3280 Sedes,

210 3349 215 3378 r
249 3314 362 3373 titulum
376 3313 452 3371 hunc
473 3312 606 3388 probans.
649 3309 798 3370 Tenentur
819 3314 913 3389 igitur,
928 3314 1065 3388 episcopo
1080 3315 1209 3390 jubente,
1228 3314 1337 3372 ordines

250 3413 414 3471 diaconatus
428 3423 455 3470 et
468 3412 679 3488 presbyteratus
694 3412 848 3486 suscipere,
859 3423 888 3468 et
900 3413 930 3469 in
943 3429 1009 3468 eum
1023 3411 1117 3470 locum
1131 3413 1290 3470 dioecescos
1310 3431 1339 3470 se

250 3512 397 3579 conferre,
412 3513 441 3568 in
461 3528 519 3582 quo
542 3512 604 3587 ipse
627 3511 769 3567 censuerit
789 3529 837 3568 eos
850 3510 975 3568 laborare
989 3509 1090 3569 debere
1104 3512 1134 3570 in
1147 3513 1269 3570 salutem
1284 3514 1339 3570 ani·

248 3625 370 3667 marum.
413 3609 528 3666 Debent
541 3611 625 3667 etiam
640 3627 692 3686 per
705 3617 790 3666 totam
804 3611 892 3667 vitam
905 3611 935 3667 in
954 3607 1054 3666 eadem
1074 3609 1193 3669 dioecesi
1207 3629 1337 3676 manere;

246 3717 276 3765 ct
283 3716 380 3766 contra
383 3707 577 3783 juramentum
588 3715 715 3784 peccant,
727 3708 762 3775 si,
776 3717 807 3765 ut
819 3726 850 3765 se
863 3705 1019 3766 subducant
1029 3710 1157 3786 episcopi
1171 3711 1335 3776 arroteritati,

247 3815 276 3863 et
291 3807 407 3864 veniam
416 3803 582 3863 discedendi
597 3816 796 3877 extorqueant,
811 3817 883 3864 artes
897 3805 1046 3864 adhibeant
1055 3807 1208 3882 dolosque:
1232 3810 1277 3866 vel
1290 3827 1338 3866 sua

246 3908 359 3965 rarione
373 3903 474 3982 agendi
486 3905 686 3964 necessitatem
700 3921 730 3962 se
747 3903 906 3964 dimittendi
926 3906 1090 3982 imponant:
1113 3926 1178 3965 nam
1193 3906 1260 3965 dum
1275 3907 1335 3978 quis

276 4108 317 4170 (ι)
336 4107 414 4156 Gcnc.
425 4103 480 4157 Lat
493 4121 514 4157 v.
524 4105 593 4157 Sese.
605 4107 639 4157 lx.
650 4115 674 4158 et
687 4105 791 4158 constit.
804 4108 843 4157 Pii
855 4107 886 4156 V.
906 4108 947 4158 Ex
959 4109 1077 4174 proximo.

274 4189 317 4253 (2)
336 4188 367 4237 Ο.
379 4190 411 4236 ir.
423 4190 478 4243 dist.
490 4191 547 4241 xcii.
558 4199 582 4240 st
602 4190 670 4241 Trid.
681 4191 759 4243 Conc-
770 4193 837 4242 Ssss.
849 4195 916 4244 xxiv.
928 4209 948 4244 c
967 4191 1009 4243 xii.
1026 4193 1057 4243 de
1076 4193 1171 4242 reform.
1189 4201 1213 4242 et
1230 4193 1330 4243 Constit.

239 4271 367 4322 Benedicti
377 4272 448 4321 XIV.
473 4273 538 4322 Cum
551 4289 652 4338 semper.

275 4357 317 4423 (3)
337 4353 400 4419 Cap.
414 4354 482 4414 Quia
492 4355 573 4414 frater,
588 4358 629 4406 rii.
641 4374 682 4421 qu.
695 4361 720 4410 ii.
732 4369 757 4411 et
767 4376 820 4426 cap.
832 4361 921 4413 xvide
932 4361 995 4412 offic.
1004 4361 1056 4427 jud.
1068 4360 1145 4411 onlin.
