3078 5258
499 455 556 516 DE
577 455 953 520 111111111111111.
1215 467 1270 522 199

177 622 421 700 concupiscentiae
435 622 627 683 occasionem.
668 622 753 682 Sibis
765 629 840 682 torre
849 621 1004 681 omittendo
1014 633 1109 699 speret
1120 625 1270 686 libidinem

174 724 291 802 juvenis
318 719 501 788 domandam,
525 720 634 779 videtur
657 722 747 779 teneri
769 720 805 778 ad
827 720 1023 782 abstinendum
1045 723 1080 780 ab
1100 742 1216 784 accessu
1235 725 1272 784 ad

178 821 341 892 ecclesiam,
353 839 443 893 quum
452 819 596 878 charitatis
605 829 788 896 preceptum,
798 837 855 892 quo
866 820 985 878 alienam
994 821 1105 880 1111111
1112 841 1271 898 praecavere

178 919 327 986 debemus,
336 927 480 996 praecepto
494 918 530 976 de
544 917 683 977 audienda
696 919 791 977 Missa
802 917 937 994 dignitate
951 938 1002 976 sna
1014 921 1164 996 praecellat.
1207 921 1272 982 011·

180 1028 273 1076 terum
287 1017 396 1076 diutina
408 1017 470 1075 haec
483 1035 541 1075 101
553 1016 636 1076 debet
644 1036 708 1075 esse
728 1018 884 1085 excusatio,
893 1017 947 1076 sibi
962 1019 1040 1077 enim
1048 1019 1163 1095 juvenis
1173 1039 1272 1080 casum

179 1136 266 1175 suum
288 1118 419 1192 imputet.
462 1116 529 1191 Ipsa
551 1124 646 1174 tamen
665 1117 759 1192 puella
780 1116 835 1174 sibi
855 1126 886 1174 ut
899 1115 1036 1184 consulat,
1050 1119 1153 1195 poterit
1165 1118 1271 1180 diutins

181 1216 291 1283 abesse,
306 1216 331 1272 si
342 1216 454 1272 ruinam
468 1215 572 1271 timeat.

223 1317 273 1371 21.
295 1313 355 1378 Qui
376 1320 469 1369 vestes
489 1331 548 1371 non
564 1312 669 1370 habent
688 1330 741 1370 sno
760 1314 843 1371 statui
866 1315 1078 1382 convenientes,
1102 1327 1272 1378 excusantur

181 1410 358 1483 aliqnando:
379 1410 480 1467 debent
491 1419 596 1478 1111101,
611 1412 637 1468 11
651 1412 689 1468 111
707 1410 834 1478 facultas,
855 1421 966 1488 tempus
986 1422 1177 1488 opportunum
1196 1435 1272 1488 quac·

183 1527 258 1578 rere,
275 1509 398 1568 diluculo
414 1508 565 1568 ecclesiam
585 1509 724 1566 adeundo.
766 1508 863 1567 Pudor
882 1529 919 1568 ex
941 1509 1037 1568 delicti
1059 1511 1174 1570 iudiciis
1196 1523 1273 1572 ortus

183 1609 272 1666 etiam
285 1617 400 1666 excusat
413 1626 475 1664 eam
489 1626 551 1680 quae
564 1608 640 1665 fama
659 1606 751 1666 adhuc
771 1608 880 1684 integra
900 1610 1010 1667 crimen
1029 1609 1161 1686 proderet
1180 1612 1273 1688 palam

184 1706 323 1764 adstandc
336 1707 450 1773 Missae3
472 1708 602 1778 quamvis
622 1706 699 1763 enim
718 1707 749 1764 in
768 1725 853 1763 cansa
872 1707 1010 1784 culpanda
1030 1710 1076 1778 sit,
1096 1712 1157 1787 jam
1178 1729 1211 1768 ea
1230 1721 1273 1770 est

184 1803 346 1864 conditione
360 1824 422 1878 quae
435 1805 522 1863 efficit
534 1815 565 1864 ut
577 1813 699 1876 nequeat
710 1813 852 1880 precepto
866 1806 1036 1864 satisfacere.

224 1909 274 1961 22.
296 1904 380 1962 Lucri
393 1905 542 1980 permagni
556 1904 673 1962 amissio
683 1912 759 1959 esset
771 1904 917 1962 excusatio
929 1904 1066 1979 legitima,
1077 1907 1232 1980 praesertim
1246 1909 1273 1966 ei

185 2003 237 2075 qni
250 2002 299 2059 vix
312 2011 408 2078 posset
420 2020 455 2060 eo
469 2021 572 2060 carere.
615 2001 664 2059 Sic
678 2003 727 2074 qui
750 2002 877 2059 muneris
901 2001 1045 2060 amittendi
1065 2001 1222 2063 discrimini
1242 2023 1273 2062 se

184 2100 340 2177 objicerent
364 2101 497 2159 Ecclesia
519 2099 648 2159 adeunda
666 2109 697 2158 nt
726 2101 826 2158 Missae
857 2100 998 2158 adstarent
1017 2099 1062 2159 die
1082 2102 1165 2170 festo,
1186 2123 1271 2164 exen-

183 2208 292 2257 santnr.
340 2201 438 2258 Minus
462 2209 555 2258 autem
581 2199 764 2275 dispendium
789 2219 927 2276 pauperes
958 2210 1084 2258 excusat.
1127 2201 1271 2261 Oaeternm

182 2314 242 2356 101
261 2308 431 2357 excusantur
456 2317 599 2375 caupones
622 2299 673 2370 qui
693 2297 738 2356 die
764 2298 908 2357 dominica
933 2298 1056 2358 Missam
1076 2301 1222 2376 negligunt
1240 2312 1272 2360 nt

183 2397 319 2456 adeuntes
345 2417 503 2474 cauponam
532 2397 684 2472 excipiant,
707 2397 818 2455 lucrum
844 2417 979 2474 magnum
1004 2398 1070 2456 inde
1096 2403 1272 2477 perceptum

184 2515 251 2554 nam
276 2497 306 2554 id
330 2497 363 2553 fit
385 2514 451 2554 cum
472 2497 620 2573 religionis
643 2495 821 2565 detrimento,
848 2506 876 2554 et
902 2515 1004 2574 inagna
1029 2499 1158 2558 omnium
1184 2499 1273 2558 offen·

184 2596 278 2653 sione.

227 2699 278 2750 23.
301 2691 428 2750 Affectus
441 2711 507 2770 erga
518 2704 649 2770 parentes
664 2703 692 2751 et
710 2695 885 2769 propinquos
906 2690 1116 2750 demonstrandi
1129 2711 1214 2750 causa
1226 2713 1274 2752 ex-

186 2791 281 2848 cusari
301 2789 431 2848 videntur
451 2795 499 2863 qui
520 2792 671 2866 aliquando
691 2809 722 2848 10
742 2790 891 2849 conferunt
910 2790 945 2846 ad
963 2790 1027 2847 loca
1039 2790 1069 2846 iu
1082 2790 1185 2861 quibus
1199 2791 1275 2849 nulla

185 2890 281 2948 futura
301 2890 338 2945 sit
358 2890 399 2947 eis
418 2891 540 2949 Missam
560 2890 693 2949 audiendi
713 2890 840 2947 facultas.
883 2886 1026 2946 Oaeternm
1046 2907 1105 2947 non
1117 2908 1205 2967 saepe,
1220 2909 1273 2948 nec

185 2989 296 3055 leviter,
311 3007 364 3044 nec
378 3008 429 3066 per
442 2999 553 3066 tempus
566 2990 729 3048 diuturnum
744 2988 773 3047 id
785 2988 947 3047 faciendum
959 2997 1012 3046 est.

225 3091 275 3144 24.
297 3087 355 3152 Qui
376 3088 545 3146 valetudinis
566 3107 660 3156 cansa,
680 3089 726 3145 vel
751 3089 884 3164 legitimae
905 3089 991 3146 111111
1018 3089 1200 3148 recreationis
1224 3108 1275 3165 per

186 3185 294 3258 aliquot
314 3188 417 3244 aestatis
438 3187 629 3245 hebdomades
653 3185 707 3244 alid
724 3204 755 3243 se
769 3187 925 3254 conferunt,
935 3196 1019 3263 prout
1031 3188 1217 3262 plurimorum
1232 3197 1275 3246 est

185 3303 260 3352 mos,
275 3295 446 3343 excusantur
465 3305 481 3342 a
500 3286 603 3343 violato
624 3294 775 3360 praecepto,
791 3285 843 3342 etsi
856 3286 939 3359 eopia
958 3285 1059 3342 Missa
1073 3284 1218 3343 audiendae
1233 3287 1274 3342 eis

185 3385 239 3441 iter
262 3385 409 3460 agentibus
429 3384 559 3442 defutura
579 3384 633 3441 sit:
655 3385 744 3441 otium
767 3385 874 3460 quippe
894 3383 965 3440 illud
992 3392 1019 3439 et
1038 3384 1126 3441 animi
1145 3382 1276 3440 levamen

186 3481 339 3555 aliquando
352 3484 553 3550 necessarium,
568 3491 596 3538 et
608 3501 736 3558 persaepe
749 3482 818 3538 utile
832 3491 890 3538 est:
912 3499 966 3538 nec
980 3490 1119 3556 coguntur
1138 3479 1276 3556 perpetuis

186 3582 217 3638 in
229 3580 293 3638 loco
307 3583 337 3639 in
351 3600 408 3653 quo
422 3591 466 3638 est
478 3581 561 3657 copia
574 3582 646 3638 sacri
659 3581 824 3638 consistere.

226 3683 277 3737 25.
299 3680 354 3736 Est
377 3681 479 3737 alicubi
498 3698 562 3737 mos
587 3697 652 3736 rure
671 3688 702 3736 ut
727 3679 824 3747 vicini,
844 3679 1000 3753 praesertim
1027 3677 1185 3747 acatholici,
1206 3678 1277 3736 alios

186 3779 311 3836 invisent
322 3797 407 3836 mane
420 3778 476 3835 diei
489 3777 649 3845 dominica,
660 3786 747 3836 totum
761 3777 837 3836 diem
846 3796 913 3835 cnm
922 3777 957 3835 iis
968 3780 1110 3838 mansuri:
1125 3797 1185 3852 quo
1195 3787 1277 3854 pacto

187 3876 319 3934 catholici
340 3878 375 3934 ab
395 3876 535 3935 audiendo
555 3895 636 3934 sacro
657 3875 822 3934 detinentur.
865 3877 898 3935 Id
918 3887 1011 3934 autem
1031 3878 1172 3948 quaritur,
1186 3882 1279 3931 utrum

187 3986 361 4033 excusentur
374 3976 423 4046 qui
436 3974 514 4035 domi
527 3985 651 4042 manent,
666 3993 701 4032 ne
715 3977 839 4032 comitati
853 3984 880 4032 et
893 3975 1023 4032 amicitiae
1044 3972 1145 4030 deesse
1163 3972 1277 4030 videan-

187 4084 242 4131 tur.
285 4074 318 4131 Si
332 4074 369 4130 sit
387 4073 502 4130 facultas
526 4073 676 4132 ecclesiam
698 4073 831 4141 adeundi,-
845 4082 872 4128 et
891 4070 1028 4128 redeundi
1041 4070 1077 4127 ad
1089 4070 1205 4148 hospitii
1214 4074 1280 4150 jura

186 4173 357 4248 praestanda,
377 4173 469 4244 liquet
488 4173 612 4231 Missam
632 4190 690 4230 non
711 4189 796 4248 posse
819 4170 925 4246 negligi
939 4171 972 4230 ab
991 4170 1133 4239 omnibns,
1149 4174 1277 4243 quamvis

188 4270 292 4344 aliquis
304 4270 384 4328 domi
396 4271 489 4350 possit
502 4289 616 4330 manere
630 4270 770 4329 comitatis
785 4287 885 4326 causa:
900 4268 950 4327 sed
960 4269 1010 4326 vix
1023 4287 1281 4330 censemusomnes
