3146 5266
252 502 270 555 6
448 497 504 556 DE
527 495 712 558 HUMANA
732 497 897 560 AGENDI
918 496 1120 557 RATIONE.

252 664 364 738 proprie
388 663 519 722 humanae
540 663 680 733 dicuntur,
695 684 758 738 quae
782 684 819 722 ex
833 665 973 724 voluntate
994 664 1145 722 deliberata
1164 660 1337 738 procedunt:

251 761 276 816 si
290 778 352 832 quoe
368 771 460 822 autem
476 764 537 820 aliae
558 765 681 822 actiones
695 765 807 824 homini
828 766 1005 833 conveniant,
1020 762 1140 840 possunt
1153 761 1210 819 dici
1223 761 1338 833 quidem

251 860 376 917 hominis
391 864 524 930 actiones,
540 861 658 921 sednon
669 865 781 940 proprie
792 864 934 931 humanae,
950 884 1014 922 cum
1029 883 1086 921 non
1100 863 1157 920 sint
1169 861 1295 919 hominis
1309 862 1339 918 in

252 968 388 1030 quantum
415 971 458 1018 est
480 955 618 1020 homo.'’1
659 962 703 1022 Ita
724 963 879 1039 Argolicus
903 962 1020 1031 Doctor‚
1049 981 1096 1020 eas
1124 961 1248 1018 actiones
1276 978 1338 1032 quae

253 1066 340 1115 “non
353 1060 509 1135 procedunt
521 1079 558 1118 ex
572 1059 770 1119 deliberatione
790 1063 915 1130 rationis,
931 1082 993 1136 quae
1014 1070 1057 1118 cst
1076 1059 1222 1138 proprium
1236 1059 1339 1134 princi-

251 1158 331 1232 pium
342 1158 531 1218 humanorum
542 1153 695 1219 actuum'’²
707 1169 782 1217 recte
793 1179 900 1237 negans
909 1180 972 1218 esse
982 1162 1132 1218 humanas.
1167 1158 1246 1216 Dum
1255 1158 1339 1234 igitur

252 1254 287 1312 de
302 1258 426 1316 moribus
441 1260 561 1335 agimus,
576 1258 750 1336 intelligendi
763 1278 862 1319 sumus
877 1259 912 1317 de
926 1262 1032 1318 actibus
1046 1277 1112 1316 vere
1132 1257 1275 1325 humanis,
1291 1257 1339 1329 qui

252 1353 421 1415 deliberante
435 1359 541 1415 ratione
556 1358 635 1416 fiunt.

293 1460 322 1512 3.
345 1456 413 1532 Agit
435 1457 523 1514 homo
547 1465 661 1533 propter
681 1457 779 1526 finem,
802 1459 851 1529 qui
871 1457 989 1534 proinde
1011 1457 1084 1514 actui
1105 1457 1231 1532 speciem
1258 1473 1338 1513 suam

206 1563 207 1566 ’
251 1555 353 1622 tribuit,
369 1574 434 1613 nam
457 1556 622 1631 “possibile
644 1556 776 1629 estquod
796 1575 869 1613 unus
890 1565 967 1613 actus
982 1554 1137 1613 secundum
1152 1555 1276 1632 speciem
1291 1573 1338 1612 na·

252 1661 318 1710 turae
333 1653 476 1712 ordinetur
489 1653 524 1710 ad
544 1653 670 1712 diversos
694 1655 774 1732 lines¹
787 1656 957 1712 voluntatis:
981 1656 1053 1712 sicut
1072 1655 1127 1712 hoc
1147 1655 1241 1731 ipsum
1263 1652 1339 1726 quod

251 1763 295 1808 est
316 1753 444 1811 occidere
467 1754 626 1821 hominem,
641 1753 718 1825 quod
737 1764 781 1811 est
800 1753 876 1813 idem
897 1753 1053 1812 secundum
1074 1755 1200 1828 speciem
1221 1763 1336 1819 naturae,

251 1859 345 1925 potest
370 1852 502 1919 ordinari,
523 1853 596 1909 sicut
616 1854 647 1910 in
666 1852 763 1921 finem,
789 1852 824 1910 ad
847 1853 1089 1911 conservationem
1107 1851 1232 1928 justitiae,
1255 1849 1339 1908 etad

251 1950 479 2011 satisfaciendum
500 1953 558 2019 irae,
574 1960 602 2008 et
615 1971 652 2008 ex
665 1951 721 2009 hoc
741 1960 822 2009 erunt
834 1950 938 2008 diversi
952 1960 1029 2008 actus
1044 1950 1199 2021 secundum
1213 1950 1339 2027 speciem

250 2049 349 2116 moris,
365 2050 431 2120 quia
443 2068 501 2106 uno
516 2047 600 2106 modo
615 2050 666 2105 erit
680 2058 757 2106 actus
771 2050 889 2118 virtutis,
904 2050 959 2108 alio
973 2049 1059 2109 modo
1073 2050 1125 2106 erit
1138 2057 1215 2105 actus
1229 2041 1339 2106 vitii.’'³

292 2149 321 2202 4.
343 2147 424 2205 Finis
438 2148 553 2205 ultimus
568 2166 653 2218 quem
667 2149 756 2206 homo
769 2147 879 2224 agendo
899 2149 953 2206 sibi
973 2149 1106 2225 proponit
1124 2146 1264 2206 beatitudo
1278 2156 1337 2212 est;

252 2246 290 2300 ita
303 2246 379 2304 enim
393 2264 492 2304 sumus
507 2254 604 2303 natura
623 2249 787 2323 comparati,
801 2256 833 2304 ut
852 2248 965 2305 nonnisi
984 2249 1058 2305 beati
1078 2266 1141 2304 esse
1155 2247 1227 2305 velle
1248 2247 1339 2322 possi·

251 2362 326 2410 mus,
342 2344 418 2417 quod
432 2345 626 2404 animadvertit
639 2347 707 2404 olim
721 2346 914 2422 Augustinus:
938 2347 1079 2404 “Verum
1093 2355 1136 2402 est
1149 2344 1226 2418 qnod
1239 2363 1338 2404 omnes

252 2442 385 2500 homines
399 2462 462 2501 esse
475 2444 548 2502 beati
562 2444 657 2513 velint,
672 2445 758 2517 idque
771 2464 861 2503 unum
875 2445 1071 2504 ardentissimo
1086 2463 1181 2502 amore
1195 2453 1337 2520 appetant,

252 2551 280 2597 et
292 2552 406 2618 propter
419 2543 474 2600 hoc
489 2552 587 2600 caetera
601 2563 786 2617 quecumque
801 2541 979 2621 appetant.’'¹
1021 2544 1056 2602 Ιιι
1069 2563 1104 2601 eo
1125 2553 1217 2600 autern
1238 2543 1338 2600 huma·

252 2659 305 2697 nus
321 2651 435 2717 apparet
448 2661 533 2711 error,
549 2641 626 2713 quod
639 2662 694 2715 qua
708 2645 737 2701 in
757 2663 787 2701 re
800 2641 940 2700 beatitudo
955 2644 991 2700 sit
1010 2645 1111 2718 posita,
1132 2641 1260 2718 plerique
1280 2659 1338 2698 non

252 2739 417 2816 intelligent,
432 2741 502 2800 adeo
515 2751 547 2799 ut
559 2760 622 2800 eam
637 2743 788 2815 quaerendo
801 2743 870 2800 fiant
883 2743 1053 2801 miseriores.
1095 2741 1130 2799 In
1141 2739 1245 2798 divitiis
1256 2740 1338 2816 pleri-

253 2857 308 2910 que
322 2857 385 2896 eam
400 2851 544 2913 quaerunt:
567 2861 629 2913 quae
646 2852 740 2900 tamen
749 2841 862 2899 nonnisi
876 2843 986 2918 magnis
1001 2842 1143 2898 laboribus
1154 2850 1182 2896 et
1194 2839 1338 2896 conatibus

253 2938 421 3013 plerumque
435 2949 500 2997 sunt
513 2929 719 3017 comparanda,
735 2949 762 2996 et
774 2957 850 3014 saepe
862 2950 1027 3011 sequentem
1042 2939 1171 3015 fugiunt;
1193 2955 1338 3014 possesso-

253 3054 313 3093 rem
322 3035 387 3094 verd
400 3038 540 3097 solicitum
552 3039 666 3108 faciunt,
675 3039 877 3110 etinquietum.
921 3037 1056 3097 Honores
1067 3056 1218 3096 munerare
1229 3036 1340 3113 publica
1414 3089 1417 3094 .

253 3135 322 3191 alios
337 3135 477 3194 alliciunt:
500 3157 571 3210 quos
585 3136 688 3195 videris
703 3136 738 3195 ad
752 3136 864 3194 culmen
878 3137 1096 3214 nitiperaspera
1106 3155 1225 3210 quaeque
1240 3135 1339 3193 anxios

253 3242 281 3289 et
294 3233 431 3310 fatigatos,
446 3237 476 3294 in
490 3237 553 3313 ipso
566 3255 660 3294 rerum
675 3237 786 3312 fastigio
806 3236 935 3312 plurimis
956 3236 1180 3293 solicitudinibus
1200 3235 1337 3293 infelices.

255 3331 360 3403 Utique
375 3335 452 3391 nulla
465 3334 530 3393 inde
541 3335 681 3392 derivatur
694 3335 833 3410 voluptas,
849 3354 912 3407 quae
926 3354 992 3391 vera
1012 3335 1057 3402 sit,
1072 3335 1128 3391 nisi
1148 3353 1185 3391 ex
1199 3335 1300 3391 virtute
1314 3342 1342 3389 et

253 3431 340 3489 animi
353 3436 512 3507 praestantia
524 3434 672 3491 derivetur.
716 3434 806 3491 Fama
819 3453 885 3490 aura
905 3435 975 3491 levis
996 3441 1080 3489 estet
1101 3433 1273 3500 inconstans,
1287 3449 1340 3488 nec

253 3532 375 3590 animam
397 3533 492 3609 explet
511 3533 692 3592 esurientem.
742 3533 871 3592 Potestas
899 3552 961 3606 quae
989 3531 1142 3588 rectoribus
1170 3531 1340 3607 populorum

253 3631 396 3704 competit,
411 3641 519 3702 metum
533 3631 611 3688 haud
625 3632 739 3707 depellit
753 3634 857 3698 animo,
874 3631 924 3689 sed
938 3631 1031 3706 potius
1046 3629 1119 3687 curis
1134 3632 1241 3688 obruit:
1265 3628 1341 3702 quod

253 3727 371 3784 Boetius
398 3727 515 3802 pulchre
546 3729 758 3786 animadvertit:
793 3729 954 3786 “Potestas
974 3730 1101 3787 humana
1129 3729 1339 3786 solicitudinum

252 3844 364 3883 morsus
380 3825 531 3902 expellere,
547 3825 730 3885 formidinum
745 3826 857 3884 aculeos
878 3827 964 3884 vitare
985 3828 1179 3901 nequit.’'—“
1189 3828 1339 3884 Potentem

252 3943 362 3993 censes,
377 3927 423 3983 cui
437 3927 569 3984 satellites
589 3927 661 3983 latus
683 3927 829 3985 ambiunt?
851 3928 902 3999 qni
923 3946 995 3999 quos
1017 3936 1100 3985 terret
1121 3929 1182 4004 ipse
1203 3926 1266 4002 plus
1281 3945 1341 3984 me·

252 4017 363 4080 tuitt'‘⁵
403 4026 461 4092 Qui
475 4031 614 4102 reponunt
627 4013 826 4085 beatilrrdinem
841 4027 871 4085 in
885 4026 1031 4085 affectibus
1046 4028 1149 4099 quibus
1163 4027 1294 4084 homines
1309 4044 1340 4082 se

252 4122 374 4183 invicem
402 4137 618 4201 prosequuntur,
641 4136 669 4183 et
688 4128 843 4203 praesertim
864 4128 1018 4204 conjugum
1038 4127 1110 4184 inter
1130 4144 1171 4194 se,
1193 4134 1339 4202 parentum

287 4315 330 4379 (l)
352 4318 372 4364 l.
386 4319 409 4363 2.
423 4316 494 4379 qul.
508 4324 549 4366 art
563 4317 582 4366 Ι.
595 4317 670 4383 Resp.
885 4319 928 4383 (2)
948 4316 1047 4377 ibidem,
1059 4316 1102 4366 Ad
1112 4315 1222 4367 tertium.

287 4399 329 4464 (3)
349 4399 441 4452 Ibidem
458 4411 500 4452 art
512 4401 555 4452 ΙΙΙ.
566 4399 610 4452 Ad
618 4400 730 4453 tertium.
888 4404 928 4468 (4)
946 4401 976 4450 L.
988 4403 1038 4453 xiii.
1049 4401 1080 4452 de
1090 4399 1161 4451 Trin.
1172 4416 1193 4450 c.
1205 4415 1228 4450 v.

602 4489 644 4553 (5)
664 4486 694 4535 L.
706 4487 740 4536 ιιι.
749 4486 779 4537 de
789 4487 880 4536 consol.
893 4503 964 4552 prosa
975 4503 998 4536 v.
