3068 5256
261 427 316 482 104
534 417 591 477 DE
613 415 777 484 QUINTO
798 414 1049 474 PRAEOEPTO.

299 589 348 644 99.
370 583 568 642 Homicidium
581 581 657 654 quod
670 599 737 638 casu
751 579 889 654 contingit
901 579 984 655 culpa
1003 586 1087 645 caret,
1109 579 1350 654 quandocumque

260 686 323 758 quis
337 684 378 740 rei
389 683 473 740 licitae
486 679 576 747 vacal,
590 679 735 755 diligentia
748 679 908 735 necessaria
921 677 956 734 ad
974 677 1098 735 alienum
1112 677 1248 736 damnum
1262 681 1350 739 vitan·

261 782 329 841 dum
343 775 488 837 adhibita}
530 779 579 835 Sic
593 780 642 850 qui
656 779 729 835 seras
743 795 794 852 per
816 775 912 850 sylvas
926 775 1115 851 persequitur,
1129 777 1178 833 nbi
1191 778 1352 836 nullatenus

261 880 418 956 suspicatur
430 878 578 935 hominem
602 877 725 948 aliquem
744 875 840 941 latere,
864 874 998 931 immunis
1021 873 1105 948 culpa
1124 883 1176 941 est,
1197 875 1265 932 licet
1284 896 1351 933 casu

261 997 327 1035 eum
350 967 548 1034 interfecerit.²
588 976 621 1032 Si
641 976 681 1032 rei
705 973 809 1031 illicitae
833 971 880 1028 det
899 989 1024 1046 operam,
1046 989 1110 1043 quae
1130 982 1223 1033 tamea
1244 975 1353 1032 nullum

261 1094 359 1134 secum
379 1075 460 1132 affert
479 1075 578 1132 mortis
598 1072 766 1148 periculum,
788 1068 935 1128 homicidii
955 1088 1020 1127 reus
1041 1089 1100 1127 non
1122 1080 1175 1137 est,
1189 1072 1257 1128 licet
1277 1091 1353 1130 mors

262 1175 381 1249 alicujus
407 1193 473 1230 casu
494 1173 648 1246 contigerit.
699 1171 749 1226 Sic
775 1168 820 1226 fur
847 1186 1062 1239 nonnumquam
1083 1169 1150 1226 dum
1176 1187 1222 1226 res
1249 1171 1353 1227 alienas

263 1272 364 1347 abripit
376 1272 447 1329 socii
460 1290 546 1328 manu
554 1270 657 1336 interit,
671 1287 738 1325 casu
752 1267 847 1338 aliquo
857 1265 1011 1340 inopinato.
1054 1269 1185 1324 Attamen
1197 1269 1353 1326 secundum

258 1373 333 1448 jura,
347 1371 373 1427 si
387 1370 487 1440 aliquis
509 1368 587 1425 “det
605 1386 720 1443 operam
742 1367 782 1424 rei
801 1365 915 1431 illicite,
937 1365 983 1420 vel
1001 1365 1085 1423 etiam
1107 1365 1155 1422 det
1174 1385 1292 1441 operam
1314 1369 1354 1423 rei

262 1469 356 1535 licite,
368 1488 425 1525 non
439 1466 574 1524 adhibens
585 1465 758 1540 diligentiam
765 1463 897 1530 debitam,
909 1463 1067 1520 nonevadit
1076 1465 1224 1522 homicidii
1234 1473 1351 1532 reatum,

263 1569 288 1623 si
301 1585 338 1621 ex
351 1567 412 1640 ejus
426 1584 512 1640 opere
526 1582 601 1621 mors
621 1563 746 1619 hominis
767 1554 947 1632 sequatur.”³
988 1562 1045 1627 Qui
1064 1582 1124 1620 rem
1138 1571 1224 1638 agunt
1244 1563 1352 1638 pericu-

262 1663 353 1720 losam
371 1663 461 1718 simul
481 1672 509 1718 et
528 1660 663 1727 illicitam,
686 1660 846 1717 nullatenus
867 1669 1046 1728 excusantur,
1069 1662 1136 1718 licet
1157 1679 1233 1717 mors
1257 1671 1353 1718 contra

264 1780 362 1818 eorum
376 1759 547 1816 voluntatem
561 1759 681 1815 eveniat.
724 1759 773 1815 Sic
785 1759 975 1833 percutientes
996 1759 1178 1816 vehementer
1196 1759 1353 1826 hominem,

264 1878 350 1932 quem
363 1859 462 1915 nolunt
474 1857 613 1925 occidere,
625 1858 649 1914 si
663 1877 740 1915 mors
754 1858 815 1932 ejus
829 1866 972 1928 sequatur,
987 1857 1109 1915 habendi
1124 1857 1252 1925 summi,
1267 1877 1354 1929 quum

264 1976 329 2016 eum
344 1957 493 2014 manifesto
506 1958 603 2014 mortis
617 1955 773 2013 discrimini
787 1955 953 2031 objecerint.
994 1955 1065 2013 Jure
1079 1956 1225 2014 communi
1238 1956 1354 2013 homici-

264 2056 343 2113 dium
357 2054 474 2111 secundi
487 2053 588 2128 gradus
602 2048 728 2110 dicitur.⁴
768 2052 852 2117 Quod
865 2055 890 2110 si
900 2072 937 2109 ex
950 2056 1065 2112 vulnere
1079 2054 1155 2112 haud
1168 2054 1264 2112 lethali
1278 2074 1353 2112 mors

263 2159 398 2225 sequatur
410 2150 515 2208 medici
527 2151 677 2226 imperitia,
688 2170 746 2208 non
761 2151 814 2207 erit
826 2150 1023 2210 homicidium.

306 2255 372 2308 100.
395 2251 491 2314 Quum
511 2249 602 2306 caedes
626 2258 745 2318 vetetur,
768 2269 831 2322 quae
859 2260 979 2308 mortem
1006 2251 1109 2309 Inferre
1136 2252 1249 2327 possint
1269 2253 1354 2308 simul

264 2349 348 2405 vetita
369 2347 469 2406 meritd
493 2357 662 2414 censentur;
683 2348 804 2420 ideoque
825 2349 963 2407 mutilatio
977 2352 1104 2425 corporis
1119 2351 1213 2417 alieni,
1228 2352 1354 2408 verbera·

265 2448 314 2514 tio,
338 2466 389 2504 seu
410 2464 598 2518 quaecumque
622 2448 769 2522 percussio
790 2447 913 2506 violenta
936 2449 1077 2523 prohibita
1102 2457 1161 2505 est:
1184 2448 1235 2504 sed
1260 2449 1355 2506 delicti

264 2547 384 2622 gravitas
399 2564 435 2601 ex
449 2546 573 2621 periculo
587 2547 650 2602 vitae
664 2547 710 2602 vel
722 2547 834 2622 injuria,
845 2548 891 2604 vel
901 2549 1072 2605 contumelia
1084 2547 1161 2604 illata
1172 2547 1354 2625 dijudicanda

264 2653 316 2712 est,
331 2645 442 2717 quoties
456 2646 532 2702 enim
546 2646 604 2702 vita
617 2645 801 2721 periclitatur,
815 2663 879 2703 reus
893 2654 936 2702 est
949 2645 1033 2702 caedis
1051 2647 1100 2718 qui
1120 2665 1183 2703 eam
1198 2646 1356 2704 discrimini

265 2744 378 2820 objecit.
421 2744 479 2802 Ubi
492 2763 576 2802 omne
590 2744 668 2801 abest
677 2743 841 2820 hujusmodi
853 2745 1022 2820 periculum,
1032 2765 1083 2822 pro
1097 2745 1207 2822 injuriae
1218 2755 1247 2801 et
1259 2754 1355 2804 contu·

264 2843 357 2899 meliae
370 2843 476 2899 ratione
490 2843 582 2917 gravis
594 2843 703 2900 levisve
718 2852 761 2897 est
773 2844 864 2916 culpa.
888 2843 1031 2901 Homines
1045 2844 1169 2901 rixantes
1184 2844 1353 2920 plerumque

264 2946 382 3013 peccant
394 2939 533 3013 graviter;
555 2940 635 3015 pueri
649 2959 665 2995 a
678 2941 756 3014 gravi
766 2940 849 3016 culpa
863 2942 1014 3013 aliquando
1027 2952 1093 3000 sunt
1112 2943 1258 3000 immunes
1271 2963 1278 3010 ;
1300 2941 1350 3000 sed

264 3034 331 3092 dum
345 3035 517 3103 adolescunt,
532 3043 560 3091 et
578 3036 693 3112 iujurias
714 3037 852 3096 inferendi
871 3040 970 3098 ardent
988 3041 1131 3118 cupidine,
1152 3043 1244 3117 gravis
1259 3043 1354 3100 delicti

264 3132 345 3190 facile
359 3133 430 3190 fiunt
443 3134 493 3190 rei.

306 3235 372 3288 101.
394 3233 451 3298 Qui
464 3241 636 3309 praeceptum
649 3233 704 3290 hoc
717 3235 856 3293 violarunt
869 3246 997 3295 tenentur
1017 3257 1068 3315 pro
1088 3237 1194 3296 viribus
1216 3239 1251 3296 ad
1275 3257 1353 3314 repa-

300 3419 341 3484 (l)
356 3417 382 3466 S.
392 3417 482 3469 Thom.
495 3423 518 3466 2.
528 3421 551 3469 2.
563 3435 605 3483 qu.
617 3420 676 3468 lxiv.
688 3427 731 3469 art.
743 3421 792 3470 viii.

298 3505 338 3570 (2)
357 3509 371 3535 “
381 3503 511 3554 Homicide
520 3519 566 3572 per
578 3502 758 3574 infortunium,
776 3523 803 3556 or
820 3507 1009 3568 misadventure,
1020 3510 1041 3558 is
1054 3507 1135 3558 where
1152 3525 1168 3558 a
1179 3525 1245 3568 man,
1257 3509 1332 3570 doing
1343 3523 1356 3556 a

263 3588 346 3637 lawful
359 3597 404 3646 act,
416 3589 521 3638 without
538 3591 658 3638 intention
677 3591 705 3638 of
718 3591 782 3651 hart,
794 3593 978 3656 unfortunately
995 3594 1051 3642 hills
1069 3595 1184 3653 another;
1202 3611 1230 3643 as
1246 3595 1327 3644 where
1344 3610 1357 3643 a

262 3685 320 3718 man
331 3670 353 3717 is
365 3677 389 3717 at
400 3672 468 3718 work
479 3672 538 3719 with
555 3689 569 3718 a
581 3673 678 3720 hatchet
690 3675 737 3722 and
746 3675 787 3723 the
801 3676 863 3724 head
882 3678 977 3726 thereos
993 3678 1046 3727 flios
1057 3677 1098 3737 off,
1107 3679 1155 3728 and
1171 3678 1251 3728 killsa
1262 3679 1355 3728 stander

261 3751 319 3817 by.’'
354 3753 509 3811 Blackstone,
521 3754 537 3800 l.
549 3754 580 3801 iv.
593 3771 618 3803 n.
633 3757 689 3804 183.

297 3838 337 3903 (3)
356 3839 382 3886 S.
395 3837 486 3886 Thom.
497 3838 540 3887 ubi
551 3855 630 3904 supra.
667 3839 779 3890 “When
792 3858 824 3892 an
843 3844 999 3910 involuntary
1011 3847 1099 3908 killing
1114 3848 1225 3911 happens
1237 3847 1263 3896 in
1276 3863 1356 3897 conse·

259 3939 355 3986 quence
367 3925 394 3972 of
408 3939 439 3972 an
453 3923 571 3973 unlawsul
584 3933 629 3984 act,
641 3927 660 3974 it
675 3926 725 3974 will
738 3928 767 3974 be
784 3927 861 3976 either
878 3930 974 3980 murder
985 3947 1012 3980 or
1023 3931 1214 3993 manslaughter,
1228 3931 1355 3990 according

260 4017 287 4058 to
296 4008 337 4056 the
350 4016 436 4056 nature
448 4011 475 4056 os
481 4009 522 4058 the
531 4017 570 4059 act
577 4011 658 4060 which
670 4011 813 4061 occasioned
825 4012 869 4062 it.”
905 4013 1061 4075 Blachstone,
1074 4017 1088 4066 l.
1102 4017 1134 4066 iv.
1146 4033 1171 4066 n.
1185 4018 1241 4067 193.

297 4093 338 4155 (l)
358 4092 438 4140 “The
450 4093 536 4154 hilling
551 4097 580 4144 of
586 4097 700 4146 ahuman
708 4098 781 4160 being
789 4099 893 4149 without
904 4117 918 4149 a
929 4102 1016 4163 design
1024 4111 1050 4152 to
1061 4101 1133 4152 affect
1145 4103 1225 4162 daath,
1237 4103 1264 4152 iu
1277 4101 1355 4152 ahaat

261 4176 289 4224 ol
296 4174 402 4240 passion,
414 4177 457 4224 but
467 4177 495 4225 in
506 4193 520 4225 a
533 4181 598 4228 cruel
610 4183 658 4230 and
672 4185 778 4233 unusual
790 4184 916 4233 mannar.''
953 4186 1046 4250 Chitty,
1059 4194 1125 4246 note,
1136 4203 1161 4236 n.
1177 4189 1232 4237 191.
