3046 5262
282 449 341 506 ete
710 441 767 500 DE
789 437 935 500 BELLO.

285 611 342 671 Dei
355 609 460 668 cultum
473 627 531 667 non
544 624 693 666 censemus
713 605 817 664 bellum
837 605 976 663 ullatenus
996 599 1183 669 inferendum,
1199 619 1288 674 quum
1306 620 1369 659 vcra

285 710 385 788 religio
398 727 455 766 non
468 709 505 767 sit
518 707 603 766 armis
617 703 774 764 dilatanda:
797 702 875 776 quod
888 712 981 760 autem
1002 699 1123 757 Carolus
1142 701 1186 758 M.
1201 701 1285 758 aliive
1297 702 1369 778 prin·

286 811 365 887 cipes
379 806 536 866 Christiani
548 805 676 865 hostibus
689 805 765 862 bello
777 802 892 862 domitis
909 798 1060 874 aliqnando
1070 800 1248 876 pepercerint
1267 817 1301 857 ea
1313 801 1369 875 lege

285 918 316 968 ut
328 925 407 966 sacra
417 905 579 964 Christiana
592 905 778 980 susciperent,
793 902 918 978 contigit,
939 899 1013 958 bello
1027 897 1105 956 illato
1125 898 1159 957 ad
1173 899 1302 975 gentium
1313 899 1369 956 bar-

285 1007 415 1066 bararum
429 1004 607 1082 repellendas
620 1003 806 1070 incursiones,
818 1002 919 1073 quibus
932 999 1029 1058 omnia
1041 997 1119 1056 crede
1132 997 1327 1073 repleverant;
1347 1007 1371 1054 et

285 1124 356 1188 pace
371 1123 507 1163 concessa
519 1123 553 1162 ea
565 1103 670 1160 ratione
684 1120 740 1174 qua
752 1101 861 1159 firmior
879 1099 951 1158 foret
969 1108 998 1156 et
1016 1097 1101 1155 tutior
1111 1090 1135 1154 :¹
1155 1115 1209 1153 nec
1228 1099 1307 1156 enim
1318 1097 1370 1154 bel·

285 1207 346 1265 lum
359 1205 504 1282 gerebatur
516 1201 551 1259 ad
563 1201 650 1258 fidem
663 1202 691 1259 vi
703 1198 902 1266 inducendam,
916 1217 969 1256 nec
989 1197 1091 1269 aliquis
1111 1195 1145 1254 ad
1159 1213 1240 1252 sacra
1252 1197 1370 1272 excipie-

287 1306 368 1363 batur
380 1303 435 1361 uisi
448 1302 499 1361 rite
513 1301 654 1358 institutus
668 1308 695 1356 et
707 1308 828 1374 parabis.
870 1298 938 1356 Pari
950 1295 985 1354 de
996 1313 1081 1354 causa
1090 1314 1146 1354 non
1156 1295 1224 1352 licet
1235 1291 1369 1353 hereticis

287 1403 393 1461 bellurn
407 1402 510 1459 inferre
523 1399 559 1456 ad
571 1397 730 1476 puniendos
743 1416 853 1455 errores
866 1405 962 1455 contra
981 1394 1078 1461 fidem,
1092 1395 1138 1451 vel
1151 1392 1186 1450 ad
1199 1393 1369 1452 reducendos

289 1521 340 1561 eos
351 1501 385 1559 ad
396 1499 492 1566 fidem,
504 1517 580 1566 nam,
591 1498 683 1556 civilis
692 1497 821 1572 gubernii
830 1515 887 1554 non
895 1493 1012 1553 estfidei
1022 1512 1135 1551 causam
1146 1493 1231 1550 armis
1242 1493 1341 1550 ulcisci
1348 1502 1372 1550 et

288 1616 466 1676 promovere.
509 1595 653 1654 Caeterum
667 1595 824 1653 Catholicis
839 1595 1108 1654 Mahumetanorum
1121 1591 1166 1650 vel
1179 1591 1371 1650 haereticorum

286 1695 435 1774 tyrannide
461 1695 567 1772 pressis
599 1693 824 1753 subveniendum
851 1691 1003 1766 aliquando
1029 1699 1201 1750 censuerunt
1231 1692 1370 1768 principes

286 1795 429 1854 Catholici
442 1815 480 1854 ex
492 1794 637 1853 communi
647 1796 711 1872 jure
726 1794 852 1869 gentium
866 1811 923 1866 quo
940 1801 1054 1868 gravato
1074 1790 1245 1849 succurritur
1259 1791 1370 1866 populo.

288 1895 367 1955 Hinc
381 1895 498 1953 Grotius
512 1893 546 1952 de
561 1892 734 1952 Christianis
748 1895 782 1951 ab
795 1893 915 1950 ethnicis
929 1891 1036 1966 pressis
1050 1890 1133 1948 dicit:
1161 1888 1250 1954 “Qui
1266 1889 1296 1946 in
1309 1889 1371 1946 tales

287 1997 415 2062 seviunt,
442 1995 498 2071 ipsi
523 1995 554 2052 in
576 2011 609 2050 ea
635 2012 719 2050 causa
744 2002 810 2050 sunt
834 2002 865 2050 ut
887 1990 981 2068 puniri
999 1991 1078 2066 juste
1097 1987 1227 2065 possint3
1253 1987 1329 2060 quod
1344 1987 1372 2044 'et

288 2094 411 2151 Thomae
438 2085 574 2149 videtur.l
613 2092 708 2164 Atque
729 2110 791 2149 earn
818 2091 854 2149 ob
877 2107 991 2148 causam
1017 2088 1224 2147 Constantinus
1251 2087 1369 2154 Licinio,

286 2193 469 2268 imperatores
495 2190 542 2247 alii
568 2189 666 2249 Persis
691 2190 797 2248 bellum
823 2189 993 2248 intulerunt:
1021 2205 1193 2260 quamquam
1216 2185 1279 2243 haec
1304 2186 1372 2243 bella

287 2293 378 2368 magis
393 2289 428 2347 ad
442 2290 633 2348 innocentium
648 2289 855 2356 defensionem,
870 2307 955 2361 quam
968 2285 1003 2343 ad
1016 2307 1107 2364 poenae
1121 2287 1300 2344 exactionem
1312 2303 1372 2361 per·

286 2382 422 2446 tinent.’'³
461 2387 496 2445 Id
507 2388 593 2445 licere
608 2388 747 2446 Vattelius
760 2387 860 2444 fatetur
872 2390 896 2446 si
917 2389 1051 2446 immanis
1065 2387 1101 2443 sit
1113 2381 1291 2461 oppressio.⁴
1329 2385 1371 2442 Ea

288 2486 323 2544 de
338 2503 422 2545 causa
442 2483 598 2543 Christiani
612 2487 765 2563 principes,
782 2485 957 2545 hortantibus
980 2485 1107 2545 Summis
1128 2483 1326 2551 Pontificibus,
1340 2481 1372 2539 ad

287 2584 512 2645 subveniendum
527 2583 697 2644 Christianis
713 2585 872 2643 Turcarum
890 2587 962 2663 jugo
984 2585 1100 2661 pressis,
1114 2583 1187 2641 bella
1200 2601 1263 2655 quae
1278 2580 1371 2640 dicun·

285 2695 330 2746 tur
345 2685 438 2745 Cruce
452 2684 646 2763 signatorum
660 2694 817 2764 gesserunt.
858 2683 989 2743 Accessit
1001 2703 1059 2742 suae
1068 2683 1202 2742 libertatis
1213 2681 1370 2748 solicitudo,

287 2805 324 2844 ne
347 2797 429 2845 aucto
450 2785 608 2844 Turcarum
629 2786 759 2862 irnperio,
780 2803 868 2861 regna
887 2783 984 2842 omnia
1004 2783 1225 2859 respublicaeque
1246 2781 1370 2858 Europae

286 2885 467 2942 conciderent
478 2879 502 2941 :⁵
522 2902 607 2955 quam
620 2890 687 2947 belli
701 2902 815 2942 causam
824 2885 930 2960 justam
941 2882 1099 2959 jurisperiti
1112 2869 1296 2958 agnoscunt.⁶

322 3052 363 3115 (l)
384 3049 448 3100 Vide
461 3047 566 3110 Bergier,
578 3048 661 3098 Traite
673 3049 703 3098 de
712 3050 735 3100 lu
743 3050 864 3113 Religion,
877 3051 929 3105 Vol.
938 3052 986 3102 viii
1000 3068 1021 3102 c.
1032 3067 1058 3101 x.
1069 3057 1112 3100 ert
1123 3051 1155 3100 iv.
1169 3050 1224 3108 §in

320 3135 361 3199 (2)
382 3137 405 3182 2.
417 3133 440 3182 2.
452 3149 475 3197 q.
487 3132 551 3182 cviii.
729 3136 770 3200 (3)
792 3137 830 3184 De
837 3137 894 3201 jure
906 3137 961 3187 belli
976 3144 1000 3187 et
1011 3135 1086 3201 pacis,
1098 3136 1111 3185 l.
1124 3135 1149 3184 ii.
1162 3150 1181 3184 c.
1194 3149 1235 3184 xx.
1244 3135 1305 3184 xlix.
1317 3137 1340 3182 2.

319 3215 360 3282 (4)
380 3223 394 3247 “
403 3214 489 3266 When
501 3231 515 3266 e
527 3216 628 3278 religion
640 3217 661 3267 is
672 3218 815 3283 persecutcd
825 3219 851 3268 in
863 3235 910 3268 one
921 3227 1033 3285 country,
1041 3220 1083 3269 the
1100 3219 1193 3280 foreign
1205 3219 1304 3268 ustione
1316 3218 1369 3267 who

283 3301 375 3368 profess
387 3302 406 3352 it
418 3318 472 3367 may
485 3302 606 3352 intercede
623 3303 660 3352 for
671 3303 732 3354 their
743 3303 870 3354 bretbren:
889 3305 933 3355 but
945 3304 993 3354 this
1006 3306 1027 3354 is
1044 3305 1075 3354 sll
1087 3304 1145 3369 tbey
1156 3320 1203 3354 can
1215 3305 1324 3369 lswfully
1335 3305 1372 3360 do,

283 3389 366 3438 unless
375 3387 416 3437 the
433 3387 588 3453 persecution
602 3389 632 3437 be
649 3389 739 3438 carried
751 3397 776 3438 to
794 3403 826 3438 au
843 3389 983 3439 intolersble
1000 3405 1100 3450 excess;
1118 3389 1177 3440 then
1194 3389 1282 3438 indeed
1298 3391 1318 3440 it
1336 3391 1372 3438 be·

282 3489 364 3523 eomes
376 3489 390 3522 a
402 3488 456 3522 csse
467 3472 496 3522 of
501 3473 614 3523 manifest
626 3474 772 3537 tyrenny,iu
784 3473 865 3524 which
877 3474 909 3524 all
920 3474 1018 3524 ustione
1035 3490 1075 3524 are
1092 3473 1219 3540 permitted
1231 3481 1256 3523 to
1274 3489 1373 3524 succour

283 3559 441 3625 enunbsppy
453 3560 546 3624 people.
580 3559 604 3607 A
617 3560 700 3620 regard
712 3568 737 3610 to
749 3560 811 3611 their
819 3575 876 3610 own
887 3561 963 3624 sefety
977 3576 1033 3626 may
1046 3559 1198 3610 aleoinduce
1209 3559 1277 3609 them
1295 3568 1372 3610 tous·

283 3645 381 3696 derteke
393 3645 434 3696 the
448 3645 547 3696 defense
558 3645 587 3697 uf
594 3644 634 3694 the
646 3645 812 3710 persecuted.’'
846 3645 906 3698 Low
919 3647 947 3696 of
955 3646 982 3698 N
984 3647 1070 3708 atione,
1082 3643 1099 3696 l.
1111 3646 1135 3696 li.
1147 3661 1168 3696 c.
1179 3646 1211 3698 iv·
1224 3649 1238 3705 ξ
1251 3649 1294 3698 62.

320 3731 362 3794 (6)
382 3735 396 3759 “
406 3727 444 3776 Le
456 3728 577 3776 necessus
590 3729 620 3777 de
638 3729 661 3779 lc
673 3746 758 3794 propre
770 3731 870 3781 defense
881 3739 906 3781 et
922 3733 946 3781 la
955 3747 1110 3782 convenence
1122 3731 1152 3781 de
1163 3731 1187 3780 le
1198 3731 1328 3789 diversion,
1338 3729 1373 3778 fu·

283 3819 338 3863 rent
349 3828 384 3862 un
396 3825 509 3860 nouveeu
521 3811 585 3874 sujet
595 3809 625 3860 de
643 3827 683 3860 ces
694 3827 799 3873 guerree,
811 3822 836 3862 ct
854 3814 1003 3866 fourniesent
1020 3829 1054 3866 un
1071 3830 1185 3864 nouveau
1199 3815 1257 3879 jour
1270 3829 1332 3879 pour
1340 3813 1373 3862 les

279 3898 383 3964 justifies
394 3895 542 3962 pleiuement
553 3910 602 3944 eux
611 3896 713 3959 yeuxde
723 3903 790 3947 toute
802 3914 922 3962 personne
934 3906 987 3950 tent
997 3899 1043 3950 soit
1052 3915 1101 3965 peu
1113 3898 1196 3949 verses
1207 3899 1270 3948 dans
1282 3901 1304 3949 le
1315 3896 1374 3947 droit

282 3984 312 4032 de
324 3984 347 4032 la
358 3983 416 4047 puix
427 3981 492 4031 etde
503 3982 526 4031 le
538 3979 646 4044 guerre.'’
681 3981 745 4031 Vide
754 3981 921 4034 Dictionnaire
938 3983 1080 4049 Historique
1096 3985 1127 4034 de
1139 3984 1226 4044 Peller,
1239 3991 1284 4036 ert.
1295 3983 1372 4032 Pierre

283 4069 326 4118 dit.
337 4058 456 4117 l’Eriuitc.

319 4151 361 4214 (6)
381 4156 394 4179 “
407 4148 548 4200 Whenerer
561 4157 645 4202 estete
657 4151 702 4202 has
715 4151 789 4214 giren
797 4152 865 4214 signs
877 4154 905 4202 of
910 4153 1030 4219 injustice,
1039 4155 1155 4220 repecity,
1166 4153 1242 4220 pride,
1254 4153 1375 4209 ambitiun,

281 4247 309 4281 or
318 4232 346 4280 of
351 4242 383 4280 an
394 4230 525 4294 imperious
537 4232 607 4282 thirst
618 4235 646 4284 of
654 4235 722 4294 rule;
740 4235 759 4285 it
766 4237 900 4286 becomess
911 4237 1049 4302 suspicions
1061 4237 1180 4300 neighbor
1191 4245 1216 4287 to
1227 4238 1258 4286 be
1269 4233 1372 4299 gnrrded

281 4316 393 4380 against:
412 4313 525 4365 end-ite
537 4315 635 4378 designs
646 4335 704 4382 may
721 4321 750 4368 be
762 4321 891 4385 presented
909 4323 940 4386 by
953 4323 1017 4372 force
1029 4323 1077 4372 sud
1087 4320 1225 4372 erms.”—“
1234 4323 1284 4372 Are
1300 4336 1336 4370 we
1346 4327 1372 4368 to

280 4399 402 4466 delaytbe
413 4399 523 4460 suerting
534 4400 612 4450 ofour
623 4402 679 4452 ruin
691 4403 727 4452 till
739 4403 758 4452 it
777 4407 889 4456 becomes
906 4407 1035 4458 ineviteble
1046 4406 1070 4457 !’'
1105 4407 1144 4458 De
1161 4407 1252 4468 Vattel,
1271 4408 1286 4458 l.
1306 4405 1339 4456 iii·
1350 4420 1373 4455 c.

280 4490 315 4541 iii.
323 4488 362 4538 44.
