3078 5258
278 457 338 516 216
495 455 551 514 DE
573 451 748 514 JEJUNIO
769 454 827 515 ET
847 455 1147 516 ABSTINENTIA.

277 637 328 695 per
342 621 467 691 quinque
481 620 565 678 horas
578 620 692 678 utilibus
713 617 814 678 studiis
827 631 936 689 vacant,
947 621 1088 679 immunes
1109 643 1125 679 a
1141 622 1253 699 jejunio
1271 641 1364 680 anon·

276 719 390 778 nemine
405 717 551 776 habentur.
595 719 736 778 Nonnulli
749 719 847 778 dicunt
865 721 1016 798 magistros
1031 720 1240 786 Grammaticis,
1256 725 1305 792 qui
1318 740 1364 797 per

277 825 396 888 quatuor
414 816 499 874 horas
512 816 625 885 docent,
639 835 698 876 non
711 821 799 876 teneri
814 820 944 896 jejunare
958 819 1109 894 plusquam
1122 821 1210 877 tribus
1224 819 1323 878 diebus
1337 822 1364 877 in

274 913 485 972 hebdomada.”
529 924 548 950 “
560 915 742 974 Excusantur
761 917 898 986 advocati,
917 919 1045 990 quicum
1055 919 1167 994 jejunio
1179 937 1238 976 non
1251 931 1366 996 possent

277 1011 438 1072 satisfacere
452 1015 511 1071 auis
524 1015 673 1072 edentibus
694 1025 809 1091 propter
828 1015 952 1074 studium
975 1035 1032 1088 quo
1052 1011 1229 1092 indigent,''¹
1242 1021 1288 1076 vel
1309 1040 1365 1078 cor·

276 1112 354 1187 poris
376 1113 555 1189 agitationem
579 1112 646 1172 dum
669 1132 767 1170 causas
790 1124 884 1191 agunt.
928 1115 1103 1173 Confessarii
1126 1136 1177 1192 per
1198 1127 1263 1174 octo
1284 1120 1364 1177 horas

278 1211 453 1285 excipientes
467 1211 672 1278 confessiones,
687 1223 860 1271 excusantur
872 1215 896 1270 si
917 1214 972 1289 ipsi
986 1214 1042 1271 sint
1063 1216 1102 1272 ita
1115 1215 1233 1283 debiles,
1247 1226 1279 1273 ut
1294 1221 1364 1296 jeju·

278 1319 378 1367 nantes
392 1320 535 1381 nequeant
547 1309 577 1367 id
595 1311 721 1368 muneris
735 1313 862 1388 explere.
906 1312 1047 1370 Caeterum
1061 1313 1187 1390 praedicti
1200 1333 1299 1374 omnes
1312 1318 1365 1374 lec·

280 1416 365 1473 tores,
380 1406 553 1476 scholastici,
568 1409 623 1467 dcc.
639 1418 745 1467 tantum
761 1413 887 1469 excusati
908 1411 1031 1471 habendi
1043 1424 1118 1480 sunt,
1133 1413 1247 1485 quando
1261 1425 1366 1474 constat

278 1523 328 1564 eos
342 1522 400 1562 non
413 1524 498 1581 posse
507 1508 647 1583 jejunare,
670 1515 699 1564 et
718 1527 769 1564 sua
788 1510 865 1566 obire
884 1511 991 1566 munia.
1032 1513 1066 1569 In
1086 1511 1173 1568 dubio
1185 1509 1366 1590 praesumptio

280 1611 335 1660 stat
347 1620 401 1677 pro
414 1603 487 1678 lege,
503 1622 589 1674 quum
604 1605 731 1680 ipsorum
744 1606 821 1662 labor
834 1606 1002 1682 plerumque
1016 1628 1073 1667 non
1086 1610 1123 1666 sit
1136 1613 1239 1687 gravis.

317 1703 365 1757 59.
387 1699 569 1758 Excusantur
581 1704 602 1760 ii
615 1705 664 1776 qui
685 1703 714 1760 in
735 1712 870 1780 potestate
884 1707 1102 1781 patris-familias
1117 1720 1191 1775 sunt,
1206 1728 1281 1768 uxor
1296 1713 1366 1770 scili·

279 1807 334 1866 cet,
348 1797 400 1857 filii
414 1799 579 1873 famulique,
594 1804 619 1859 si
633 1813 780 1860 vescantur
792 1803 863 1861 cibis
876 1805 931 1880 ipsi
945 1808 1103 1881 permissis,
1123 1811 1234 1881 quoties
1247 1821 1366 1884 nequeat

283 1898 329 1955 vel
342 1898 414 1955 nolit
426 1899 542 1976 epulum
556 1902 675 1960 esuriale
689 1903 724 1960 iis
735 1897 860 1979 parare.²
900 1904 985 1970 Quod
998 1906 1023 1962 si
1033 1907 1244 1982 pater-familias
1259 1911 1365 1968 acatho-

280 1996 353 2054 licus
377 1997 423 2065 sit,
447 1998 493 2054 vel
512 1999 679 2058 catholicam
700 2002 862 2077 profiteatur
880 2004 1059 2080 religionem,
1081 2006 1150 2079 quin
1175 2007 1210 2064 de
1231 2009 1364 2066 servando

278 2093 390 2171 jejunio
404 2105 491 2163 curet,
505 2115 563 2154 non
577 2097 642 2156 ideo
655 2101 863 2158 excusabuntur
876 2103 925 2174 qui
938 2103 969 2159 in
982 2105 1045 2181 ejus
1066 2115 1131 2162 sunt
1150 2117 1298 2182 potestate,
1315 2108 1365 2164 nisi

282 2192 362 2250 cibos
382 2193 519 2250 esuriales
539 2207 683 2268 nequeant
701 2198 823 2257 habere:
845 2201 899 2258 alia
918 2202 995 2260 enim
1015 2214 1058 2261 est
1076 2204 1146 2262 ratio
1166 2206 1243 2264 illius
1264 2209 1312 2279 qui
1332 2207 1365 2263 ob

282 2309 393 2362 equam
408 2311 522 2350 causam
536 2313 572 2352 ex
587 2295 727 2354 Ecclesiae
747 2298 920 2374 indulgentia
927 2303 1058 2361 carnibus
1078 2303 1174 2372 utitur,
1188 2307 1271 2382 cujus
1284 2307 1363 2381 privi-

279 2387 385 2461 legium
396 2391 504 2446 caeteris
513 2396 738 2452 communicatur
748 2397 852 2468 absque
863 2401 1034 2458 auctoritatis
1048 2403 1246 2462 ecclesiast-iou
1256 2406 1362 2481 injuria

280 2484 336 2542 alia
350 2485 424 2546 illius
440 2489 489 2559 qui
502 2488 575 2546 hanc
588 2491 669 2550 nihili
682 2493 800 2562 faciens,
821 2499 954 2574 exemplo
976 2519 1029 2559 suo
1050 2511 1077 2558 et
1095 2503 1183 2578 gratia
1196 2522 1263 2560 suos
1277 2504 1361 2579 alege

281 2583 421 2642 servanda
433 2597 557 2644 avertere
572 2591 680 2661 quaerit.
723 2591 844 2651 Constet
853 2607 946 2655 autem
955 2597 1195 2676 dispensationem
1205 2603 1288 2660 alicui
1297 2621 1357 2660 con·

282 2699 403 2752 cessam,
419 2687 468 2757 qui
481 2689 694 2763 pater-familias
709 2711 766 2750 non
780 2694 826 2760 sit,
847 2713 875 2752 v.
896 2716 924 2772 g.
945 2699 995 2755 uni
1015 2718 1052 2758 ex
1071 2701 1148 2767 filiis,
1167 2719 1225 2760 non
1246 2719 1307 2759 esse
1324 2721 1362 2758 ra·

280 2783 396 2852 tionem,
411 2803 462 2843 cur
473 2789 567 2844 caeteri
580 2808 596 2844 a
607 2791 745 2848 servanda
757 2792 819 2869 lege
832 2789 1002 2854 solvantur.³
1108 2779 1110 2782 Ι

317 2885 365 2938 60.
388 2881 461 2941 Haec
479 2885 615 2960 pleraque
635 2906 672 2946 ex
693 2890 724 2946 S.
744 2890 895 2967 Alphonso
915 2893 1086 2974 de'Ligorio
1106 2899 1282 2976 collegimus,
1303 2921 1360 2974 quae

276 2977 428 3038 ostendunt
436 2983 571 3056 plurimas
592 3003 656 3044 esse
676 3007 776 3045 causas
792 2990 897 3066 jejunii
909 2995 1031 3071 rigorem
1045 2997 1205 3057 relaxandi:
1229 3002 1327 3073 quibus
1339 3002 1361 3058 si

280 3077 445 3156 adjiciamus
459 3081 613 3153 peculiaria
626 3086 773 3160 regionum
788 3087 887 3146 harum
900 3093 1042 3169 adjuncta,
1050 3095 1131 3153 facile
1144 3100 1249 3172 patebit
1261 3119 1361 3176 paucos

278 3175 312 3232 ad
321 3176 506 3252 hanclegem‚
518 3199 580 3252 quse
590 3183 660 3240 olim
670 3193 726 3242 tam
740 3195 813 3244 arcte
822 3192 992 3261 servabatur,
1002 3193 1099 3252 haberi
1109 3197 1257 3273 obligatos.
1279 3199 1362 3256 Pleri-

281 3292 336 3346 que
350 3275 476 3350 prosecto
490 3277 588 3336 fideles
598 3280 676 3340 hisce
690 3285 720 3340 in
730 3287 885 3361 provinciis
895 3291 939 3347 vel
948 3292 1073 3351 colendis
1084 3293 1169 3370 agria,
1180 3296 1226 3353 vel
1236 3298 1283 3355 alii
1291 3299 1362 3374 gravi

278 3371 367 3430 labori
379 3384 479 3432 vacant
491 3396 498 3444 ;
512 3384 787 3455 praeterquamquod
800 3386 856 3442 cibi
864 3390 998 3448 esuriales
1008 3393 1110 3463 quibus
1124 3395 1214 3452 semel
1226 3415 1278 3472 per
1290 3397 1360 3455 diem

277 3489 396 3531 vescens
417 3475 481 3546 quis
502 3479 569 3535 satis
589 3479 739 3550 reficiatur,
761 3502 819 3542 non
838 3485 919 3544 facile
942 3501 1156 3567 comparantur3
1177 3513 1231 3552 nec
1244 3497 1319 3554 succi
1337 3506 1362 3553 et

277 3572 441 3631 nutrimenti
462 3575 709 3652 plurimumque
730 3601 766 3640 ex
787 3584 849 3642 solo
868 3585 1039 3647 Americano
1056 3601 1218 3660 nascuntur,
1242 3594 1362 3653 dicantur

278 3669 433 3725 continere.
477 3672 546 3730 Ideo
559 3677 745 3736 missionariis
759 3681 916 3742 cavendum
930 3696 981 3756 est,
993 3707 1029 3746 ne
1043 3693 1220 3750 occasionem
1231 3693 1359 3770 peccandi

278 3764 418 3838 aliquibus
432 3785 469 3824 ex
488 3786 581 3826 errore
601 3776 752 3847 praebeant,
773 3784 861 3840 veteri
881 3782 1038 3862 disciplinae
1062 3791 1166 3848 arctius
1187 3791 1358 3858 inhaerend03

279 3865 408 3938 quamvis
422 3869 620 3928 commendare
634 3890 710 3951 saepe
724 3888 852 3952 oporteat
863 3882 993 3943 fidelibus
1005 3889 1178 3963 penitentie
1191 3891 1322 3961 studium,
1334 3900 1359 3948 et

279 3973 436 4026 accuratam
449 3966 521 4046 legis
531 3970 636 4047 jejunii
649 3973 864 4048 observantiam,
886 3993 1024 4054 quatenus
1038 4005 1090 4062 pro
1103 4006 1154 4046 sua
1167 3991 1323 4050 valetudine
1334 4000 1358 4049 et

274 4060 418 4120 laboribus
432 4077 573 4140 poterunt.
614 4073 799 4135 Abstinentiae
810 4079 943 4156 obligatio
957 4086 1041 4144 tutius
1055 4087 1221 4158 inculcatur,
1236 4091 1356 4164 quamvis

442 4268 485 4334 (1)
496 4269 522 4320 s.
534 4271 608 4336 arpi.
623 4277 638 4325 ι.
649 4277 683 4328 nt.
699 4279 769 4330 mn.

442 4352 868 4440 (a)sroennusrcnarsat.
1038 4373 1078 4438 (a)
1096 4373 1196 4425 niuem.
