3046 5262
1225 443 1231 456 1

322 480 380 540 DE
401 477 555 539 LEGUM
577 475 773 539 CIVILIUM
794 477 1095 542 OBLIGATIONE.
1195 473 1254 555 217

162 645 292 724 singulos
312 646 399 714 eires,
412 645 495 721 ligari
508 643 565 702 illis
577 642 699 720 legibus,
719 661 806 716 quum
826 651 951 720 potestas
971 662 1027 717 qua
1038 641 1165 704 seruntur
1177 665 1193 703 a
1205 663 1255 723 po·

163 746 235 822 puio
248 747 313 822 ipso
325 744 498 811 manaverit3
520 741 597 815 quod
610 743 675 800 siin
688 741 806 802 dubium
817 751 963 802 revocetur
971 752 1064 801 utrum
1073 742 1254 822 congressus

164 863 198 903 ea
212 845 316 901 abusus
336 845 383 911 eit,
397 840 556 900 remedium
570 857 731 918 superesse,
753 841 944 901 controversie
962 840 1128 902 deducenda
1146 841 1182 900 ed
1195 842 1255 903 Ou-

162 945 233 1002 riam
245 943 428 1018 Supremam,
437 959 523 1014 quam
533 940 714 1017 interpretem
722 939 876 1016 predicant
885 939 1103 1000 constitutionis
1113 941 1254 1018 essegum,

161 1043 276 1100 arbitrio
298 1059 413 1100 summo
431 1039 588 1116 preditam,
602 1039 683 1116 cujus
705 1039 845 1098 renuntia
864 1056 975 1107 omnes,
989 1047 1049 1098 tum
1071 1041 1177 1108 Statura,
1192 1051 1252 1102 tum

166 1142 254 1210 cives,
270 1139 370 1198 dicunt
388 1139 480 1215 ligari.
521 1136 608 1205 Quod
630 1138 656 1195 si
678 1137 773 1212 Status
787 1137 890 1210 aliquis
910 1157 942 1196 se
964 1155 998 1196 ea
1019 1142 1128 1216 gravari
1141 1140 1253 1208 sentiat,

163 1257 220 1298 non
235 1239 339 1316 poterit
359 1236 465 1295 idcirco
485 1234 726 1295 constitutionem
739 1237 855 1306 violare,
869 1237 925 1314 legi
945 1235 991 1294 vel
1010 1240 1155 1298 sententie
1168 1241 1253 1298 rosis·

162 1337 270 1404 tendo;
290 1335 340 1394 sed
358 1335 535 1414 expectanda
553 1335 607 1392 erit
626 1333 846 1393 Constitutionis
865 1334 1035 1404 emendatio,
1055 1357 1119 1410 quae
1138 1339 1254 1397 nonnisi

164 1437 254 1494 tribus
269 1454 306 1493 ex
320 1445 436 1507 quatuor
448 1435 573 1512 partibus
592 1433 723 1492 omnium
741 1434 873 1492 Statuam
888 1436 1130 1494 consentientibus
1150 1439 1255 1512 potent

162 1531 252 1594 lieri.l
277 1534 311 1592 In
318 1533 545 1612 gravissimahac
556 1531 769 1609 disceptatione,
779 1532 1099 1607 quoesliqnandocivilis
1107 1533 1254 1612 belliperi·

163 1634 228 1693 culo
241 1632 319 1692 haud
331 1633 428 1701 caruit,
443 1631 548 1709 singrdi
560 1633 637 1690 cives
650 1641 783 1712 poterunt
796 1652 858 1691 eam
872 1633 1113 1706 sententiamque
1127 1633 1182 1692 sibi
1191 1635 1253 1692 visa

162 1733 246 1792 suerit
258 1733 367 1805 oequior
379 1733 477 1805 sequi;
498 1730 543 1788 vel
556 1729 728 1790 dubitatione
748 1741 880 1790 manente
900 1731 1002 1804 cuique
1014 1732 1111 1792 licebit
1123 1733 1253 1808 potestati

163 1833 208 1893 oui
218 1833 317 1890 subest
329 1832 540 1908 obtemperare:
562 1831 612 1889 vix
625 1831 702 1890 enim
716 1831 820 1908 poterit
833 1830 922 1889 teneri
941 1847 1006 1888 oum
1026 1831 1195 1908 gravissimo
1208 1831 1253 1889 sui

163 1931 327 1990 discrimine
340 1931 386 1988 vel
399 1929 578 1998 detrimento,
592 1931 623 1990 in
641 1948 672 1988 re
692 1929 778 1988 dubia
796 1930 917 2005 imperio
936 1929 1077 1988 resistere.
1119 1927 1154 1987 Id
1167 1930 1252 1988 etiem

164 2027 317 2088 dicendum
337 2038 479 2106 putamus,
498 2028 566 2089 licet
587 2029 651 2102 quis
670 2027 725 2088 sibi
747 2047 916 2106 persuasum
938 2025 1068 2088 habuerit
1088 2029 1180 2087 Statui
1194 2047 1253 2090 non

161 2129 251 2188 licere
272 2127 339 2201 quid
360 2137 494 2187 attentare
519 2138 617 2186 contra
635 2129 731 2204 legem
753 2127 951 2204 Congressus;
971 2146 1037 2186 nam
1059 2147 1117 2187 non
1143 2136 1253 2186 tenetur

161 2229 285 2306 propriae
298 2211 443 2286 sententiae
456 2226 595 2285 inherere
608 2228 639 2285 in
658 2246 688 2285 re
708 2237 896 2296 controversa,
911 2227 1002 2295 Statu,
1017 2228 1097 2305 cujus
1111 2237 1155 2285 est
1167 2227 1249 2293 civis,

155 2345 324 2404 supremam
347 2328 401 2386 eibi
420 2326 581 2388 vindicante
601 2336 778 2403 potestatem.
820 2325 906 2393 Quod
925 2327 950 2384 si
968 2326 1130 2404 juramento
1152 2343 1183 2383 se
1204 2324 1252 2384 ad·

162 2427 309 2486 strinxerit
327 2426 362 2484 ad
383 2424 637 2503 obtemperandum
657 2427 799 2506 Supremo
823 2425 971 2484 Gubemio
990 2425 1133 2494 foederatm
1153 2443 1200 2484 res
1219 2425 1252 2482 fit

162 2525 316 2592 diffieilior,
330 2525 398 2583 dum
412 2525 498 2603 hujus
513 2525 597 2604 jussa
616 2526 661 2584 sui
674 2526 771 2585 Status
791 2525 912 2602 imperio
931 2535 1106 2602 repugnant:
1128 2534 1251 2582 attamen

161 2644 249 2698 quum
259 2627 450 2703 juramentum
464 2623 629 2702 hujusmodi
642 2622 856 2703 intelligendum
869 2624 906 2680 sit
914 2625 997 2700 juxta
1010 2623 1250 2682 Constitutionem

161 2736 191 2784 et
204 2723 385 2781 conditiones
398 2723 520 2791 foederis,
533 2723 577 2782 ris
600 2724 662 2799 ejus
675 2724 788 2780 infirma
800 2721 910 2779 videtur
922 2721 952 2778 in
965 2721 1001 2777 iis
1015 2720 1050 2778 de
1064 2719 1167 2792 quibus
1181 2719 1251 2778 adeo

161 2822 350 2881 vehementer
361 2823 581 2881 controvertitur.
623 2819 714 2898 Igitur
725 2840 783 2880 non
792 2818 928 2877 audemus
941 2835 1007 2876 eum
1015 2817 1147 2876 damnare
1158 2817 1249 2876 Stetui

159 2923 412 3000 obtemperantem.

159 3097 202 3148 tbe
212 3095 272 3146 final
284 3095 448 3145 construction
461 3095 490 3143 of
503 3094 574 3153 iactr,
585 3109 613 3144 or
623 3095 652 3143 ot
665 3095 707 3144 the
718 3096 778 3144 laws
789 3110 816 3143 or
826 3092 962 3144 treatiemos
975 3092 1017 3142 the
1028 3093 1128 3150 retient
1143 3091 1187 3144 but
1198 3093 1252 3143 that

159 3183 208 3232 this
219 3197 303 3246 power
313 3197 368 3244 moy
378 3182 409 3231 be
420 3179 543 3230 exercised
554 3180 581 3229 iu
593 3179 635 3230 the
646 3180 693 3231 last
703 3188 779 3230 resort
789 3183 821 3242 by
833 3179 875 3228 the
885 3186 969 3228 oourts
980 3178 1009 3226 os
1015 3194 1086 3241 every
1096 3186 1156 3228 stato
1167 3179 1194 3228 iu
1207 3177 1248 3228 tbe

159 3265 269 3320 Union.”
304 3263 432 3317 Cobcner.
449 3265 597 3334 Varginimb
610 3263 748 3315 WbeotR.
760 3265 816 3312 264.
1180 3305 1182 3310 .

194 3353 220 3417 (1
226 3363 235 3414 )
253 3351 328 3402 Hono
338 3351 484 3402 sententium
496 3358 635 3420 propugnat
647 3350 749 3410 Storius,
762 3347 859 3396 Comm.
872 3345 959 3396 Conet.
967 3343 999 3394 U.
1008 3344 1096 3404 Stetes,
1109 3345 1123 3396 i.
1131 3344 1164 3394 iii.
1172 3361 1193 3394 o.
1201 3345 1232 3392 iv.
