<?xml version="1.0" encoding="UTF-8"?>
<!DOCTYPE html PUBLIC "-//W3C//DTD XHTML 1.0 Transitional//EN"
    "http://www.w3.org/TR/xhtml1/DTD/xhtml1-transitional.dtd">
<html xmlns="http://www.w3.org/1999/xhtml" xml:lang="en" lang="en">
 <head>
  <title>
</title>
<meta http-equiv="Content-Type" content="text/html;charset=utf-8" />
  <meta name='ocr-system' content='tesseract 3.04.00' />
  <meta name='ocr-capabilities' content='ocr_page ocr_carea ocr_par ocr_line ocrx_word'/>
</head>
<body>
  <div class='ocr_page' id='page_1' title='image "./theologiaemoral03kenrgoog_0010.png"; bbox 0 0 3146 5266; ppageno 0'>
   <div class='ocr_carea' id='block_1_1' title="bbox 650 1480 892 1504">
    <p class='ocr_par' dir='ltr' id='par_1_1' title="bbox 650 1480 892 1504">
     <span class='ocr_line' id='line_1_1' title="bbox 650 1480 892 1504; baseline 0.012 -3"><span class='ocrx_word' id='word_1_1' title='bbox 650 1480 892 1504; x_wconf 70' lang='grc' dir='ltr'>ί-Ι--ι-ιι</span> 
     </span>
    </p>
   </div>
   <div class='ocr_carea' id='block_1_2' title="bbox 229 1656 1322 2031">
    <p class='ocr_par' dir='ltr' id='par_1_2' title="bbox 229 1656 1322 2031">
     <span class='ocr_line' id='line_1_2' title="bbox 282 1656 1322 1776; baseline 0.032 -47"><span class='ocrx_word' id='word_1_2' title='bbox 282 1656 490 1736; x_wconf 76' lang='lat' dir='ltr'>Pnnrrcro</span> <span class='ocrx_word' id='word_1_3' title='bbox 518 1687 625 1762; x_wconf 89' lang='lat' dir='ltr'>opere</span> <span class='ocrx_word' id='word_1_4' title='bbox 645 1668 689 1740; x_wconf 94' lang='lat' dir='ltr'>de</span> <span class='ocrx_word' id='word_1_5' title='bbox 708 1671 910 1772; x_wconf 85' lang='lat' dir='ltr'>Theologia</span> <span class='ocrx_word' id='word_1_6' title='bbox 928 1671 1146 1776; x_wconf 85' lang='lat' dir='ltr'>Dogmatiea</span> <span class='ocrx_word' id='word_1_7' title='bbox 1164 1687 1199 1759; x_wconf 91' lang='lat' dir='ltr'>id</span> <span class='ocrx_word' id='word_1_8' title='bbox 1217 1691 1322 1764; x_wconf 86' lang='lat' dir='ltr'>nobis</span> 
     </span>
     <span class='ocr_line' id='line_1_3' title="bbox 229 1793 1318 1902; baseline 0.035 -46"><span class='ocrx_word' id='word_1_9' title='bbox 229 1793 453 1883; x_wconf 88' lang='lat' dir='ltr'>propositum</span> <span class='ocrx_word' id='word_1_10' title='bbox 479 1803 533 1866; x_wconf 88' lang='lat' dir='ltr'>est</span> <span class='ocrx_word' id='word_1_11' title='bbox 566 1799 823 1892; x_wconf 86' lang='lat' dir='ltr'>aliquantulum</span> <span class='ocrx_word' id='word_1_12' title='bbox 852 1811 1086 1902; x_wconf 87' lang='lat' dir='ltr'>requiescere,</span> <span class='ocrx_word' id='word_1_13' title='bbox 1115 1823 1150 1886; x_wconf 88' lang='lat' dir='ltr'>et</span> <span class='ocrx_word' id='word_1_14' title='bbox 1175 1825 1318 1895; x_wconf 87' lang='lat' dir='ltr'>nonnisi</span> 
     </span>
     <span class='ocr_line' id='line_1_4' title="bbox 233 1921 1322 2031; baseline 0.035 -45"><span class='ocrx_word' id='word_1_15' title='bbox 233 1925 318 2010; x_wconf 90' lang='lat' dir='ltr'>post</span> <span class='ocrx_word' id='word_1_16' title='bbox 334 1921 471 2016; x_wconf 84' lang='lat' dir='ltr'>aliquot</span> <span class='ocrx_word' id='word_1_17' title='bbox 483 1949 596 1999; x_wconf 87' lang='lat' dir='ltr'>annos</span> <span class='ocrx_word' id='word_1_18' title='bbox 612 1930 649 2000; x_wconf 91' lang='lat' dir='ltr'>in</span> <span class='ocrx_word' id='word_1_19' title='bbox 666 1926 783 2003; x_wconf 87' lang='lat' dir='ltr'>lucem</span> <span class='ocrx_word' id='word_1_20' title='bbox 796 1933 902 2005; x_wconf 88' lang='lat' dir='ltr'>edere</span> <span class='ocrx_word' id='word_1_21' title='bbox 915 1961 995 2031; x_wconf 87' lang='lat' dir='ltr'>quae</span> <span class='ocrx_word' id='word_1_22' title='bbox 1009 1940 1053 2011; x_wconf 90' lang='lat' dir='ltr'>de</span> <span class='ocrx_word' id='word_1_23' title='bbox 1066 1939 1200 2018; x_wconf 86' lang='lat' dir='ltr'>Ethioe</span> <span class='ocrx_word' id='word_1_24' title='bbox 1218 1974 1322 2024; x_wconf 86' lang='lat' dir='ltr'>sacra</span> 
     </span>
    </p>
   </div>
   <div class='ocr_carea' id='block_1_3' title="bbox 228 2053 1323 2578">
    <p class='ocr_par' dir='ltr' id='par_1_3' title="bbox 228 2053 1323 2578">
     <span class='ocr_line' id='line_1_5' title="bbox 228 2053 1319 2156; baseline 0.033 -37"><span class='ocrx_word' id='word_1_25' title='bbox 228 2053 433 2142; x_wconf 89' lang='lat' dir='ltr'>paravimus</span> <span class='ocrx_word' id='word_1_26' title='bbox 459 2057 648 2131; x_wconf 87' lang='lat' dir='ltr'>volumina.</span> <span class='ocrx_word' id='word_1_27' title='bbox 701 2057 839 2137; x_wconf 90' lang='lat' dir='ltr'>Verum</span> <span class='ocrx_word' id='word_1_28' title='bbox 866 2067 1089 2145; x_wconf 87' lang='lat' dir='ltr'>alumnorum</span> <span class='ocrx_word' id='word_1_29' title='bbox 1126 2075 1319 2156; x_wconf 84' lang='lat' dir='ltr'>Seminarii</span> 
     </span>
     <span class='ocr_line' id='line_1_6' title="bbox 230 2190 1319 2294; baseline 0.036 -39"><span class='ocrx_word' id='word_1_30' title='bbox 230 2191 343 2260; x_wconf 83' lang='lat' dir='ltr'>nostri</span> <span class='ocrx_word' id='word_1_31' title='bbox 362 2190 556 2266; x_wconf 88' lang='lat' dir='ltr'>dioeoesani</span> <span class='ocrx_word' id='word_1_32' title='bbox 572 2199 743 2272; x_wconf 82' lang='lat' dir='ltr'><strong>utilitates</strong></span> <span class='ocrx_word' id='word_1_33' title='bbox 768 2203 930 2276; x_wconf 85' lang='lat' dir='ltr'>secarunt</span> <span class='ocrx_word' id='word_1_34' title='bbox 945 2215 985 2279; x_wconf 90' lang='lat' dir='ltr'>ut</span> <span class='ocrx_word' id='word_1_35' title='bbox 1001 2233 1113 2284; x_wconf 83' lang='lat' dir='ltr'>morae</span> <span class='ocrx_word' id='word_1_36' title='bbox 1131 2219 1319 2294; x_wconf 85' lang='lat' dir='ltr'>eonsilium</span> 
     </span>
     <span class='ocr_line' id='line_1_7' title="bbox 232 2316 1320 2448; baseline 0.036 -61"><span class='ocrx_word' id='word_1_37' title='bbox 232 2316 518 2412; x_wconf 85' lang='lat' dir='ltr'>deponeremus:</span> <span class='ocrx_word' id='word_1_38' title='bbox 557 2351 640 2399; x_wconf 91' lang='lat' dir='ltr'>nam</span> <span class='ocrx_word' id='word_1_39' title='bbox 670 2339 776 2405; x_wconf 88' lang='lat' dir='ltr'>aucto</span> <span class='ocrx_word' id='word_1_40' title='bbox 820 2335 1063 2414; x_wconf 89' lang='lat' dir='ltr'>studiosorum</span> <span class='ocrx_word' id='word_1_41' title='bbox 1109 2343 1320 2448; x_wconf 82' lang='lat' dir='ltr'>Theologiae</span> 
     </span>
     <span class='ocr_line' id='line_1_8' title="bbox 229 2456 1323 2578; baseline 0.034 -58"><span class='ocrx_word' id='word_1_42' title='bbox 229 2474 392 2541; x_wconf 92' lang='lat' dir='ltr'>numer0,</span> <span class='ocrx_word' id='word_1_43' title='bbox 412 2456 495 2531; x_wconf 86' lang='lat' dir='ltr'>libri</span> <span class='ocrx_word' id='word_1_44' title='bbox 514 2461 665 2535; x_wconf 86' lang='lat' dir='ltr'>deerant</span> <span class='ocrx_word' id='word_1_45' title='bbox 681 2467 810 2559; x_wconf 91' lang='lat' dir='ltr'>quibus</span> <span class='ocrx_word' id='word_1_46' title='bbox 827 2477 1024 2562; x_wconf 85' lang='lat' dir='ltr'>uterentur,</span> <span class='ocrx_word' id='word_1_47' title='bbox 1042 2499 1110 2549; x_wconf 88' lang='lat' dir='ltr'>nec</span> <span class='ocrx_word' id='word_1_48' title='bbox 1137 2485 1240 2578; x_wconf 90' lang='lat' dir='ltr'>copia</span> <span class='ocrx_word' id='word_1_49' title='bbox 1257 2486 1323 2558; x_wconf 85' lang='lat' dir='ltr'>luit</span> 
     </span>
    </p>
   </div>
   <div class='ocr_carea' id='block_1_4' title="bbox 229 2593 1319 2982">
    <p class='ocr_par' dir='ltr' id='par_1_4' title="bbox 229 2593 1319 2982">
     <span class='ocr_line' id='line_1_9' title="bbox 231 2593 1317 2718; baseline 0.033 -58"><span class='ocrx_word' id='word_1_50' title='bbox 231 2614 292 2664; x_wconf 87' lang='lat' dir='ltr'>eos</span> <span class='ocrx_word' id='word_1_51' title='bbox 306 2593 343 2665; x_wconf 92' lang='lat' dir='ltr'>in</span> <span class='ocrx_word' id='word_1_52' title='bbox 370 2595 439 2668; x_wconf 88' lang='lat' dir='ltr'>hac</span> <span class='ocrx_word' id='word_1_53' title='bbox 470 2603 617 2696; x_wconf 85' lang='lat' dir='ltr'>regione</span> <span class='ocrx_word' id='word_1_54' title='bbox 645 2612 887 2704; x_wconf 86' lang='lat' dir='ltr'>comparandi,</span> <span class='ocrx_word' id='word_1_55' title='bbox 915 2637 953 2684; x_wconf 88' lang='lat' dir='ltr'>re</span> <span class='ocrx_word' id='word_1_56' title='bbox 980 2618 1090 2688; x_wconf 88' lang='lat' dir='ltr'>semel</span> <span class='ocrx_word' id='word_1_57' title='bbox 1119 2622 1317 2718; x_wconf 84' lang='lat' dir='ltr'>iterumque</span> 
     </span>
     <span class='ocr_line' id='line_1_10' title="bbox 230 2727 1319 2848; baseline 0.034 -59"><span class='ocrx_word' id='word_1_58' title='bbox 230 2727 375 2795; x_wconf 88' lang='lat' dir='ltr'>tentata.</span> <span class='ocrx_word' id='word_1_59' title='bbox 429 2727 560 2803; x_wconf 91' lang='lat' dir='ltr'>Prodit</span> <span class='ocrx_word' id='word_1_60' title='bbox 582 2736 691 2830; x_wconf 82' lang='lat' dir='ltr'>igitur</span> <span class='ocrx_word' id='word_1_61' title='bbox 717 2741 754 2810; x_wconf 92' lang='lat' dir='ltr'>in</span> <span class='ocrx_word' id='word_1_62' title='bbox 779 2741 895 2812; x_wconf 85' lang='lat' dir='ltr'>lucem</span> <span class='ocrx_word' id='word_1_63' title='bbox 921 2747 1074 2838; x_wconf 92' lang='lat' dir='ltr'>primum</span> <span class='ocrx_word' id='word_1_64' title='bbox 1107 2747 1319 2848; x_wconf 83' lang='lat' dir='ltr'>Theologiae</span> 
     </span>
     <span class='ocr_line' id='line_1_11' title="bbox 229 2861 1319 2982; baseline 0.019 -49"><span class='ocrx_word' id='word_1_65' title='bbox 229 2861 385 2936; x_wconf 90' lang='lat' dir='ltr'>Moralis</span> <span class='ocrx_word' id='word_1_66' title='bbox 420 2866 611 2954; x_wconf 89' lang='lat' dir='ltr'>Volumen‚</span> <span class='ocrx_word' id='word_1_67' title='bbox 649 2869 756 2941; x_wconf 92' lang='lat' dir='ltr'>veluti</span> <span class='ocrx_word' id='word_1_68' title='bbox 790 2874 959 2966; x_wconf 84' lang='lat' dir='ltr'>auspiciis</span> <span class='ocrx_word' id='word_1_69' title='bbox 998 2875 1036 2982; x_wconf 25' lang='lat' dir='ltr'>S..</span> <span class='ocrx_word' id='word_1_70' title='bbox 1072 2877 1196 2951; x_wconf 87' lang='lat' dir='ltr'>Caroli</span> <span class='ocrx_word' id='word_1_71' title='bbox 1225 2879 1319 2955; x_wconf 93' lang='lat' dir='ltr'>Bor-</span> 
     </span>
    </p>
   </div>
   <div class='ocr_carea' id='block_1_5' title="bbox 223 2999 1319 3506">
    <p class='ocr_par' dir='ltr' id='par_1_5' title="bbox 223 2999 1319 3506">
     <span class='ocr_line' id='line_1_12' title="bbox 224 2999 1315 3097; baseline 0.019 -32"><span class='ocrx_word' id='word_1_72' title='bbox 224 2999 359 3083; x_wconf 88' lang='lat' dir='ltr'>romaei,</span> <span class='ocrx_word' id='word_1_73' title='bbox 379 3021 484 3091; x_wconf 88' lang='lat' dir='ltr'>quem</span> <span class='ocrx_word' id='word_1_74' title='bbox 504 2999 696 3071; x_wconf 83' lang='lat' dir='ltr'>Seminarii</span> <span class='ocrx_word' id='word_1_75' title='bbox 714 3005 828 3074; x_wconf 87' lang='lat' dir='ltr'>nostri</span> <span class='ocrx_word' id='word_1_76' title='bbox 853 3011 1043 3097; x_wconf 89' lang='lat' dir='ltr'>patronum</span> <span class='ocrx_word' id='word_1_77' title='bbox 1060 3010 1315 3086; x_wconf 83' lang='lat' dir='ltr'>invocavimus.</span> 
     </span>
     <span class='ocr_line' id='line_1_13' title="bbox 227 3127 1319 3230; baseline 0.019 -32"><span class='ocrx_word' id='word_1_78' title='bbox 227 3127 373 3212; x_wconf 87' lang='lat' dir='ltr'>Quanta</span> <span class='ocrx_word' id='word_1_79' title='bbox 390 3133 437 3201; x_wconf 90' lang='lat' dir='ltr'>sit</span> <span class='ocrx_word' id='word_1_80' title='bbox 452 3134 652 3204; x_wconf 86' lang='lat' dir='ltr'>necessitas</span> <span class='ocrx_word' id='word_1_81' title='bbox 679 3136 799 3230; x_wconf 90' lang='lat' dir='ltr'>operis</span> <span class='ocrx_word' id='word_1_82' title='bbox 816 3135 1020 3226; x_wconf 90' lang='lat' dir='ltr'>hujusmodi</span> <span class='ocrx_word' id='word_1_83' title='bbox 1043 3146 1177 3215; x_wconf 88' lang='lat' dir='ltr'>nostris</span> <span class='ocrx_word' id='word_1_84' title='bbox 1195 3148 1319 3219; x_wconf 90' lang='lat' dir='ltr'>usibus</span> 
     </span>
     <span class='ocr_line' id='line_1_14' title="bbox 225 3265 1316 3376; baseline 0.017 -44"><span class='ocrx_word' id='word_1_85' title='bbox 225 3265 486 3336; x_wconf 88' lang='lat' dir='ltr'>accommodati</span> <span class='ocrx_word' id='word_1_86' title='bbox 519 3289 624 3338; x_wconf 88' lang='lat' dir='ltr'>nemo</span> <span class='ocrx_word' id='word_1_87' title='bbox 655 3269 819 3368; x_wconf 79' lang='lat' dir='ltr'>ignorat:</span> <span class='ocrx_word' id='word_1_88' title='bbox 859 3276 1020 3364; x_wconf 93' lang='lat' dir='ltr'>quamvis</span> <span class='ocrx_word' id='word_1_89' title='bbox 1051 3278 1145 3348; x_wconf 90' lang='lat' dir='ltr'>enim</span> <span class='ocrx_word' id='word_1_90' title='bbox 1182 3281 1316 3376; x_wconf 82' lang='lat' dir='ltr'>regulae</span> 
     </span>
     <span class='ocr_line' id='line_1_15' title="bbox 223 3398 1315 3506; baseline 0.013 -38"><span class='ocrx_word' id='word_1_91' title='bbox 223 3419 361 3468; x_wconf 92' lang='lat' dir='ltr'>morum</span> <span class='ocrx_word' id='word_1_92' title='bbox 377 3421 398 3468; x_wconf 86' lang='lat' dir='ltr'>a</span> <span class='ocrx_word' id='word_1_93' title='bbox 415 3398 544 3472; x_wconf 91' lang='lat' dir='ltr'>divinis</span> <span class='ocrx_word' id='word_1_94' title='bbox 561 3400 761 3496; x_wconf 84' lang='lat' dir='ltr'>Scripturis</span> <span class='ocrx_word' id='word_1_95' title='bbox 788 3403 958 3477; x_wconf 83' lang='lat' dir='ltr'>derivatae</span> <span class='ocrx_word' id='word_1_96' title='bbox 976 3409 1109 3492; x_wconf 89' lang='lat' dir='ltr'>nullam</span> <span class='ocrx_word' id='word_1_97' title='bbox 1134 3414 1315 3506; x_wconf 86' lang='lat' dir='ltr'>patiantur</span> 
     </span>
    </p>
   </div>
   <div class='ocr_carea' id='block_1_6' title="bbox 222 3531 1318 3757">
    <p class='ocr_par' dir='ltr' id='par_1_6' title="bbox 222 3531 1318 3757">
     <span class='ocr_line' id='line_1_16' title="bbox 222 3531 1317 3628; baseline 0.012 -29"><span class='ocrx_word' id='word_1_98' title='bbox 222 3531 463 3618; x_wconf 83' lang='lat' dir='ltr'>mutationem,</span> <span class='ocrx_word' id='word_1_99' title='bbox 483 3533 529 3604; x_wconf 96' lang='lat' dir='ltr'>ob</span> <span class='ocrx_word' id='word_1_100' title='bbox 544 3534 714 3626; x_wconf 87' lang='lat' dir='ltr'>adjuncta</span> <span class='ocrx_word' id='word_1_101' title='bbox 727 3539 1139 3628; x_wconf 86' lang='lat' dir='ltr'>quaecumquelocorum</span> <span class='ocrx_word' id='word_1_102' title='bbox 1157 3544 1213 3610; x_wconf 92' lang='lat' dir='ltr'>vel</span> <span class='ocrx_word' id='word_1_103' title='bbox 1231 3549 1317 3612; x_wconf 88' lang='lat' dir='ltr'>tem-</span> 
     </span>
     <span class='ocr_line' id='line_1_17' title="bbox 224 3663 1318 3757; baseline 0.012 -27"><span class='ocrx_word' id='word_1_104' title='bbox 224 3682 363 3753; x_wconf 90' lang='lat' dir='ltr'>porum,</span> <span class='ocrx_word' id='word_1_105' title='bbox 394 3665 547 3734; x_wconf 89' lang='lat' dir='ltr'>attamen</span> <span class='ocrx_word' id='word_1_106' title='bbox 569 3663 664 3734; x_wconf 90' lang='lat' dir='ltr'>haud</span> <span class='ocrx_word' id='word_1_107' title='bbox 688 3687 799 3757; x_wconf 90' lang='lat' dir='ltr'>parva</span> <span class='ocrx_word' id='word_1_108' title='bbox 824 3664 861 3734; x_wconf 92' lang='lat' dir='ltr'>in</span> <span class='ocrx_word' id='word_1_109' title='bbox 889 3687 931 3736; x_wconf 90' lang='lat' dir='ltr'>eo</span> <span class='ocrx_word' id='word_1_110' title='bbox 952 3669 1155 3741; x_wconf 86' lang='lat' dir='ltr'>exercenda</span> <span class='ocrx_word' id='word_1_111' title='bbox 1172 3679 1226 3743; x_wconf 87' lang='lat' dir='ltr'>ast</span> <span class='ocrx_word' id='word_1_112' title='bbox 1240 3671 1318 3743; x_wconf 91' lang='lat' dir='ltr'>dili·</span> 
     </span>
    </p>
   </div>
   <div class='ocr_carea' id='block_1_7' title="bbox 220 3795 1315 4428">
    <p class='ocr_par' dir='ltr' id='par_1_7' title="bbox 220 3795 1315 4428">
     <span class='ocr_line' id='line_1_18' title="bbox 222 3795 1315 3891; baseline 0.011 -28"><span class='ocrx_word' id='word_1_113' title='bbox 222 3795 341 3889; x_wconf 83' lang='lat' dir='ltr'>gentia</span> <span class='ocrx_word' id='word_1_114' title='bbox 372 3801 412 3866; x_wconf 90' lang='lat' dir='ltr'>ut</span> <span class='ocrx_word' id='word_1_115' title='bbox 437 3795 680 3890; x_wconf 81' lang='lat' dir='ltr'>singularibus</span> <span class='ocrx_word' id='word_1_116' title='bbox 708 3797 816 3868; x_wconf 92' lang='lat' dir='ltr'>rebus</span> <span class='ocrx_word' id='word_1_117' title='bbox 844 3821 927 3891; x_wconf 83' lang='lat' dir='ltr'>quae.</span> <span class='ocrx_word' id='word_1_118' title='bbox 950 3801 986 3870; x_wconf 92' lang='lat' dir='ltr'>in</span> <span class='ocrx_word' id='word_1_119' title='bbox 1013 3800 1091 3872; x_wconf 91' lang='lat' dir='ltr'>dies</span> <span class='ocrx_word' id='word_1_120' title='bbox 1118 3811 1315 3875; x_wconf 87' lang='lat' dir='ltr'>occurrunt</span> 
     </span>
     <span class='ocr_line' id='line_1_19' title="bbox 222 3925 1312 4040; baseline 0.009 -43"><span class='ocrx_word' id='word_1_121' title='bbox 222 3927 453 4022; x_wconf 83' lang='lat' dir='ltr'>applicentur.</span> <span class='ocrx_word' id='word_1_122' title='bbox 516 3925 574 3998; x_wconf 91' lang='lat' dir='ltr'>De</span> <span class='ocrx_word' id='word_1_123' title='bbox 608 3928 748 4023; x_wconf 81' lang='lat' dir='ltr'>legibus</span> <span class='ocrx_word' id='word_1_124' title='bbox 782 3931 1039 4040; x_wconf 84' lang='lat' dir='ltr'>ecclesiasticis</span> <span class='ocrx_word' id='word_1_125' title='bbox 1077 3940 1114 4003; x_wconf 91' lang='lat' dir='ltr'>et</span> <span class='ocrx_word' id='word_1_126' title='bbox 1150 3937 1312 4007; x_wconf 82' lang='lat' dir='ltr'>censuris</span> 
     </span>
     <span class='ocr_line' id='line_1_20' title="bbox 220 4047 1313 4158; baseline 0.01 -28"><span class='ocrx_word' id='word_1_127' title='bbox 220 4060 383 4154; x_wconf 83' lang='lat' dir='ltr'>plurimae</span> <span class='ocrx_word' id='word_1_128' title='bbox 409 4061 545 4132; x_wconf 87' lang='lat' dir='ltr'>moveri</span> <span class='ocrx_word' id='word_1_129' title='bbox 571 4047 724 4154; x_wconf 85' lang='lat' dir='ltr'>possunt</span> <span class='ocrx_word' id='word_1_130' title='bbox 749 4065 977 4156; x_wconf 68' lang='lat' dir='ltr'>quaestiones,</span> <span class='ocrx_word' id='word_1_131' title='bbox 1002 4088 1166 4158; x_wconf 86' lang='lat' dir='ltr'>quaenam</span> <span class='ocrx_word' id='word_1_132' title='bbox 1191 4068 1313 4141; x_wconf 88' lang='lat' dir='ltr'>bacin</span> 
     </span>
     <span class='ocr_line' id='line_1_21' title="bbox 221 4185 1312 4296; baseline 0.01 -34"><span class='ocrx_word' id='word_1_133' title='bbox 221 4194 367 4287; x_wconf 83' lang='lat' dir='ltr'>regione</span> <span class='ocrx_word' id='word_1_134' title='bbox 394 4193 465 4263; x_wconf 90' lang='lat' dir='ltr'>vim</span> <span class='ocrx_word' id='word_1_135' title='bbox 493 4193 700 4264; x_wconf 89' lang='lat' dir='ltr'>obtineant:</span> <span class='ocrx_word' id='word_1_136' title='bbox 734 4194 777 4263; x_wconf 91' lang='lat' dir='ltr'>de</span> <span class='ocrx_word' id='word_1_137' title='bbox 805 4195 968 4268; x_wconf 90' lang='lat' dir='ltr'>civilibus</span> <span class='ocrx_word' id='word_1_138' title='bbox 1001 4200 1130 4291; x_wconf 90' lang='lat' dir='ltr'>quibus</span> <span class='ocrx_word' id='word_1_139' title='bbox 1155 4185 1312 4296; x_wconf 40' lang='lat' dir='ltr'>&#39;regimur</span> 
     </span>
     <span class='ocr_line' id='line_1_22' title="bbox 220 4323 1308 4428; baseline 0.008 -34"><span class='ocrx_word' id='word_1_140' title='bbox 220 4323 359 4420; x_wconf 81' lang='lat' dir='ltr'>legibus</span> <span class='ocrx_word' id='word_1_141' title='bbox 376 4325 626 4419; x_wconf 87' lang='lat' dir='ltr'>inquirendum</span> <span class='ocrx_word' id='word_1_142' title='bbox 644 4333 700 4397; x_wconf 91' lang='lat' dir='ltr'>est</span> <span class='ocrx_word' id='word_1_143' title='bbox 717 4349 902 4422; x_wconf 91' lang='lat' dir='ltr'>quousque</span> <span class='ocrx_word' id='word_1_144' title='bbox 916 4333 1173 4404; x_wconf 88' lang='lat' dir='ltr'>conscientiam</span> <span class='ocrx_word' id='word_1_145' title='bbox 1186 4333 1308 4428; x_wconf 84' lang='lat' dir='ltr'>ligent.</span> 
     </span>
    </p>
   </div>
   <div class='ocr_carea' id='block_1_8' title="bbox 0 0 1578 5266">
    <p class='ocr_par' dir='ltr' id='par_1_8' title="bbox 0 0 1578 5266">
     <span class='ocr_line' id='line_1_23' title="bbox 0 0 1578 5266; baseline 0 3"><span class='ocrx_word' id='word_1_146' title='bbox 0 0 1578 5266; x_wconf 95' lang='lat' dir='ltr'> </span> 
     </span>
    </p>
   </div>
  </div>
 </body>
</html>
