3076 5260
281 493 340 548 tou
698 481 754 541 DE
777 479 956 540 CIVIBUS.

216 649 221 658 ’
278 661 327 736 J‘us
339 653 501 722 dicendum,
516 653 561 710 vel
575 651 610 710 ad
624 650 700 710 aliud
713 669 818 711 munus
831 649 985 730 publicum,
1001 655 1121 724 peccant
1136 646 1259 724 indignis
1273 647 1369 704 suffra·

282 757 386 835 gando,
409 773 446 814 ex
469 753 593 830 partium
620 751 790 820 studio,ch
815 750 917 828 dignos
940 747 1106 826 rejiciendo.
1157 746 1368 824 Legumlatorcs

287 855 429 914 Catholici
439 871 497 912 non
508 852 611 912 debent
621 852 681 909 suis
695 851 838 927 suffragiis
851 850 968 926 probare
979 846 1120 921 quidquid
1129 846 1261 904 doctrinae
1274 845 1371 904 Eccle-

283 956 332 1013 sia
353 953 535 1012 adversatur:
556 970 593 1009 v:
614 969 652 1028 g:
673 950 750 1024 quod
771 949 924 1008 divortium
944 967 962 1005 a
980 946 1095 1006 vinculo
1109 945 1281 1004 matrimonii
1294 944 1372 1002 detur

283 1056 320 1112 ob
333 1053 511 1120 adulterium,
525 1050 571 1109 vel
584 1069 697 1108 causam
712 1051 814 1108 aliam:
837 1067 890 1106 nec
913 1047 1038 1106 haereses
1060 1045 1190 1124 probare,
1214 1045 1259 1102 vel
1282 1042 1372 1124 indis·

272 1151 501 1233 serentiumum,
516 1151 560 1208 vel
580 1149 775 1206 hereticorum
794 1165 958 1224 praeconum
979 1155 1144 1222 usurpatum
1164 1145 1370 1202 ministerium:

282 1259 413 1309 caeterum
436 1248 568 1326 culpandi
590 1267 648 1308 nou
671 1257 738 1304 sunt
756 1245 833 1320 quod
859 1246 971 1322 legibue
991 1245 1115 1304 serendis
1142 1262 1222 1302 suam
1243 1252 1373 1320 prestant

282 1367 411 1426 operam,
425 1349 529 1424 quibus
543 1347 649 1407 civium
663 1347 792 1406 omnium
802 1346 868 1423 jura
876 1346 960 1423 juxta
973 1343 1216 1405 consttutionem
1233 1342 1374 1404 vindicen-

285 1459 339 1508 tur.
851 1459 855 1466 ’

580 1709 664 1785 §IIL
707 1709 756 1768 Da
770 1727 887 1768 crvmus
901 1725 1068 1768 univorsis.

329 1924 396 1980 156.
417 1921 500 1980 Licet
522 1921 631 1978 civibus
650 1939 685 1980 ea
703 1922 800 1980 omnia
820 1937 952 1978 exercere
966 1919 1115 1996 privilegia
1128 1937 1191 1991 quae
1205 1919 1249 1975 eis
1264 1936 1302 1976 cx
1315 1935 1376 1976 cou-

288 2021 432 2080 stitutione
455 2029 640 2096 compctuut:
662 2019 714 2078 sed
733 2019 803 2078 ordo
825 2017 979 2076 servandus
1002 2027 1056 2086 eet,
1079 2026 1109 2075 et
1130 2017 1277 2076 charitatis
1299 2019 1375 2093 leges

286 2119 363 2178 haud
375 2119 564 2197 negligendae.
606 2118 640 2178 ln
658 2117 817 2196 deligendis
840 2118 1053 2195 magistratibus
1074 2116 1181 2176 utilitas
1195 2117 1313 2193 publica
1325 2135 1378 2194 pra
1480 2183 1483 2190 ¹

287 2219 377 2278 oculis
390 2219 520 2278 habenda
532 2227 586 2285 cst,
600 2227 630 2276 et
642 2217 778 2295 suffragia
790 2217 883 2276 danda
903 2233 955 2293 pro
968 2218 1079 2284 merito,
1094 2216 1165 2274 adeo
1184 2219 1280 2290 utqui
1293 2213 1380 2292 magis'

286 2315 408 2375 idoneus
420 2327 448 2376 et
457 2318 535 2376 utilis
548 2315 660 2376 videtur
672 2317 845 2393 praeferatur.
887 2315 934 2374 De
948 2316 983 2374 iis
997 2318 1177 2395 quimunere
1191 2317 1309 2392 publico
1322 2315 1379 2372 iim·

287 2423 400 2492 guntur,
415 2432 473 2472 non
487 2425 592 2472 minere
615 2414 694 2486 loqui
718 2413 807 2480 decet,
823 2432 876 2470 nec
897 2413 1023 2490 maligne
1043 2431 1141 2472 eorum
1156 2433 1202 2472 res
1216 2425 1312 2490 gestas
1326 2432 1379 2471 car·

287 2529 374 2590 pcrc;
396 2512 527 2586 quamvis
540 2511 624 2569 liceat
636 2529 684 2570 eas
699 2511 829 2578 scrutari,
850 2510 923 2569 etde
937 2511 973 2569 iis
987 2512 1100 2589 publice
1113 2512 1192 2584 loqui
1206 2521 1234 2569 et
1247 2514 1379 2578 scribere,

290 2621 429 2686 quatenus
442 2611 520 2690 leges
542 2612 715 2687 permittunt,
730 2619 760 2668 ut
779 2619 856 2668 recte
876 2610 912 2669 dc
926 2611 961 2667 iis
976 2611 1130 2688 judicetur,
1145 2603 1174 2669 bt
1185 2612 1300 2670 utilitati
1314 2611 1380 2687 pub·

288 2712 350 2770 lica
364 2712 561 2788 prospiciatur.
603 2709 789 2768 Obseruantia
810 2719 903 2768 autem
917 2708 1039 2782 quadam
1059 2709 1171 2768 colendi
1191 2721 1258 2768 suut
1281 2712 1381 2786 magis·

289 2818 388 2878 tratus,
406 2810 513 2868 ratione
526 2810 652 2868 muneris
667 2808 743 2882 quod
756 2803 881 2885 gerunt.¹
921 2807 1015 2885 Leges
1037 2817 1134 2867 sancte
1148 2809 1293 2866 servandae
1308 2819 1380 2874 sunt,

291 2926 346 2966 nec
359 2906 428 2979 quid
441 2908 605 2966 tentandum
619 2908 796 2985 singulorum
812 2908 925 2966 arbitrio
935 2918 1032 2966 conua
1041 2907 1138 2985 legum
1151 2910 1356 2966 auctoritatem.

332 3008 400 3063 157.
421 3005 555 3072 Peccant,
571 3007 665 3079 igitur,
677 3017 773 3062 contra
786 3007 891 3063 bonum
904 3007 1062 3083 publicum,
1077 3007 1127 3081 qui
1140 3008 1273 3084 pecunia,
1288 3007 1381 3084 gratia,

287 3101 365 3170 odio,
386 3102 503 3160 utilitate
524 3103 632 3180 privata
652 3101 729 3160 ducti
755 3101 890 3179 suffragia
909 3104 1035 3182 indignis
1060 3099 1242 3164 conferunt'
1260 3105 1382 3164 Peccant

290 3213 389 3261 coritra
410 3202 577 3260 charitatem
600 3211 628 3259 ct
644 3202 784 3280 justitiam
808 3205 858 3276 qui
878 3205 989 3262 occulta
1009 3203 1168 3278 aliquorum
1187 3204 1299 3274 delicta,
1321 3223 1382 3278 quae

291 3303 354 3362 aliis
368 3320 425 3361 non
448 3311 559 3370 nocent,
573 3301 694 3378 publicis
708 3301 784 3360 soliis
807 3304 981 3372 annuntiant,
997 3305 1041 3360 vel
1055 3306 1241 3363 concionibus
1255 3305 1327 3373 suis,
1340 3304 1383 3374 vel

291 3402 453 3474 colloquiis,
468 3411 499 3458 ut
511 3420 560 3460 eos
580 3419 727 3460 amuncrc
743 3401 839 3473 aliquo
862 3403 1008 3478 repellant.
1050 3403 1106 3462 Rei
1125 3404 1230 3482 pariter
1250 3413 1318 3461 sunt
1337 3403 1385 3474 qui

290 3513 388 3561 contra
408 3501 588 3558 conscientie
609 3519 668 3560 suae
686 3499 829 3578 judicium
851 3503 1066 3578 magistratuum
1090 3514 1152 3561 acta
1165 3513 1295 3580 carpunt,
1304 3514 1336 3562 ut
1348 3503 1383 3558 iis

291 3601 419 3661 conflent
444 3599 590 3659 invidiam.
643 3599 702 3657 Sed
725 3599 891 3676 gravissime
918 3621 1038 3677 peccaro
1062 3601 1198 3660 censendi
1225 3611 1300 3670 aunt,
1321 3601 1381 3674 qni,

292 3701 389 3778 legum
403 3710 498 3776 spreta
511 3700 689 3768 auctoritate„
698 3717 863 3775 supremum
875 3702 938 3758 vitae
950 3721 981 3758 ac
996 3703 1095 3760 mortis
1105 3703 1154 3779 jus
1169 3703 1222 3760 sibi
1236 3710 1383 3778 usurpant,

293 3801 371 3859 nulla
385 3799 542 3875 praemissa,
557 3793 603 3856 vel
616 3800 692 3876 inani
702 3797 803 3875 judicii
817 3799 916 3857 forma.

334 3903 400 3958 158.
423 3899 525 3958 Patriae
539 3908 569 3955 ct
581 3900 743 3958 concivium
759 3899 894 3956 utilitates
915 3901 1041 3958 maxime
1056 3900 1214 3974 quaereudae
1229 3909 1304 3967 sunt,
1319 3918 1385 3956 nam

293 4007 312 4033 ‘¹
324 4009 389 4075 post
401 3997 497 4057 Deum
511 4008 555 4056 est
567 4000 656 4058 homo
665 3997 790 4057 maxime
803 3997 913 4057 debitor
926 4000 1089 4076 parentibus
1104 4011 1132 4059 et
1153 3999 1249 4076 patria
1252 4041 1336 4056 .....
1351 3998 1386 4056 ln

291 4098 366 4155 cultu
384 4107 478 4155 autem
489 4100 586 4178 patriae
606 4098 769 4174 intelligitur
782 4098 873 4155 cultus
887 4101 1015 4157 omnium
1029 4101 1199 4167 concivium,
1213 4108 1242 4156 et
1254 4099 1384 4157 omnium

627 4317 669 4383 (l)
683 4320 706 4364 2.
719 4319 742 4364 2.
754 4331 794 4378 qu.
806 4314 843 4364 cii.
857 4323 899 4364 art.
912 4315 935 4364 ii.
965 4315 1038 4382 Rvap.
