3046 5262
328 507 386 567 DE
406 504 703 566 PEGGATORUM
722 505 1046 570 DlSTlNOTIONE.
1175 521 1235 576 289

185 677 232 732 19.
255 669 376 738 Quando
390 671 493 730 codem
506 681 570 730 actu
584 670 704 730 diversis
717 671 874 730 rationibus
888 674 951 746 quis
970 673 1090 744 leditur,
1110 678 1192 754 plura
1202 699 1236 740 eo

145 771 283 832 contineri
303 770 435 829 videntur
454 778 580 846 peccata.
623 770 673 827 Sic
695 772 745 842 qui
766 769 884 830 altemm
904 772 976 830 falso
998 777 1238 846 accusaremus,

145 872 222 937 barti,
244 869 372 947 perjurii,
393 869 482 927 tribua
508 868 665 926 rationibus
686 869 771 931 insert
790 869 924 946 injuriam
946 870 1040 930 fame.
1082 873 1239 936 Nonnullis

146 979 242 1028 tamen
261 967 373 1025 videtur
397 967 515 1024 numum
541 975 690 1043 peccatum
716 960 838 1044 gravius
856 986 908 1044 pro
931 969 1096 1046 injuriarum
1120 974 1237 1033 ratione.

147 1065 293 1126 Ceterum
306 1083 371 1138 que
385 1065 415 1123 in
424 1065 529 1142 jurgiis
543 1065 725 1142 proferuntur
738 1066 773 1124 ad
785 1084 877 1124 unum
889 1074 1040 1144 peccatum
1059 1069 1239 1140 reducuntur,

147 1184 237 1240 quum
250 1183 288 1222 ex
302 1163 404 1222 ecdem
418 1164 466 1221 ire
479 1163 588 1240 impetu
599 1164 824 1240 proficiscantur,
835 1173 863 1221 et
875 1166 978 1243 injuria
986 1167 1062 1225 nulla
1074 1169 1241 1245 plerumque

148 1263 300 1323 inscrabrrr
320 1279 379 1320 ncu
399 1262 477 1320 enim
498 1261 571 1320 fides
593 1263 636 1320 cis
658 1262 814 1321 adhibetur.
858 1262 935 1322 luter
954 1282 1004 1322 eos
1024 1266 1074 1338 qui
1092 1268 1157 1326 vilia
1177 1280 1244 1327 sunt

149 1361 323 1422 conditionis
336 1379 352 1417 a
364 1360 449 1436 culpa
467 1361 547 1436 gravi
560 1361 644 1419 facile
665 1371 839 1419 excusantur
858 1360 976 1419 dicteria
997 1371 1102 1423 temam
1123 1368 1242 1443 prolata,

149 1461 210 1520 nisi
223 1459 356 1536 specialis
370 1458 497 1516 criminis
511 1459 654 1518 accusatio
667 1455 739 1516 fiat.¹

190 1562 241 1616 20.
263 1557 351 1615 Actus
373 1557 532 1632 respiciens
554 1557 665 1634 objecta
686 1557 777 1633 plura,
792 1575 858 1628 que
881 1556 969 1614 instar
986 1559 1071 1617 unius
1085 1579 1117 1619 se
1130 1562 1243 1631 habent,

150 1657 269 1716 unicum
280 1664 489 1732 estpeccatum.
524 1655 574 1713 Sic
587 1654 632 1711 sur
641 1655 771 1712 auferens
779 1655 931 1729 pecuniam
941 1656 971 1713 in
980 1674 1078 1716 mensa
1087 1663 1246 1720 nummula·

152 1757 260 1814 riorum
271 1774 287 1812 a
297 1754 428 1829 plurimis
438 1755 592 1832 repositam
599 1753 718 1811 unicum
728 1752 849 1811 admittit
855 1764 1013 1828 peccatum3
1029 1755 1079 1814 scd
1089 1760 1246 1816 nummula.

152 1855 210 1913 riu·
220 1856 249 1911 in
259 1870 329 1910 suos
339 1871 410 1910 usus
418 1862 531 1911 vertens
542 1870 604 1925 quaa
614 1871 631 1908 a
640 1851 770 1928 plurimis
781 1852 891 1926 accepit
899 1852 1046 1919 servanda,
1055 1855 1174 1931 singulis
1181 1857 1249 1914 facit

154 1952 297 2030 injuriam.
340 1951 553 2010 Eucharistiam
574 1948 773 2008 administrans
792 1948 910 2025 indigne
930 1949 1061 2026 plurimis
1084 1952 1119 2010 ad
1139 1971 1248 2012 sacram

153 2069 286 2108 mensam
299 2050 384 2108 simul
398 2048 606 2116 accedentibus,
620 2049 706 2106 unius
719 2048 828 2125 peccati
841 2066 907 2105 reus
917 2048 1062 2124 plerisque
1076 2051 1194 2120 videtur,
1202 2051 1249 2110 'est

155 2149 235 2207 enim
261 2149 383 2207 convivii
405 2149 503 2206 instar.
545 2146 573 2205 E
596 2155 702 2214 contra,
725 2147 820 2222 plures
841 2147 991 2206 absolvens
1014 2148 1129 2226 indigne
1152 2161 1251 2225 peccat

156 2248 252 2315 toties,
267 2265 355 2320 quum
370 2245 513 2324 judicium
534 2246 697 2322 perficiatur
716 2243 810 2317 quoad
829 2245 968 2321 singulos,
982 2256 1011 2304 et
1030 2257 1107 2306 actus
1127 2249 1206 2307 sitin
1219 2269 1251 2307 se

157 2346 327 2429 pompietus.

416 2554 501 2630 5111.
522 2553 570 2613 Du
592 2573 763 2614 enarrarre
784 2570 993 2614 sucessuum.

196 2738 248 2793 21.
270 2732 360 2790 Error
373 2732 536 2792 Stoicorum
548 2731 707 2790 fuitcmnia
724 2741 842 2806 peccata
857 2749 922 2788 esse
935 2732 1031 2807 pariat
1051 2731 1103 2790 sed
1115 2743 1255 2810 repugnat

160 2833 245 2899 ratic,
260 2832 307 2889 cui
320 2831 411 2908 magis
425 2831 610 2890 adversantur
629 2829 735 2906 flagitia
754 2829 879 2888 nefanda
897 2839 995 2888 contra
1013 2840 1150 2901 naturam,
1171 2850 1257 2905 quarn

159 2932 263 2990 delicta
295 2938 392 2988 contra
419 2931 565 2988 caritatem
595 2930 728 3004 proximo
754 2929 886 2988 debitam.
934 2929 1079 3005 Scriptura
1107 2933 1191 2989 etiam
1220 2929 1255 2989 de

161 3027 333 3104 quibusdam
347 3028 436 3087 veluti
455 3028 629 3086 immanibus
651 3028 818 3087 criminibus
841 3029 945 3104 sepius
966 3027 1100 3102 loquitur,
1114 3029 1205 3088 levius
1227 3031 1258 3088 in

162 3128 261 3204 culpas
281 3127 433 3203 plerasque
453 3127 699 3185 animadvertens:
722 3128 804 3184 “Va
817 3126 929 3185 homini
947 3126 988 3182 illi
1007 3146 1059 3203 per
1078 3147 1163 3201 quem
1182 3128 1258 3187 filius

162 3226 288 3284 hominis
315 3220 487 3288 tradetur.’'2
527 3225 624 3302 Hujus
643 3225 754 3283 facinus
777 3224 884 3282 malitia
908 3224 994 3297 longe
1016 3233 1147 3300 praestare
1174 3226 1259 3283 Pilati

164 3327 265 3397 iniquo
281 3323 392 3402 judicic
406 3323 504 3382 docuit
524 3323 676 3383 Christis:
699 3323 789 3390 “Qui
808 3341 854 3381 me
874 3319 988 3379 tradidit
1007 3322 1066 3389 tibi,
1087 3323 1179 3399 majus
1193 3341 1259 3399 pcc·

165 3437 260 3482 catum
273 3417 406 3480 habet.”³
447 3423 641 3481 Protestantcs
655 3431 772 3498 peccata
784 3421 856 3479 inter
869 3439 900 3478 se
914 3418 1028 3478 differre
1048 3419 1178 3489 fatentur,
1194 3439 1260 3494 qua-

164 3531 247 3579 tenus
262 3519 392 3592 quaedam
412 3523 505 3598 magis
526 3530 687 3598 repugnant
706 3521 809 3578 rationi
831 3528 860 3576 et
881 3518 939 3596 legi
960 3518 1079 3576 divinas:
1100 3517 1151 3576 sed
1164 3523 1262 3580 omnia

163 3619 221 3678 Dei
233 3621 305 3677 iram
319 3628 347 3676 et
359 3621 506 3678 interitum
520 3629 654 3678 eternum
667 3620 771 3696 pariter
790 3618 892 3676 mereri
911 3617 1038 3694 plerique
1058 3616 1260 3678 contendunt.⁴

202 3807 244 3870 (l)
261 3804 327 3853 Vide
339 3803 366 3853 S.
379 3805 452 3869 Alph.
464 3809 481 3857 Ι.
495 3822 517 3857 v.
528 3822 550 3856 c.
562 3805 580 3856 i.
613 3802 679 3856 Dub.
691 3805 717 3855 ii.
728 3813 771 3855 art.
779 3805 803 3854 ii.
815 3821 841 3854 n.
852 3803 894 3854 48.

204 3891 242 3955 (2)
262 3889 322 3940 Mat
334 3890 449 3939 xxvi24.
719 3891 762 3957 (3)
781 3887 855 3939 Jcan.
866 3889 919 3938 rix.
932 3889 971 3938 10.

203 3977 245 4041 (t)
265 3976 378 4025 Recitata
400 3976 485 4026 Jacobi
510 3975 658 4036 testimonio,
678 3976 737 4026 cii.
760 3976 797 4025 10.
815 3975 874 4025 dicit
893 3972 1015 4022 Newland
1036 3981 1091 4038 post
1110 3973 1263 4027 Burnetunr:

166 4067 181 4092 ⁴⁸
190 4059 280 4110 Hence
292 4074 330 4108 we
341 4061 467 4119 conclude,
480 4061 532 4110 that
544 4061 575 4110 ali
588 4059 726 4126 opposition
738 4067 763 4108 to
775 4059 817 4108 tha
834 4057 1017 4108 commendaui
1030 4057 1092 4118 God,
1104 4057 1229 4126 isworthy
1241 4063 1269 4111 of

167 4140 250 4199 death,
262 4140 358 4202 though
370 4149 395 4191 at
406 4142 447 4191 tbc
458 4143 596 4192 same-time
607 4158 646 4192 wa
656 4139 731 4192 admit
742 4158 757 4191 a
774 4147 841 4202 great
857 4139 949 4201 variety
964 4139 990 4188 in
1007 4137 1049 4188 the
1060 4138 1146 4202 degree
1163 4143 1191 4192 cf
1204 4143 1267 4206 guilt

168 4223 280 4275 attwhsd
292 4231 318 4273 to
329 4222 441 4274 differant
457 4222 535 4275 sins-’⁹
569 4225 687 4290 Analysia
699 4223 725 4273 oi
739 4219 856 4273 Burnat's
868 4222 962 4286 Expos.
973 4229 1016 4270 art
1030 4221 1078 4272 xvi.
1091 4238 1115 4287 p.
1128 4226 1186 4273 208.
1204 4225 1267 4276 Vide

169 4317 193 4359 et
205 4308 299 4371 Largsr
311 4306 368 4357 Oet.
380 4307 464 4362 Prcrb.
475 4325 501 4360 n.
515 4311 572 4360 lca.

211 4403 289 4461 Von.
311 4401 419 4462 1.-26
