3068 5256
432 478 489 538 DE
512 477 678 546 QUINTO
698 477 949 538 PRAEOEPTO.
1192 488 1249 544 119

158 642 314 703 emendata
325 655 379 711 est,
394 662 432 702 ne
446 644 512 716 quis
526 642 633 713 absque
643 641 745 718 judicii
759 642 870 710 ordine,
885 645 1098 714 vita‚libertate‚
1109 646 1155 704 vel
1169 649 1254 706 rebus

155 744 218 800 suis
233 737 396 818 spolietur.¹

200 845 267 898 13³.
299 839 468 914 Aliquando
490 839 659 898 damnantur
683 838 771 909 aliqui
790 839 865 898 lese
892 841 1046 917 majestatis
1065 843 1205 910 absentes,
1226 854 1256 901 et

155 949 271 1015 propter
291 939 503 998 contumaciam
523 938 753 1012 proscribuntur:
776 955 848 1009 quos
873 948 952 995 extra
965 939 1037 1014 legis
1050 942 1252 1015 protectionem

156 1036 265 1094 idcirco
279 1040 392 1112 positos
412 1038 481 1093 olim
500 1035 581 1093 licuit
599 1035 734 1106 cuiquam
753 1032 937 1092 interlicere.²
975 1036 1042 1095 Jam
1062 1037 1127 1094 verb
1148 1039 1176 1098 id
1196 1057 1255 1096 non

156 1134 230 1202 licet,
245 1136 304 1192 nisi
317 1136 454 1192 resistant
464 1152 515 1190 eos
526 1151 628 1208 capere
642 1133 811 1200 volentibus,
822 1135 868 1190 vel
881 1136 936 1192 nisi
950 1137 1044 1192 verbis
1057 1137 1213 1212 perspicuis
1221 1155 1255 1194 ea

157 1232 204 1288 fiat
217 1252 233 1288 a
246 1234 396 1308 republica
409 1240 546 1308 potestas,
565 1249 628 1302 quae
643 1232 839 1305 gravissimam
854 1233 976 1306 postulet
989 1226 1128 1292 causam.³
1169 1234 1255 1301 “Qui

158 1331 221 1387 sine
237 1331 337 1403 aliqua
349 1330 464 1406 publica
483 1329 725 1386 administratione
744 1330 904 1388 maleficum
918 1332 1062 1399 occiderit,
1076 1333 1152 1390 velut
1164 1333 1257 1390 homi·

158 1427 223 1484 cida
233 1429 426 1506 judicabitur:
449 1438 477 1484 et
490 1435 565 1484 tanto
580 1426 702 1500 amplius
716 1437 821 1499 quanto
835 1428 889 1484 sibi
902 1439 1069 1504 potestatem
1084 1451 1100 1486 a
1118 1430 1183 1487 Deo
1196 1449 1254 1488 non

155 1545 325 1584 concessam
340 1544 475 1602 usurpare
497 1543 556 1582 non
578 1524 705 1582 timuit.'’
746 1525 790 1582 Ita
812 1526 844 1582 S.
869 1520 1024 1596 Thomas,⁴
1032 1528 1115 1604 juxta
1127 1537 1266 1606 mentem,

158 1619 337 1700 Augustini.⁵
1222 1633 1225 1640 '

468 1822 534 1898 §V.
576 1821 625 1881 Da
639 1841 847 1882 massuetum
860 1841 951 1882 unca.

208 1989 277 2043 134.
291 1985 336 2044 De
347 1987 474 2062 tyrannis
488 1987 608 2043 assumit
619 2005 764 2045 nonnemo
775 1986 983 2059 quemlibeteos
993 2006 1078 2062 posse
1088 1987 1256 2056 interlicere,
1335 2027 1339 2036 ·

162 2087 253 2144 etiarn
261 2084 414 2160 juramenti
433 2085 489 2142 fide
512 2085 650 2162 neglecta,
672 2105 756 2157 quam
779 2087 1002 2162 propositionem
1025 2067 1167 2145 damnavit
1188 2107 1256 2146 con·

161 2185 263 2243 cilium
288 2182 528 2241 constantiense:
552 2184 710 2249 “Quilibet
731 2193 868 2260 tyrannus
887 2194 981 2259 potest
998 2196 1026 2243 et
1038 2185 1121 2244 debet
1133 2187 1210 2243 licite
1224 2196 1253 2243 et

160 2283 304 2341 meritorie
335 2281 428 2340 occidi
449 2301 501 2359 per
521 2301 732 2355 quemcumque
752 2283 904 2339 vassallum
927 2302 1010 2340 suum
1036 2285 1081 2342 vel
1101 2285 1255 2350 subditum,

162 2383 246 2438 etiam
260 2400 311 2456 per
324 2383 502 2439 clanculares
517 2381 635 2438 insidias
650 2389 678 2436 et
699 2380 815 2438 subtiles
833 2381 982 2438 blanditias
1001 2383 1047 2440 vel
1070 2383 1256 2450 adulationes,

161 2499 220 2538 non
245 2481 371 2537 obstante
400 2497 584 2552 quocumque
607 2480 732 2555 praestito
750 2480 922 2556 juramento,
945 2500 996 2537 seu
1018 2481 1257 2540 confoederatione

160 2579 242 2636 factis
260 2598 326 2635 cum
340 2598 387 2646 eo,
407 2598 466 2635 non
488 2587 637 2654 expectata
659 2579 799 2635 sententia
818 2579 863 2636 vel
885 2578 1018 2636 mandato
1033 2580 1139 2656 judicis
1162 2581 1257 2656 cujus-

161 2668 339 2748 cumque.”⁶
379 2677 480 2734 Nostri
500 2696 557 2734 non
571 2677 688 2734 interest
707 2677 894 2749 quaestionem
908 2677 984 2734 illam
998 2677 1149 2744 discutere,
1163 2688 1257 2734 utrum

164 2866 241 2925 limb,
256 2866 340 2915 unless
352 2882 418 2931 upon
437 2867 477 2918 the
494 2868 589 2932 highest
601 2870 736 2933 necessity3
754 2867 801 2917 and
815 2867 855 2917 the
866 2867 1023 2917 constitution
1032 2865 1054 2916 is
1065 2883 1096 2916 an
1109 2873 1172 2916 utter
1182 2873 1259 2915 stran-
1324 2901 1335 2920 .

161 2967 205 3012 ger
215 2959 241 3000 to
254 2968 305 3015 any
319 2953 434 3017 arbitrary
443 2969 525 3018 power
536 2956 564 3003 of
571 2955 660 3016 killing
670 2970 697 3002 or
709 2953 828 3014 maiming
839 2953 880 3002 the
889 2953 982 3016 subject
993 2950 1097 3001 without
1108 2949 1149 3000 the
1160 2966 1259 3014 express

169 3035 394 3086 warrantollsw.”
429 3037 527 3087 Ibidem.
562 3038 630 3088 Dicit
647 3039 730 3102 Mayol
748 3045 802 3101 post
814 3035 968 3102 cajetanum.
1003 3035 1260 3085 “Necexcusatauc·

165 3120 251 3169 toritas
262 3122 382 3185 principis
399 3122 447 3172 hoc
463 3123 609 3182 mandantis,
626 3123 720 3171 etiamsi
738 3122 772 3170 illi
790 3129 910 3171 constaret
927 3119 991 3184 quod
1008 3120 1054 3170 ists
1070 3127 1176 3169 meretur
1194 3119 1260 3168 mille

162 3204 275 3254 mortes.”
313 3206 407 3270 Expos.
419 3223 442 3256 v.
453 3223 525 3272 proec.
537 3215 580 3257 art.
589 3208 605 3256 i.
639 3207 702 3256 Dico
711 3205 823 3256 emunda
858 3203 992 3254 Probatur.

198 3292 239 3355 (l)
258 3298 272 3322 ‘⁴
283 3292 339 3341 Nor
352 3291 431 3356 (shall
440 3309 493 3360 any
503 3294 609 3359 person)
622 3294 652 3342 be
662 3292 774 3356 deprived
788 3292 816 3339 of
823 3291 872 3348 life,
882 3291 974 3352 liberty.
985 3305 1011 3338 or
1022 3297 1143 3354 property,
1156 3288 1260 3338 without

162 3375 210 3425 dus
221 3393 319 3440 process
328 3378 357 3426 of
364 3377 435 3427 law.'’
469 3377 656 3436 Amendments‚
665 3385 708 3426 nrt.
720 3393 742 3423 v.

209 3462 254 3526 (2)
274 3461 366 3525 Mayol.
378 3462 472 3526 Expos.
482 3479 505 3510 v.
516 3478 587 3526 praec.
597 3471 640 3510 art.
652 3463 668 3511 i.
690 3463 788 3523 Quaeres
796 3458 911 3509 secundo.
944 3465 958 3488 ‘⁸
966 3457 1075 3517 Though
1092 3457 1214 3518 enciently
1227 3471 1259 3504 an

171 3545 293 3595 outlawed
304 3547 368 3595 selon
380 3562 432 3595 was
443 3547 494 3596 said
506 3555 531 3596 to
543 3547 605 3596 heve
620 3551 698 3613 caput
714 3545 844 3611 lupinum,
856 3542 903 3590 and
916 3541 995 3601 might
1004 3542 1034 3587 be
1044 3539 1155 3588 knoclted
1168 3555 1201 3587 on
1219 3538 1260 3598 the

172 3629 237 3679 head
251 3631 298 3679 libe
309 3634 396 3692 awols,
407 3635 439 3696 by
451 3649 500 3697 any
512 3649 560 3683 one
571 3633 625 3683 that
634 3632 722 3682 should
735 3638 798 3680 meet
809 3629 860 3679 him
870 3646 877 3686 ;
893 3629 996 3676 because
1012 3626 1105 3688 having
1120 3625 1259 3675 renonuced

170 3715 202 3764 all
215 3715 271 3769 law,
283 3714 314 3764 he
326 3730 374 3765 was
385 3725 410 3766 to
422 3719 451 3766 be
462 3718 527 3767 dealt
538 3717 598 3767 with
610 3734 637 3767 as
648 3719 674 3768 in
692 3733 707 3766 a
724 3723 785 3766 state
803 3714 830 3764 ol
844 3722 936 3772 nature,
954 3711 1026 3761 when
1048 3727 1120 3776 every
1142 3727 1190 3761 ono
1207 3710 1260 3761 thet

171 3798 261 3849 should
273 3799 323 3849 find
335 3800 388 3850 him
396 3801 475 3864 might
485 3803 538 3867 slay
549 3803 600 3852 him
610 3821 617 3852 z
627 3811 668 3867 yet
678 3818 742 3862 now,
750 3810 775 3852 to
786 3801 857 3850 avoid
868 3798 929 3849 such
937 3797 1100 3862 inhumenhy,
1108 3799 1128 3847 it
1141 3798 1162 3846 is
1168 3795 1259 3845 holden

165 3883 217 3933 that
237 3901 271 3934 nc
291 3901 351 3934 man
371 3887 393 3935 is
414 3888 513 3944 eutitled
533 3896 559 3938 to
578 3889 622 3938 hill
638 3888 690 3937 him
709 3888 833 3952 wantonly
846 3903 873 3935 or
885 3886 1000 3948 wiliully3
1018 3883 1095 3932 butin
1107 3899 1135 3930 so
1146 3882 1222 3942 doing
1235 3881 1257 3930 is

169 3969 247 4033 guilty
259 3969 287 4019 oi
295 3970 400 4030 murder,
412 3973 496 4022 unless
507 3973 527 4022 it
537 3973 678 4037 happensin
692 3973 732 4022 the
743 3973 881 4022 endeavour
891 3979 916 4020 to
928 3967 1066 4034 apprehend
1077 3962 1153 4014 bim.’²
1171 3963 1258 4015 Black·

164 4061 243 4113 stone,
253 4055 270 4103 l.
284 4054 317 4105 iv.
329 4071 355 4104 n.
366 4054 423 4104 32⁰.
445 4057 509 4106 Vide
519 4065 544 4106 et
555 4057 686 4106 Jeremiem
693 4056 793 4121 Teylor‚
801 4056 874 4105 Duct.
886 4054 952 4103 Dub.
963 4053 979 4101 l.
989 4051 1022 4101 iii.
1034 4067 1054 4100 c.
1064 4049 1087 4098 2.
1099 4066 1121 4114 p.
1137 4048 1191 4099 109.

203 4138 246 4202 (3)
266 4139 331 4188 Vide
343 4139 461 4199 Carricre,
472 4141 502 4189 de
510 4141 606 4204 justitie
617 4149 642 4190 et
648 4142 712 4205 jure,
724 4140 772 4188 vol.
782 4138 807 4188 ii.
819 4154 843 4186 n.
856 4140 914 4186 770.

200 4222 243 4287 (4)
264 4225 547 4287 2.2.qn.lxiv.art.iii.
582 4224 737 4276 Sedaontrc.
1021 4210 1024 4218 ¹

198 4309 238 4373 (5)
258 4307 288 4357 L.
300 4309 316 4358 i.
328 4309 359 4358 de
370 4310 416 4359 civ.
428 4309 483 4360 Dei.
496 4328 518 4360 c.
530 4312 581 4361 xxi.
593 4319 618 4362 et
628 4327 649 4360 c
661 4310 729 4360 xxvi.

200 4394 243 4460 (6)
263 4394 331 4444 Sese.
342 4410 384 4445 xv.
396 4395 435 4446 dis
450 4397 548 4458 oJulii,
563 4398 634 4448 1414.
728 4459 730 4464 A
