3146 5266
268 519 306 573 62
605 509 662 569 DE
684 508 798 568 LEGE
821 509 1022 572 NATURAE.

269 637 336 745 sint,
359 691 422 748 que
444 692 478 759 ea
496 675 557 752 jam
579 673 802 738 includebantur.
845 675 894 734 Sic
914 677 944 734 in
962 677 1037 735 bona
1056 677 1149 735 aliena
1167 689 1262 755 potest
1274 681 1366 742 faeere

268 783 448 854 potestatem,
472 781 500 829 et
521 773 605 830 etiarn
628 775 658 831 in
680 776 767 833 vitam
798 775 931 845 alterium
958 776 1020 852 ipse
1043 777 1120 834 enim
1142 786 1185 834 est
1218 797 1367 856 supremus

270 892 363 934 rerum
381 873 534 940 Dominus,
549 873 612 931 vitae
627 891 658 929 ao
671 875 750 932 necis
760 874 871 932 arbiter.

315 979 362 1032 18.
384 971 767 1048 Epiikia—tmnxsca-quae
782 981 824 1029 est
837 991 919 1045 aequa
927 973 1000 1050 legis
1010 973 1212 1050 interpretatio,
1223 993 1280 1046 qua
1288 995 1370 1035 casus

276 1073 428 1150 singularis
442 1071 479 1128 ob
492 1072 627 1147 specialia
640 1073 770 1149 adjuncta
788 1088 847 1128 non
859 1080 990 1130 censetur
1001 1071 1064 1146 lege
1079 1073 1292 1147 comprehendi,
1305 1075 1371 1133 licet

274 1173 369 1230 verbis
383 1172 445 1246 ejus
458 1170 626 1238 includatur,
639 1172 734 1229 locum
748 1170 903 1228 nonhabet
922 1172 952 1229 in
970 1170 1034 1245 lege
1054 1159 1190 1232 naturali:
1212 1171 1274 1229 haec
1294 1175 1370 1232 enim

274 1271 369 1329 verbis
383 1288 441 1328 non
454 1279 573 1337 constat,
588 1271 639 1327 sed
652 1278 756 1327 natnrae
769 1268 856 1325 sertur
869 1270 1011 1335 instinctu,
1035 1287 1098 1341 quae
1120 1269 1239 1345 singulis
1259 1273 1370 1330 casibus

275 1379 319 1428 est
331 1367 555 1426 accommodata.
583 1368 719 1426 Prohibet
732 1385 767 1425 ue
782 1369 846 1439 quis
860 1367 977 1425 alterum
991 1367 1156 1425 interficiat:
1178 1367 1293 1439 quodsi
1307 1372 1370 1442 quis

275 1477 397 1527 mortem
411 1477 533 1539 nequeat
545 1469 631 1524 vitare
645 1467 701 1523 nisi
721 1485 916 1542 aggressorem
936 1466 1071 1540 injustum
1091 1465 1295 1535 interficiendo,
1309 1469 1371 1545 ipsa

274 1568 398 1641 impellit
417 1576 448 1623 ut
467 1566 549 1622 nobis
573 1565 764 1622 consulamus.
808 1565 841 1621 Si
860 1565 924 1636 quis
944 1562 1010 1621 verb
1030 1565 1124 1640 legem
1137 1566 1290 1624 naturalem
1304 1585 1370 1625 con·
1436 1622 1442 1632 ,

275 1664 388 1744 siderei,
397 1672 482 1740 prout
494 1662 629 1740 decalogo
640 1662 806 1739 explicatur,
814 1663 859 1720 vel
868 1664 932 1740 jure
943 1663 1070 1739 gentium
1079 1671 1191 1738 recepta
1200 1672 1252 1731 est,
1264 1666 1370 1741 epiikia

275 1761 446 1824 admittenda
465 1762 526 1829 erit,
549 1771 580 1820 ut
600 1763 711 1819 casibus
741 1763 928 1840 singularibus
949 1761 1041 1818 verbis
1061 1761 1132 1838 legis
1153 1763 1368 1838 comprehensis

276 1861 514 1921 accommodetur.
557 1861 607 1918 Sic
629 1862 770 1938 promissa
793 1859 928 1921 solvenda
950 1868 1016 1917 sunt
1034 1879 1072 1917 ex
1090 1861 1155 1937 jure
1175 1869 1290 1932 naturae,
1305 1881 1369 1935 quae

273 1971 368 2020 tamen
381 1963 439 2019 vim
453 1963 575 2050 plenam
583 1980 641 2019 non
655 1963 790 2030 obtinent,
805 1964 830 2019 si
842 1962 946 2020 fuerint
957 1959 1059 2036 injuria
1071 1968 1189 2019 extorta.
