<?xml version="1.0" encoding="UTF-8"?>
<!DOCTYPE html PUBLIC "-//W3C//DTD XHTML 1.0 Transitional//EN"
    "http://www.w3.org/TR/xhtml1/DTD/xhtml1-transitional.dtd">
<html xmlns="http://www.w3.org/1999/xhtml" xml:lang="en" lang="en">
 <head>
  <title>
</title>
<meta http-equiv="Content-Type" content="text/html;charset=utf-8" />
  <meta name='ocr-system' content='tesseract 3.04.00' />
  <meta name='ocr-capabilities' content='ocr_page ocr_carea ocr_par ocr_line ocrx_word'/>
</head>
<body>
  <div class='ocr_page' id='page_1' title='image "./theologiaemoral03kenrgoog_0289.png"; bbox 0 0 3046 5262; ppageno 0'>
   <div class='ocr_carea' id='block_1_1' title="bbox 279 479 1211 544">
    <p class='ocr_par' dir='ltr' id='par_1_1' title="bbox 279 479 1211 544">
     <span class='ocr_line' id='line_1_1' title="bbox 279 479 1211 544; baseline -0.002 -2"><span class='ocrx_word' id='word_1_1' title='bbox 279 485 340 544; x_wconf 75' lang='lat'><strong>270</strong></span> <span class='ocrx_word' id='word_1_2' title='bbox 439 483 495 544; x_wconf 84' lang='lat' dir='ltr'><strong>DE</strong></span> <span class='ocrx_word' id='word_1_3' title='bbox 515 481 668 543; x_wconf 80' lang='lat' dir='ltr'><strong>LEGUM</strong></span> <span class='ocrx_word' id='word_1_4' title='bbox 689 481 885 543; x_wconf 83' lang='lat' dir='ltr'>CIVILIUM</span> <span class='ocrx_word' id='word_1_5' title='bbox 906 479 1211 542; x_wconf 82' lang='lat' dir='ltr'><strong>OBLIGATIONE.</strong></span> 
     </span>
    </p>
   </div>
   <div class='ocr_carea' id='block_1_2' title="bbox 279 645 1376 920">
    <p class='ocr_par' dir='ltr' id='par_1_2' title="bbox 279 645 1376 920">
     <span class='ocr_line' id='line_1_2' title="bbox 279 645 1376 726; baseline 0.001 -20"><span class='ocrx_word' id='word_1_6' title='bbox 279 649 396 709; x_wconf 86' lang='lat' dir='ltr'><strong>vissims</strong></span> <span class='ocrx_word' id='word_1_7' title='bbox 410 657 504 708; x_wconf 84' lang='lat' dir='ltr'><strong>autem</strong></span> <span class='ocrx_word' id='word_1_8' title='bbox 516 655 636 726; x_wconf 80' lang='lat' dir='ltr'><strong>peccam</strong></span> <span class='ocrx_word' id='word_1_9' title='bbox 648 647 697 719; x_wconf 85' lang='lat' dir='ltr'><strong>qui</strong></span> <span class='ocrx_word' id='word_1_10' title='bbox 706 645 912 706; x_wconf 87' lang='lat' dir='ltr'><strong>temereetlevi</strong></span> <span class='ocrx_word' id='word_1_11' title='bbox 922 663 1103 720; x_wconf 86' lang='lat' dir='ltr'><strong>quocumque</strong></span> <span class='ocrx_word' id='word_1_12' title='bbox 1113 654 1254 722; x_wconf 80' lang='lat' dir='ltr'><strong>pretextu</strong></span> <span class='ocrx_word' id='word_1_13' title='bbox 1264 655 1376 723; x_wconf 85' lang='lat' dir='ltr'><strong>pertur-</strong></span> 
     </span>
     <span class='ocr_line' id='line_1_3' title="bbox 280 747 1323 824; baseline -0.011 -18"><span class='ocrx_word' id='word_1_14' title='bbox 280 749 346 808; x_wconf 85' lang='lat' dir='ltr'><strong>bant</strong></span> <span class='ocrx_word' id='word_1_15' title='bbox 357 747 570 824; x_wconf 87' lang='lat' dir='ltr'><strong>rempublicam.</strong></span> <span class='ocrx_word' id='word_1_16' title='bbox 1183 758 1189 771; x_wconf 92' lang='lat'><strong>·</strong></span> <span class='ocrx_word' id='word_1_17' title='bbox 1320 820 1323 824; x_wconf 20' lang='grc' dir='ltr'>Ι</span> 
     </span>
     <span class='ocr_line' id='line_1_4' title="bbox 322 842 1376 920; baseline -0.002 -16"><span class='ocrx_word' id='word_1_18' title='bbox 322 851 368 906; x_wconf 84' lang='grc'><strong>16.</strong></span> <span class='ocrx_word' id='word_1_19' title='bbox 390 845 424 905; x_wconf 89' lang='lat' dir='ltr'><strong>ln</strong></span> <span class='ocrx_word' id='word_1_20' title='bbox 438 845 563 904; x_wconf 78' lang='lat' dir='ltr'><strong>statibus</strong></span> <span class='ocrx_word' id='word_1_21' title='bbox 576 842 729 912; x_wconf 75' lang='lat' dir='ltr'><strong>sederatis,</strong></span> <span class='ocrx_word' id='word_1_22' title='bbox 744 861 832 916; x_wconf 86' lang='lat' dir='ltr'><strong>quum</strong></span> <span class='ocrx_word' id='word_1_23' title='bbox 845 851 970 920; x_wconf 88' lang='lat' dir='ltr'><strong>potestas</strong></span> <span class='ocrx_word' id='word_1_24' title='bbox 985 859 1118 919; x_wconf 91' lang='lat' dir='ltr'><strong>suprema</strong></span> <span class='ocrx_word' id='word_1_25' title='bbox 1131 861 1220 920; x_wconf 84' lang='lat' dir='ltr'><strong>penes</strong></span> <span class='ocrx_word' id='word_1_26' title='bbox 1233 844 1376 920; x_wconf 87' lang='lat' dir='ltr'><strong>populum</strong></span> 
     </span>
    </p>
   </div>
   <div class='ocr_carea' id='block_1_3' title="bbox 273 941 1376 3700">
    <p class='ocr_par' dir='ltr' id='par_1_3' title="bbox 279 941 1376 1612">
     <span class='ocr_line' id='line_1_5' title="bbox 281 941 1376 1022; baseline -0.003 -19"><span class='ocrx_word' id='word_1_27' title='bbox 281 963 446 1022; x_wconf 86' lang='lat' dir='ltr'><strong>permanere</strong></span> <span class='ocrx_word' id='word_1_28' title='bbox 460 953 618 1012; x_wconf 81' lang='lat' dir='ltr'><strong>cemsatrr,</strong></span> <span class='ocrx_word' id='word_1_29' title='bbox 632 962 690 1004; x_wconf 90' lang='lat' dir='ltr'><strong>non</strong></span> <span class='ocrx_word' id='word_1_30' title='bbox 703 951 803 1020; x_wconf 85' lang='lat' dir='ltr'><strong>peccat</strong></span> <span class='ocrx_word' id='word_1_31' title='bbox 815 941 998 1020; x_wconf 88' lang='lat' dir='ltr'><strong>repugnando</strong></span> <span class='ocrx_word' id='word_1_32' title='bbox 1017 943 1162 1018; x_wconf 87' lang='lat' dir='ltr'><strong>potestatis</strong></span> <span class='ocrx_word' id='word_1_33' title='bbox 1181 941 1376 1018; x_wconf 82' lang='lat' dir='ltr'><strong>legumlatori-</strong></span> 
     </span>
     <span class='ocr_line' id='line_1_6' title="bbox 280 1041 1372 1110; baseline -0.002 -9"><span class='ocrx_word' id='word_1_34' title='bbox 280 1044 332 1104; x_wconf 87' lang='lat' dir='ltr'><strong>bus</strong></span> <span class='ocrx_word' id='word_1_35' title='bbox 346 1044 392 1103; x_wconf 82' lang='lat' dir='ltr'><strong>val</strong></span> <span class='ocrx_word' id='word_1_36' title='bbox 407 1043 650 1103; x_wconf 84' lang='lat' dir='ltr'><strong>Gubernatoribus</strong></span> <span class='ocrx_word' id='word_1_37' title='bbox 662 1043 824 1100; x_wconf 75' lang='lat' dir='ltr'><strong>commisse</strong></span> <span class='ocrx_word' id='word_1_38' title='bbox 838 1041 988 1100; x_wconf 82' lang='lat' dir='ltr'><strong>manifesto</strong></span> <span class='ocrx_word' id='word_1_39' title='bbox 1002 1041 1111 1110; x_wconf 89' lang='lat' dir='ltr'><strong>abusui,</strong></span> <span class='ocrx_word' id='word_1_40' title='bbox 1126 1041 1172 1099; x_wconf 88' lang='lat' dir='ltr'><strong>vel</strong></span> <span class='ocrx_word' id='word_1_41' title='bbox 1190 1041 1259 1099; x_wconf 84' lang='lat' dir='ltr'><strong>alias</strong></span> <span class='ocrx_word' id='word_1_42' title='bbox 1273 1059 1372 1100; x_wconf 89' lang='lat' dir='ltr'><strong>emen·</strong></span> 
     </span>
     <span class='ocr_line' id='line_1_7' title="bbox 279 1139 1375 1220; baseline 0 -20"><span class='ocrx_word' id='word_1_43' title='bbox 279 1140 446 1216; x_wconf 77' lang='lat' dir='ltr'><strong>dandoque</strong></span> <span class='ocrx_word' id='word_1_44' title='bbox 456 1153 554 1202; x_wconf 85' lang='lat' dir='ltr'><strong>contra</strong></span> <span class='ocrx_word' id='word_1_45' title='bbox 566 1139 818 1200; x_wconf 80' lang='lat' dir='ltr'><strong>Constitutionem</strong></span> <span class='ocrx_word' id='word_1_46' title='bbox 830 1139 1060 1220; x_wconf 88' lang='lat' dir='ltr'><strong>amagistratibus</strong></span> <span class='ocrx_word' id='word_1_47' title='bbox 1068 1139 1114 1198; x_wconf 89' lang='lat' dir='ltr'><strong>vel</strong></span> <span class='ocrx_word' id='word_1_48' title='bbox 1121 1139 1183 1197; x_wconf 83' lang='lat' dir='ltr'><strong>aliis</strong></span> <span class='ocrx_word' id='word_1_49' title='bbox 1191 1141 1375 1212; x_wconf 88' lang='lat' dir='ltr'><strong>quibuscum·</strong></span> 
     </span>
     <span class='ocr_line' id='line_1_8' title="bbox 281 1237 1374 1316; baseline -0.001 -17"><span class='ocrx_word' id='word_1_50' title='bbox 281 1259 337 1316; x_wconf 89' lang='lat' dir='ltr'><strong>que</strong></span> <span class='ocrx_word' id='word_1_51' title='bbox 350 1251 533 1309; x_wconf 79' lang='lat' dir='ltr'><strong>attentantrr3</strong></span> <span class='ocrx_word' id='word_1_52' title='bbox 554 1260 611 1300; x_wconf 90' lang='lat' dir='ltr'><strong>non</strong></span> <span class='ocrx_word' id='word_1_53' title='bbox 634 1241 711 1299; x_wconf 90' lang='lat' dir='ltr'><strong>enim</strong></span> <span class='ocrx_word' id='word_1_54' title='bbox 730 1241 837 1298; x_wconf 80' lang='lat' dir='ltr'><strong>resistit</strong></span> <span class='ocrx_word' id='word_1_55' title='bbox 859 1239 999 1316; x_wconf 76' lang='lat' dir='ltr'><strong>potestati,</strong></span> <span class='ocrx_word' id='word_1_56' title='bbox 1013 1237 1065 1296; x_wconf 90' lang='lat' dir='ltr'><strong>sed</strong></span> <span class='ocrx_word' id='word_1_57' title='bbox 1084 1239 1273 1315; x_wconf 85' lang='lat' dir='ltr'><strong>usurpationi.</strong></span> <span class='ocrx_word' id='word_1_58' title='bbox 1314 1239 1374 1298; x_wconf 86' lang='lat' dir='ltr'><strong>Sed</strong></span> 
     </span>
     <span class='ocr_line' id='line_1_9' title="bbox 280 1336 1374 1418; baseline -0.002 -20"><span class='ocrx_word' id='word_1_59' title='bbox 280 1339 350 1398; x_wconf 89' lang='lat' dir='ltr'><strong>crdo</strong></span> <span class='ocrx_word' id='word_1_60' title='bbox 369 1339 499 1418; x_wconf 88' lang='lat' dir='ltr'><strong>publicus</strong></span> <span class='ocrx_word' id='word_1_61' title='bbox 519 1339 674 1399; x_wconf 85' lang='lat' dir='ltr'><strong>serrandus</strong></span> <span class='ocrx_word' id='word_1_62' title='bbox 695 1349 749 1407; x_wconf 88' lang='lat' dir='ltr'><strong>est,</strong></span> <span class='ocrx_word' id='word_1_63' title='bbox 770 1339 915 1411; x_wconf 84' lang='lat' dir='ltr'><strong>turboeque</strong></span> <span class='ocrx_word' id='word_1_64' title='bbox 935 1336 1074 1396; x_wconf 79' lang='lat' dir='ltr'><strong>vitandas:</strong></span> <span class='ocrx_word' id='word_1_65' title='bbox 1095 1357 1149 1396; x_wconf 88' lang='lat' dir='ltr'><strong>nec</strong></span> <span class='ocrx_word' id='word_1_66' title='bbox 1168 1338 1228 1396; x_wconf 85' lang='lat' dir='ltr'><strong>levi</strong></span> <span class='ocrx_word' id='word_1_67' title='bbox 1242 1336 1278 1395; x_wconf 87' lang='lat' dir='ltr'><strong>de</strong></span> <span class='ocrx_word' id='word_1_68' title='bbox 1291 1357 1374 1397; x_wconf 83' lang='lat' dir='ltr'><strong>causa</strong></span> 
     </span>
     <span class='ocr_line' id='line_1_10' title="bbox 281 1436 1375 1516; baseline 0 -20"><span class='ocrx_word' id='word_1_69' title='bbox 281 1441 417 1498; x_wconf 83' lang='lat' dir='ltr'><strong>exercitio</strong></span> <span class='ocrx_word' id='word_1_70' title='bbox 431 1440 600 1499; x_wconf 79' lang='lat' dir='ltr'><strong>auctoritatis</strong></span> <span class='ocrx_word' id='word_1_71' title='bbox 619 1436 852 1516; x_wconf 67' lang='lat' dir='ltr'><strong>repugnandum</strong></span> <span class='ocrx_word' id='word_1_72' title='bbox 874 1456 910 1498; x_wconf 90' lang='lat' dir='ltr'><strong>ne</strong></span> <span class='ocrx_word' id='word_1_73' title='bbox 933 1455 970 1496; x_wconf 86' lang='lat' dir='ltr'><strong>ex</strong></span> <span class='ocrx_word' id='word_1_74' title='bbox 988 1436 1123 1496; x_wconf 77' lang='lat' dir='ltr'><strong>libertatis</strong></span> <span class='ocrx_word' id='word_1_75' title='bbox 1146 1436 1243 1497; x_wconf 84' lang='lat' dir='ltr'><strong>studio</strong></span> <span class='ocrx_word' id='word_1_76' title='bbox 1263 1437 1375 1496; x_wconf 86' lang='lat' dir='ltr'><strong>licentia</strong></span> 
     </span>
     <span class='ocr_line' id='line_1_11' title="bbox 281 1531 1055 1612; baseline -0.006 -14"><span class='ocrx_word' id='word_1_77' title='bbox 281 1539 395 1606; x_wconf 70' lang='lat' dir='ltr'><strong>oriam,</strong></span> <span class='ocrx_word' id='word_1_78' title='bbox 409 1547 438 1596; x_wconf 93' lang='lat' dir='ltr'><strong>et</strong></span> <span class='ocrx_word' id='word_1_79' title='bbox 449 1538 630 1597; x_wconf 77' lang='lat' dir='ltr'><strong>factiosorum</strong></span> <span class='ocrx_word' id='word_1_80' title='bbox 644 1537 792 1597; x_wconf 89' lang='lat' dir='ltr'><strong>conatibus</strong></span> <span class='ocrx_word' id='word_1_81' title='bbox 806 1537 966 1612; x_wconf 82' lang='lat' dir='ltr'><strong>respublica</strong></span> <span class='ocrx_word' id='word_1_82' title='bbox 983 1531 1055 1594; x_wconf 86' lang='lat' dir='ltr'><strong>mat.</strong></span> 
     </span>
    </p>

    <p class='ocr_par' dir='ltr' id='par_1_4' title="bbox 278 1633 1374 2603">
     <span class='ocr_line' id='line_1_12' title="bbox 323 1633 1374 1713; baseline 0.001 -19"><span class='ocrx_word' id='word_1_83' title='bbox 323 1641 370 1694; x_wconf 87' lang='grc'><strong>17.</strong></span> <span class='ocrx_word' id='word_1_84' title='bbox 391 1637 503 1713; x_wconf 81' lang='lat' dir='ltr'><strong>Legum</strong></span> <span class='ocrx_word' id='word_1_85' title='bbox 517 1637 560 1694; x_wconf 84' lang='lat' dir='ltr'><strong>vis</strong></span> <span class='ocrx_word' id='word_1_86' title='bbox 575 1655 611 1698; x_wconf 87' lang='lat' dir='ltr'><strong>ex</strong></span> <span class='ocrx_word' id='word_1_87' title='bbox 625 1635 736 1694; x_wconf 87' lang='lat' dir='ltr'><strong>dotibus</strong></span> <span class='ocrx_word' id='word_1_88' title='bbox 750 1653 798 1692; x_wconf 86' lang='lat' dir='ltr'><strong>eas</strong></span> <span class='ocrx_word' id='word_1_89' title='bbox 811 1635 963 1694; x_wconf 89' lang='lat' dir='ltr'><strong>ferentium</strong></span> <span class='ocrx_word' id='word_1_90' title='bbox 978 1653 1038 1692; x_wconf 90' lang='lat' dir='ltr'><strong>non</strong></span> <span class='ocrx_word' id='word_1_91' title='bbox 1049 1633 1163 1711; x_wconf 85' lang='lat' dir='ltr'><strong>pendet,</strong></span> <span class='ocrx_word' id='word_1_92' title='bbox 1174 1653 1244 1694; x_wconf 86' lang='lat' dir='ltr'><strong>nam</strong></span> <span class='ocrx_word' id='word_1_93' title='bbox 1254 1635 1374 1696; x_wconf 82' lang='lat' dir='ltr'><strong>ethnicis</strong></span> 
     </span>
     <span class='ocr_line' id='line_1_13' title="bbox 280 1733 1373 1812; baseline 0.001 -18"><span class='ocrx_word' id='word_1_94' title='bbox 280 1735 495 1812; x_wconf 83' lang='lat' dir='ltr'><strong>imperatoribus</strong></span> <span class='ocrx_word' id='word_1_95' title='bbox 516 1744 544 1791; x_wconf 91' lang='lat' dir='ltr'><strong>et</strong></span> <span class='ocrx_word' id='word_1_96' title='bbox 562 1735 769 1812; x_wconf 87' lang='lat' dir='ltr'><strong>magistratibus</strong></span> <span class='ocrx_word' id='word_1_97' title='bbox 790 1735 923 1812; x_wconf 84' lang='lat' dir='ltr'><strong>Apostoli</strong></span> <span class='ocrx_word' id='word_1_98' title='bbox 943 1733 1099 1792; x_wconf 90' lang='lat' dir='ltr'><strong>docuerunt</strong></span> <span class='ocrx_word' id='word_1_99' title='bbox 1118 1733 1373 1811; x_wconf 86' lang='lat' dir='ltr'><strong>obtemperandum</strong></span> 
     </span>
     <span class='ocr_line' id='line_1_14' title="bbox 280 1832 1371 1912; baseline -0.002 -18"><span class='ocrx_word' id='word_1_100' title='bbox 280 1852 361 1894; x_wconf 87' lang='lat' dir='ltr'><strong>esse:</strong></span> <span class='ocrx_word' id='word_1_101' title='bbox 383 1845 555 1912; x_wconf 87' lang='lat' dir='ltr'><strong>quapropter</strong></span> <span class='ocrx_word' id='word_1_102' title='bbox 567 1853 691 1910; x_wconf 85' lang='lat' dir='ltr'><strong>sequens</strong></span> <span class='ocrx_word' id='word_1_103' title='bbox 705 1833 833 1894; x_wconf 89' lang='lat' dir='ltr'><strong>Wicleffi</strong></span> <span class='ocrx_word' id='word_1_104' title='bbox 843 1834 1000 1911; x_wconf 86' lang='lat' dir='ltr'><strong>propositio</strong></span> <span class='ocrx_word' id='word_1_105' title='bbox 1011 1832 1141 1891; x_wconf 84' lang='lat' dir='ltr'><strong>damnata</strong></span> <span class='ocrx_word' id='word_1_106' title='bbox 1150 1842 1211 1890; x_wconf 86' lang='lat' dir='ltr'><strong>cst:</strong></span> <span class='ocrx_word' id='word_1_107' title='bbox 1236 1843 1256 1870; x_wconf 80' lang='lat'><strong>‘⁴</strong></span> <span class='ocrx_word' id='word_1_108' title='bbox 1267 1835 1299 1891; x_wconf 94' lang='lat' dir='ltr'>N</span> <span class='ocrx_word' id='word_1_109' title='bbox 1299 1836 1371 1894; x_wconf 90' lang='lat' dir='ltr'><strong>ullu</strong></span> 
     </span>
     <span class='ocr_line' id='line_1_15' title="bbox 281 1932 1372 2012; baseline 0.001 -20"><span class='ocrx_word' id='word_1_110' title='bbox 281 1943 324 1992; x_wconf 89' lang='lat' dir='ltr'><strong>est</strong></span> <span class='ocrx_word' id='word_1_111' title='bbox 337 1933 471 1993; x_wconf 87' lang='lat' dir='ltr'><strong>dominns</strong></span> <span class='ocrx_word' id='word_1_112' title='bbox 484 1933 587 2002; x_wconf 89' lang='lat' dir='ltr'><strong>civilis,</strong></span> <span class='ocrx_word' id='word_1_113' title='bbox 608 1936 702 1993; x_wconf 87' lang='lat' dir='ltr'><strong>nullus</strong></span> <span class='ocrx_word' id='word_1_114' title='bbox 725 1944 769 1992; x_wconf 91' lang='lat' dir='ltr'><strong>est</strong></span> <span class='ocrx_word' id='word_1_115' title='bbox 788 1933 928 2012; x_wconf 73' lang='lat' dir='ltr'><strong>prelatus,</strong></span> <span class='ocrx_word' id='word_1_116' title='bbox 948 1932 1043 1990; x_wconf 91' lang='lat' dir='ltr'><strong>nullus</strong></span> <span class='ocrx_word' id='word_1_117' title='bbox 1064 1941 1107 1988; x_wconf 89' lang='lat' dir='ltr'><strong>est</strong></span> <span class='ocrx_word' id='word_1_118' title='bbox 1126 1933 1293 2010; x_wconf 89' lang='lat' dir='ltr'><strong>episcopus,</strong></span> <span class='ocrx_word' id='word_1_119' title='bbox 1307 1934 1372 1993; x_wconf 87' lang='lat' dir='ltr'><strong>dum</strong></span> 
     </span>
     <span class='ocr_line' id='line_1_16' title="bbox 281 2029 1372 2110; baseline -0.002 -18"><span class='ocrx_word' id='word_1_120' title='bbox 281 2034 366 2092; x_wconf 85' lang='lat' dir='ltr'><strong>estin</strong></span> <span class='ocrx_word' id='word_1_121' title='bbox 379 2043 496 2110; x_wconf 88' lang='lat' dir='ltr'><strong>peccato</strong></span> <span class='ocrx_word' id='word_1_122' title='bbox 510 2029 668 2092; x_wconf 81' lang='lat' dir='ltr'><strong>mortali.”¹</strong></span> <span class='ocrx_word' id='word_1_123' title='bbox 710 2033 788 2092; x_wconf 84' lang='lat' dir='ltr'><strong>Hinc</strong></span> <span class='ocrx_word' id='word_1_124' title='bbox 800 2034 879 2110; x_wconf 87' lang='lat' dir='ltr'><strong>leges</strong></span> <span class='ocrx_word' id='word_1_125' title='bbox 892 2041 994 2092; x_wconf 86' lang='lat' dir='ltr'><strong>nostrae</strong></span> <span class='ocrx_word' id='word_1_126' title='bbox 1008 2050 1070 2105; x_wconf 85' lang='lat' dir='ltr'><strong>quae</strong></span> <span class='ocrx_word' id='word_1_127' title='bbox 1084 2029 1211 2090; x_wconf 85' lang='lat' dir='ltr'><strong>feruntur</strong></span> <span class='ocrx_word' id='word_1_128' title='bbox 1225 2053 1243 2090; x_wconf 88' lang='lat' dir='ltr'><strong>a</strong></span> <span class='ocrx_word' id='word_1_129' title='bbox 1256 2035 1372 2094; x_wconf 86' lang='lat' dir='ltr'><strong>coetibus</strong></span> 
     </span>
     <span class='ocr_line' id='line_1_17' title="bbox 278 2130 1370 2212; baseline 0.003 -22"><span class='ocrx_word' id='word_1_130' title='bbox 278 2130 428 2190; x_wconf 89' lang='lat' dir='ltr'><strong>hominurn</strong></span> <span class='ocrx_word' id='word_1_131' title='bbox 442 2132 491 2204; x_wconf 91' lang='lat' dir='ltr'><strong>qui</strong></span> <span class='ocrx_word' id='word_1_132' title='bbox 503 2131 608 2204; x_wconf 89' lang='lat' dir='ltr'><strong>absque</strong></span> <span class='ocrx_word' id='word_1_133' title='bbox 622 2132 787 2191; x_wconf 86' lang='lat' dir='ltr'><strong>discrimine</strong></span> <span class='ocrx_word' id='word_1_134' title='bbox 800 2132 945 2210; x_wconf 84' lang='lat' dir='ltr'><strong>religionis</strong></span> <span class='ocrx_word' id='word_1_135' title='bbox 959 2149 976 2186; x_wconf 92' lang='lat' dir='ltr'><strong>e</strong></span> <span class='ocrx_word' id='word_1_136' title='bbox 989 2132 1094 2189; x_wconf 89' lang='lat' dir='ltr'><strong>civium</strong></span> <span class='ocrx_word' id='word_1_137' title='bbox 1114 2150 1237 2191; x_wconf 85' lang='lat' dir='ltr'><strong>numero</strong></span> <span class='ocrx_word' id='word_1_138' title='bbox 1251 2135 1370 2212; x_wconf 87' lang='lat' dir='ltr'><strong>sehgun·</strong></span> 
     </span>
     <span class='ocr_line' id='line_1_18' title="bbox 281 2229 1370 2309; baseline 0.002 -20"><span class='ocrx_word' id='word_1_139' title='bbox 281 2239 336 2296; x_wconf 86' lang='lat' dir='ltr'><strong>tur,</strong></span> <span class='ocrx_word' id='word_1_140' title='bbox 350 2230 448 2307; x_wconf 88' lang='lat' dir='ltr'><strong>paucis</strong></span> <span class='ocrx_word' id='word_1_141' title='bbox 462 2231 579 2289; x_wconf 91' lang='lat' dir='ltr'><strong>omnino</strong></span> <span class='ocrx_word' id='word_1_142' title='bbox 592 2232 637 2288; x_wconf 90' lang='lat' dir='ltr'><strong>vel</strong></span> <span class='ocrx_word' id='word_1_143' title='bbox 656 2231 742 2289; x_wconf 90' lang='lat' dir='ltr'><strong>nullis</strong></span> <span class='ocrx_word' id='word_1_144' title='bbox 764 2229 919 2292; x_wconf 84' lang='lat' dir='ltr'><strong>Catholicis</strong></span> <span class='ocrx_word' id='word_1_145' title='bbox 939 2231 1202 2298; x_wconf 88' lang='lat' dir='ltr'><strong>intervenientibus,</strong></span> <span class='ocrx_word' id='word_1_146' title='bbox 1216 2232 1303 2309; x_wconf 88' lang='lat' dir='ltr'><strong>plena</strong></span> <span class='ocrx_word' id='word_1_147' title='bbox 1315 2233 1370 2309; x_wconf 92' lang='lat' dir='ltr'><strong>pol-</strong></span> 
     </span>
     <span class='ocr_line' id='line_1_19' title="bbox 279 2327 1371 2405; baseline 0.003 -20"><span class='ocrx_word' id='word_1_148' title='bbox 279 2327 339 2386; x_wconf 86' lang='lat' dir='ltr'><strong>lent</strong></span> <span class='ocrx_word' id='word_1_149' title='bbox 351 2330 390 2394; x_wconf 89' lang='lat' dir='ltr'><strong>vi,</strong></span> <span class='ocrx_word' id='word_1_150' title='bbox 405 2347 493 2400; x_wconf 88' lang='lat' dir='ltr'><strong>quum</strong></span> <span class='ocrx_word' id='word_1_151' title='bbox 513 2330 627 2405; x_wconf 87' lang='lat' dir='ltr'><strong>publica</strong></span> <span class='ocrx_word' id='word_1_152' title='bbox 647 2332 809 2389; x_wconf 89' lang='lat' dir='ltr'><strong>auctoritate</strong></span> <span class='ocrx_word' id='word_1_153' title='bbox 823 2331 993 2390; x_wconf 88' lang='lat' dir='ltr'><strong>muniantur.</strong></span> <span class='ocrx_word' id='word_1_154' title='bbox 1036 2329 1115 2390; x_wconf 90' lang='lat' dir='ltr'><strong>Hinc</strong></span> <span class='ocrx_word' id='word_1_155' title='bbox 1132 2339 1208 2388; x_wconf 87' lang='lat' dir='ltr'><strong>recte</strong></span> <span class='ocrx_word' id='word_1_156' title='bbox 1223 2331 1308 2391; x_wconf 89' lang='lat' dir='ltr'><strong>docet</strong></span> <span class='ocrx_word' id='word_1_157' title='bbox 1320 2332 1371 2390; x_wconf 88' lang='lat' dir='ltr'><strong>Pe·</strong></span> 
     </span>
     <span class='ocr_line' id='line_1_20' title="bbox 278 2422 1370 2505; baseline 0.004 -21"><span class='ocrx_word' id='word_1_158' title='bbox 278 2434 337 2484; x_wconf 88' lang='lat' dir='ltr'><strong>trus</strong></span> <span class='ocrx_word' id='word_1_159' title='bbox 346 2424 428 2483; x_wconf 87' lang='lat' dir='ltr'><strong>Dens</strong></span> <span class='ocrx_word' id='word_1_160' title='bbox 441 2426 519 2504; x_wconf 89' lang='lat' dir='ltr'><strong>leges</strong></span> <span class='ocrx_word' id='word_1_161' title='bbox 528 2427 724 2486; x_wconf 74' lang='lat' dir='ltr'><strong>haereticorum</strong></span> <span class='ocrx_word' id='word_1_162' title='bbox 736 2428 860 2505; x_wconf 85' lang='lat' dir='ltr'><strong>obligare</strong></span> <span class='ocrx_word' id='word_1_163' title='bbox 874 2429 1002 2488; x_wconf 87' lang='lat' dir='ltr'><strong>subditos</strong></span> <span class='ocrx_word' id='word_1_164' title='bbox 1014 2427 1179 2490; x_wconf 72' lang='lat' dir='ltr'><strong>catholicos</strong></span> <span class='ocrx_word' id='word_1_165' title='bbox 1191 2422 1216 2497; x_wconf 69' lang='grc' dir='ltr'><strong>ς’</strong></span> <span class='ocrx_word' id='word_1_166' title='bbox 1236 2430 1370 2504; x_wconf 89' lang='lat' dir='ltr'><strong>quidquid</strong></span> 
     </span>
     <span class='ocr_line' id='line_1_21' title="bbox 278 2525 1153 2603; baseline 0.007 -23"><span class='ocrx_word' id='word_1_167' title='bbox 278 2527 316 2584; x_wconf 89' lang='lat' dir='ltr'><strong>sit</strong></span> <span class='ocrx_word' id='word_1_168' title='bbox 328 2525 362 2582; x_wconf 93' lang='lat' dir='ltr'><strong>de</strong></span> <span class='ocrx_word' id='word_1_169' title='bbox 373 2525 553 2584; x_wconf 82' lang='lat' dir='ltr'><strong>conscientiae</strong></span> <span class='ocrx_word' id='word_1_170' title='bbox 566 2525 710 2603; x_wconf 86' lang='lat' dir='ltr'><strong>ligamine,</strong></span> <span class='ocrx_word' id='word_1_171' title='bbox 725 2527 760 2585; x_wconf 92' lang='lat' dir='ltr'><strong>de</strong></span> <span class='ocrx_word' id='word_1_172' title='bbox 775 2545 832 2600; x_wconf 91' lang='lat' dir='ltr'><strong>quo</strong></span> <span class='ocrx_word' id='word_1_173' title='bbox 846 2546 915 2585; x_wconf 83' lang='lat' dir='ltr'><strong>mox</strong></span> <span class='ocrx_word' id='word_1_174' title='bbox 929 2527 1029 2586; x_wconf 87' lang='lat' dir='ltr'><strong>dicturi</strong></span> <span class='ocrx_word' id='word_1_175' title='bbox 1044 2548 1153 2588; x_wconf 87' lang='lat' dir='ltr'><strong>sumus.</strong></span> 
     </span>
    </p>

    <p class='ocr_par' dir='ltr' id='par_1_5' title="bbox 273 2625 1368 3700">
     <span class='ocr_line' id='line_1_22' title="bbox 309 2625 1365 2705; baseline 0.005 -23"><span class='ocrx_word' id='word_1_176' title='bbox 309 2629 367 2686; x_wconf 82' lang='grc'><strong>18.</strong></span> <span class='ocrx_word' id='word_1_177' title='bbox 389 2625 508 2684; x_wconf 84' lang='lat' dir='ltr'><strong>Nullam</strong></span> <span class='ocrx_word' id='word_1_178' title='bbox 521 2642 585 2682; x_wconf 88' lang='lat' dir='ltr'><strong>esse</strong></span> <span class='ocrx_word' id='word_1_179' title='bbox 599 2626 798 2704; x_wconf 85' lang='lat' dir='ltr'><strong>obligationem</strong></span> <span class='ocrx_word' id='word_1_180' title='bbox 812 2627 886 2704; x_wconf 87' lang='lat' dir='ltr'><strong>legis</strong></span> <span class='ocrx_word' id='word_1_181' title='bbox 909 2627 1020 2704; x_wconf 72' lang='lat' dir='ltr'><strong>injustae</strong></span> <span class='ocrx_word' id='word_1_182' title='bbox 1034 2638 1153 2696; x_wconf 88' lang='lat' dir='ltr'><strong>constat,</strong></span> <span class='ocrx_word' id='word_1_183' title='bbox 1174 2647 1241 2690; x_wconf 87' lang='lat' dir='ltr'><strong>nam</strong></span> <span class='ocrx_word' id='word_1_184' title='bbox 1258 2630 1365 2705; x_wconf 86' lang='lat' dir='ltr'><strong>justitia</strong></span> 
     </span>
     <span class='ocr_line' id='line_1_23' title="bbox 278 2720 1368 2787; baseline 0.004 -5"><span class='ocrx_word' id='word_1_185' title='bbox 278 2725 395 2784; x_wconf 89' lang='lat' dir='ltr'><strong>omnino</strong></span> <span class='ocrx_word' id='word_1_186' title='bbox 416 2726 576 2786; x_wconf 86' lang='lat' dir='ltr'><strong>necessaria</strong></span> <span class='ocrx_word' id='word_1_187' title='bbox 594 2736 638 2784; x_wconf 91' lang='lat' dir='ltr'><strong>est</strong></span> <span class='ocrx_word' id='word_1_188' title='bbox 656 2736 687 2786; x_wconf 92' lang='lat' dir='ltr'><strong>ut</strong></span> <span class='ocrx_word' id='word_1_189' title='bbox 699 2727 747 2784; x_wconf 85' lang='lat' dir='ltr'><strong>lex</strong></span> <span class='ocrx_word' id='word_1_190' title='bbox 760 2720 894 2785; x_wconf 83' lang='lat' dir='ltr'><strong>dicatur.³</strong></span> <span class='ocrx_word' id='word_1_191' title='bbox 935 2726 1040 2785; x_wconf 91' lang='lat' dir='ltr'><strong>Omnis</strong></span> <span class='ocrx_word' id='word_1_192' title='bbox 1058 2736 1152 2786; x_wconf 87' lang='lat' dir='ltr'><strong>autern</strong></span> <span class='ocrx_word' id='word_1_193' title='bbox 1169 2729 1219 2787; x_wconf 86' lang='lat' dir='ltr'><strong>lex</strong></span> <span class='ocrx_word' id='word_1_194' title='bbox 1244 2728 1368 2787; x_wconf 85' lang='lat' dir='ltr'><strong>habenda</strong></span> 
     </span>
     <span class='ocr_line' id='line_1_24' title="bbox 278 2825 1365 2904; baseline 0.005 -23"><span class='ocrx_word' id='word_1_195' title='bbox 278 2833 322 2881; x_wconf 84' lang='lat' dir='ltr'><strong>est</strong></span> <span class='ocrx_word' id='word_1_196' title='bbox 336 2827 424 2900; x_wconf 85' lang='lat' dir='ltr'><strong>justa,</strong></span> <span class='ocrx_word' id='word_1_197' title='bbox 446 2826 502 2883; x_wconf 88' lang='lat' dir='ltr'><strong>nisi</strong></span> <span class='ocrx_word' id='word_1_198' title='bbox 522 2836 633 2884; x_wconf 87' lang='lat' dir='ltr'><strong>constet</strong></span> <span class='ocrx_word' id='word_1_199' title='bbox 651 2844 714 2884; x_wconf 88' lang='lat' dir='ltr'><strong>eam</strong></span> <span class='ocrx_word' id='word_1_200' title='bbox 735 2825 831 2884; x_wconf 86' lang='lat' dir='ltr'><strong>divino</strong></span> <span class='ocrx_word' id='word_1_201' title='bbox 851 2826 897 2882; x_wconf 85' lang='lat' dir='ltr'><strong>vel</strong></span> <span class='ocrx_word' id='word_1_202' title='bbox 917 2826 1110 2885; x_wconf 87' lang='lat' dir='ltr'><strong>ecclesiastico</strong></span> <span class='ocrx_word' id='word_1_203' title='bbox 1132 2827 1191 2904; x_wconf 89' lang='lat' dir='ltr'><strong>juri</strong></span> <span class='ocrx_word' id='word_1_204' title='bbox 1210 2827 1365 2896; x_wconf 80' lang='lat' dir='ltr'><strong>adversari3</strong></span> 
     </span>
     <span class='ocr_line' id='line_1_25' title="bbox 277 2922 1366 2993; baseline 0.006 -15"><span class='ocrx_word' id='word_1_205' title='bbox 277 2922 322 2978; x_wconf 91' lang='lat' dir='ltr'><strong>vel</strong></span> <span class='ocrx_word' id='word_1_206' title='bbox 335 2922 370 2978; x_wconf 89' lang='lat' dir='ltr'><strong>ad</strong></span> <span class='ocrx_word' id='word_1_207' title='bbox 391 2941 574 2982; x_wconf 86' lang='lat' dir='ltr'><strong>communem</strong></span> <span class='ocrx_word' id='word_1_208' title='bbox 588 2925 693 2982; x_wconf 89' lang='lat' dir='ltr'><strong>civium</strong></span> <span class='ocrx_word' id='word_1_209' title='bbox 708 2925 856 2982; x_wconf 88' lang='lat' dir='ltr'><strong>utilitatem</strong></span> <span class='ocrx_word' id='word_1_210' title='bbox 870 2944 927 2984; x_wconf 91' lang='lat' dir='ltr'><strong>non</strong></span> <span class='ocrx_word' id='word_1_211' title='bbox 947 2932 1011 2984; x_wconf 83' lang='lat' dir='ltr'><strong>esse</strong></span> <span class='ocrx_word' id='word_1_212' title='bbox 1031 2925 1185 2993; x_wconf 81' lang='lat' dir='ltr'><strong>directam3</strong></span> <span class='ocrx_word' id='word_1_213' title='bbox 1206 2927 1253 2984; x_wconf 89' lang='lat' dir='ltr'><strong>vel</strong></span> <span class='ocrx_word' id='word_1_214' title='bbox 1266 2928 1366 2985; x_wconf 87' lang='lat' dir='ltr'><strong>civium</strong></span> 
     </span>
     <span class='ocr_line' id='line_1_26' title="bbox 276 3019 1365 3102; baseline 0.007 -26"><span class='ocrx_word' id='word_1_215' title='bbox 276 3019 386 3090; x_wconf 89' lang='lat' dir='ltr'><strong>aliquos</strong></span> <span class='ocrx_word' id='word_1_216' title='bbox 415 3038 473 3096; x_wconf 84' lang='lat' dir='ltr'><strong>prae</strong></span> <span class='ocrx_word' id='word_1_217' title='bbox 500 3022 606 3078; x_wconf 83' lang='lat' dir='ltr'><strong>caeteris</strong></span> <span class='ocrx_word' id='word_1_218' title='bbox 634 3022 720 3079; x_wconf 88' lang='lat' dir='ltr'><strong>nimis</strong></span> <span class='ocrx_word' id='word_1_219' title='bbox 740 3042 874 3098; x_wconf 81' lang='lat' dir='ltr'><strong>gravare3</strong></span> <span class='ocrx_word' id='word_1_220' title='bbox 895 3024 942 3082; x_wconf 86' lang='lat' dir='ltr'><strong>vel</strong></span> <span class='ocrx_word' id='word_1_221' title='bbox 961 3025 1098 3084; x_wconf 85' lang='lat' dir='ltr'><strong>excedere</strong></span> <span class='ocrx_word' id='word_1_222' title='bbox 1119 3035 1288 3102; x_wconf 86' lang='lat' dir='ltr'><strong>potestatem</strong></span> <span class='ocrx_word' id='word_1_223' title='bbox 1306 3044 1365 3084; x_wconf 88' lang='lat' dir='ltr'><strong>eam</strong></span> 
     </span>
     <span class='ocr_line' id='line_1_27' title="bbox 276 3116 1366 3198; baseline 0.009 -24"><span class='ocrx_word' id='word_1_224' title='bbox 276 3117 401 3174; x_wconf 84' lang='lat' dir='ltr'><strong>serentis.</strong></span> <span class='ocrx_word' id='word_1_225' title='bbox 443 3116 507 3175; x_wconf 86' lang='lat' dir='ltr'><strong>Lex</strong></span> <span class='ocrx_word' id='word_1_226' title='bbox 533 3136 596 3190; x_wconf 78' lang='lat' dir='ltr'><strong>quae</strong></span> <span class='ocrx_word' id='word_1_227' title='bbox 616 3116 768 3178; x_wconf 88' lang='lat' dir='ltr'><strong>divortium</strong></span> <span class='ocrx_word' id='word_1_228' title='bbox 794 3123 938 3198; x_wconf 86' lang='lat' dir='ltr'><strong>permittit,</strong></span> <span class='ocrx_word' id='word_1_229' title='bbox 960 3125 1044 3182; x_wconf 86' lang='lat' dir='ltr'><strong>venia</strong></span> <span class='ocrx_word' id='word_1_230' title='bbox 1063 3125 1135 3182; x_wconf 89' lang='lat' dir='ltr'><strong>facta</strong></span> <span class='ocrx_word' id='word_1_231' title='bbox 1159 3126 1229 3187; x_wconf 88' lang='lat' dir='ltr'><strong>novi</strong></span> <span class='ocrx_word' id='word_1_232' title='bbox 1254 3124 1366 3184; x_wconf 90' lang='lat' dir='ltr'><strong>ineundi</strong></span> 
     </span>
     <span class='ocr_line' id='line_1_28' title="bbox 275 3217 1363 3298; baseline 0.003 -22"><span class='ocrx_word' id='word_1_233' title='bbox 275 3217 460 3285; x_wconf 85' lang='lat' dir='ltr'><strong>matrimonii,</strong></span> <span class='ocrx_word' id='word_1_234' title='bbox 488 3217 584 3275; x_wconf 87' lang='lat' dir='ltr'><strong>divino</strong></span> <span class='ocrx_word' id='word_1_235' title='bbox 606 3219 665 3295; x_wconf 87' lang='lat' dir='ltr'><strong>juri</strong></span> <span class='ocrx_word' id='word_1_236' title='bbox 692 3220 776 3298; x_wconf 88' lang='lat' dir='ltr'><strong>plane</strong></span> <span class='ocrx_word' id='word_1_237' title='bbox 803 3221 975 3290; x_wconf 87' lang='lat' dir='ltr'><strong>adversatur,</strong></span> <span class='ocrx_word' id='word_1_238' title='bbox 1002 3243 1091 3298; x_wconf 92' lang='lat' dir='ltr'><strong>quum</strong></span> <span class='ocrx_word' id='word_1_239' title='bbox 1118 3222 1253 3283; x_wconf 83' lang='lat' dir='ltr'><strong>Christus</strong></span> <span class='ocrx_word' id='word_1_240' title='bbox 1279 3225 1363 3283; x_wconf 90' lang='lat' dir='ltr'><strong>dicat:</strong></span> 
     </span>
     <span class='ocr_line' id='line_1_29' title="bbox 276 3316 1364 3399; baseline 0.006 -27"><span class='ocrx_word' id='word_1_241' title='bbox 276 3316 393 3383; x_wconf 86' lang='lat' dir='ltr'><strong>“Quod</strong></span> <span class='ocrx_word' id='word_1_242' title='bbox 419 3316 499 3374; x_wconf 87' lang='lat' dir='ltr'><strong>Deus</strong></span> <span class='ocrx_word' id='word_1_243' title='bbox 525 3317 683 3396; x_wconf 84' lang='lat' dir='ltr'><strong>conjunxit,</strong></span> <span class='ocrx_word' id='word_1_244' title='bbox 710 3318 799 3378; x_wconf 89' lang='lat' dir='ltr'><strong>homo</strong></span> <span class='ocrx_word' id='word_1_245' title='bbox 830 3339 887 3378; x_wconf 91' lang='lat' dir='ltr'><strong>non</strong></span> <span class='ocrx_word' id='word_1_246' title='bbox 914 3317 1075 3399; x_wconf 77' lang='lat' dir='ltr'><strong>separet.”⁴</strong></span> <span class='ocrx_word' id='word_1_247' title='bbox 1126 3323 1160 3380; x_wconf 80' lang='lat' dir='ltr'><strong>st</strong></span> <span class='ocrx_word' id='word_1_248' title='bbox 1184 3324 1232 3382; x_wconf 76' lang='lat' dir='ltr'><strong>leit</strong></span> <span class='ocrx_word' id='word_1_249' title='bbox 1260 3325 1364 3383; x_wconf 86' lang='lat' dir='ltr'><strong>clericis</strong></span> 
     </span>
     <span class='ocr_line' id='line_1_30' title="bbox 275 3417 1363 3496; baseline 0.006 -24"><span class='ocrx_word' id='word_1_250' title='bbox 275 3417 435 3494; x_wconf 87' lang='lat' dir='ltr'><strong>injungeret</strong></span> <span class='ocrx_word' id='word_1_251' title='bbox 455 3435 532 3476; x_wconf 86' lang='lat' dir='ltr'><strong>arma</strong></span> <span class='ocrx_word' id='word_1_252' title='bbox 557 3435 666 3493; x_wconf 85' lang='lat' dir='ltr'><strong>gerere,</strong></span> <span class='ocrx_word' id='word_1_253' title='bbox 687 3427 715 3475; x_wconf 91' lang='lat' dir='ltr'><strong>et</strong></span> <span class='ocrx_word' id='word_1_254' title='bbox 734 3419 876 3496; x_wconf 85' lang='lat' dir='ltr'><strong>stipendia</strong></span> <span class='ocrx_word' id='word_1_255' title='bbox 895 3421 997 3490; x_wconf 89' lang='lat' dir='ltr'><strong>facere,</strong></span> <span class='ocrx_word' id='word_1_256' title='bbox 1021 3423 1214 3480; x_wconf 86' lang='lat' dir='ltr'><strong>ecclesiastico</strong></span> <span class='ocrx_word' id='word_1_257' title='bbox 1242 3424 1363 3482; x_wconf 88' lang='lat' dir='ltr'><strong>adversa·</strong></span> 
     </span>
     <span class='ocr_line' id='line_1_31' title="bbox 274 3516 1362 3599; baseline 0.005 -25"><span class='ocrx_word' id='word_1_258' title='bbox 274 3524 351 3574; x_wconf 89' lang='lat' dir='ltr'><strong>retur</strong></span> <span class='ocrx_word' id='word_1_259' title='bbox 375 3517 446 3594; x_wconf 87' lang='lat' dir='ltr'><strong>juri,</strong></span> <span class='ocrx_word' id='word_1_260' title='bbox 479 3535 542 3575; x_wconf 89' lang='lat' dir='ltr'><strong>cum</strong></span> <span class='ocrx_word' id='word_1_261' title='bbox 563 3516 670 3575; x_wconf 85' lang='lat' dir='ltr'><strong>ordinis</strong></span> <span class='ocrx_word' id='word_1_262' title='bbox 698 3520 772 3577; x_wconf 87' lang='lat' dir='ltr'><strong>sacri</strong></span> <span class='ocrx_word' id='word_1_263' title='bbox 792 3518 941 3588; x_wconf 90' lang='lat' dir='ltr'><strong>dedecore,</strong></span> <span class='ocrx_word' id='word_1_264' title='bbox 963 3530 991 3577; x_wconf 89' lang='lat' dir='ltr'><strong>et</strong></span> <span class='ocrx_word' id='word_1_265' title='bbox 1016 3522 1093 3580; x_wconf 89' lang='lat' dir='ltr'><strong>nulla</strong></span> <span class='ocrx_word' id='word_1_266' title='bbox 1112 3522 1277 3599; x_wconf 73' lang='lat' dir='ltr'><strong>reipublicae</strong></span> <span class='ocrx_word' id='word_1_267' title='bbox 1295 3522 1362 3580; x_wconf 90' lang='lat' dir='ltr'><strong>utili-</strong></span> 
     </span>
     <span class='ocr_line' id='line_1_32' title="bbox 273 3610 1360 3700; baseline 0.003 -26"><span class='ocrx_word' id='word_1_268' title='bbox 273 3624 337 3680; x_wconf 80' lang='lat' dir='ltr'><strong>tate,</strong></span> <span class='ocrx_word' id='word_1_269' title='bbox 359 3615 497 3690; x_wconf 89' lang='lat' dir='ltr'><strong>quidquid</strong></span> <span class='ocrx_word' id='word_1_270' title='bbox 522 3615 595 3674; x_wconf 83' lang='lat' dir='ltr'><strong>dicat</strong></span> <span class='ocrx_word' id='word_1_271' title='bbox 615 3610 782 3678; x_wconf 84' lang='lat' dir='ltr'><strong>Vattelius.⁵</strong></span> <span class='ocrx_word' id='word_1_272' title='bbox 822 3619 871 3676; x_wconf 81' lang='lat' dir='ltr'><strong>Sic</strong></span> <span class='ocrx_word' id='word_1_273' title='bbox 892 3628 919 3676; x_wconf 89' lang='lat' dir='ltr'><strong>et</strong></span> <span class='ocrx_word' id='word_1_274' title='bbox 931 3619 1009 3700; x_wconf 87' lang='lat' dir='ltr'><strong>leges</strong></span> <span class='ocrx_word' id='word_1_275' title='bbox 1024 3639 1086 3694; x_wconf 86' lang='lat' dir='ltr'><strong>quae</strong></span> <span class='ocrx_word' id='word_1_276' title='bbox 1106 3630 1203 3680; x_wconf 86' lang='lat' dir='ltr'><strong>vetant</strong></span> <span class='ocrx_word' id='word_1_277' title='bbox 1214 3641 1251 3680; x_wconf 87' lang='lat' dir='ltr'><strong>ne</strong></span> <span class='ocrx_word' id='word_1_278' title='bbox 1265 3622 1360 3682; x_wconf 90' lang='lat' dir='ltr'><strong>subditi</strong></span> 
     </span>
    </p>
   </div>
   <div class='ocr_carea' id='block_1_4' title="bbox 269 3852 1361 4185">
    <p class='ocr_par' dir='ltr' id='par_1_6' title="bbox 306 3852 1286 3924">
     <span class='ocr_line' id='line_1_33' title="bbox 306 3852 1286 3924; baseline 0.004 -18"><span class='ocrx_word' id='word_1_279' title='bbox 306 3856 348 3921; x_wconf 92' lang='grc'><strong>(1)</strong></span> <span class='ocrx_word' id='word_1_280' title='bbox 368 3852 441 3920; x_wconf 86' lang='lat' dir='ltr'><strong>Prop.</strong></span> <span class='ocrx_word' id='word_1_281' title='bbox 451 3853 503 3904; x_wconf 86' lang='lat' dir='ltr'><strong>xiii.</strong></span> <span class='ocrx_word' id='word_1_282' title='bbox 827 3857 869 3923; x_wconf 78' lang='lat'><strong>(2)</strong></span> <span class='ocrx_word' id='word_1_283' title='bbox 890 3857 1003 3908; x_wconf 85' lang='lat' dir='ltr'><strong>Traotds</strong></span> <span class='ocrx_word' id='word_1_284' title='bbox 1015 3859 1110 3921; x_wconf 74' lang='lat' dir='ltr'><strong>legibus</strong></span> <span class='ocrx_word' id='word_1_285' title='bbox 1121 3874 1162 3924; x_wconf 88' lang='lat' dir='ltr'><strong>qu.</strong></span> <span class='ocrx_word' id='word_1_286' title='bbox 1174 3875 1198 3909; x_wconf 87' lang='lat' dir='ltr'><strong>v.</strong></span> <span class='ocrx_word' id='word_1_287' title='bbox 1209 3876 1236 3910; x_wconf 91' lang='lat' dir='ltr'><strong>n.</strong></span> <span class='ocrx_word' id='word_1_288' title='bbox 1248 3861 1286 3910; x_wconf 82' lang='grc'><strong>33.</strong></span> 
     </span>
    </p>

    <p class='ocr_par' dir='ltr' id='par_1_7' title="bbox 269 3938 1361 4185">
     <span class='ocr_line' id='line_1_34' title="bbox 307 3938 1361 4010; baseline 0 -20"><span class='ocrx_word' id='word_1_289' title='bbox 307 3945 349 4010; x_wconf 84' lang='grc'><strong>(3)</strong></span> <span class='ocrx_word' id='word_1_290' title='bbox 370 3951 384 3974; x_wconf 72' lang='lat'><strong>⁸⁴</strong></span> <span class='ocrx_word' id='word_1_291' title='bbox 393 3940 467 3992; x_wconf 84' lang='lat' dir='ltr'><strong>Laws</strong></span> <span class='ocrx_word' id='word_1_292' title='bbox 485 3956 525 3991; x_wconf 87' lang='lat' dir='ltr'><strong>are</strong></span> <span class='ocrx_word' id='word_1_293' title='bbox 542 3939 624 4006; x_wconf 87' lang='lat' dir='ltr'><strong>public</strong></span> <span class='ocrx_word' id='word_1_294' title='bbox 640 3938 765 3990; x_wconf 80' lang='lat' dir='ltr'><strong>mischist&#39;s</strong></span> <span class='ocrx_word' id='word_1_295' title='bbox 781 3941 804 3991; x_wconf 86' lang='lat' dir='ltr'><strong>ii</strong></span> <span class='ocrx_word' id='word_1_296' title='bbox 817 3941 874 4008; x_wconf 85' lang='lat' dir='ltr'><strong>they</strong></span> <span class='ocrx_word' id='word_1_297' title='bbox 886 3944 946 3994; x_wconf 88' lang='lat' dir='ltr'><strong>bind</strong></span> <span class='ocrx_word' id='word_1_298' title='bbox 964 3952 989 3994; x_wconf 87' lang='lat' dir='ltr'><strong>to</strong></span> <span class='ocrx_word' id='word_1_299' title='bbox 1005 3944 1128 4010; x_wconf 74' lang='lat' dir='ltr'><strong>injustior,</strong></span> <span class='ocrx_word' id='word_1_300' title='bbox 1140 3945 1189 3994; x_wconf 86' lang='lat' dir='ltr'><strong>and</strong></span> <span class='ocrx_word' id='word_1_301' title='bbox 1202 3945 1323 4004; x_wconf 83' lang='lat' dir='ltr'><strong>therefore,</strong></span> <span class='ocrx_word' id='word_1_302' title='bbox 1336 3949 1361 3990; x_wconf 93' lang='lat' dir='ltr'><strong>to</strong></span> 
     </span>
     <span class='ocr_line' id='line_1_35' title="bbox 270 4031 1360 4098; baseline -0.001 -16"><span class='ocrx_word' id='word_1_303' title='bbox 270 4033 383 4082; x_wconf 83' lang='lat' dir='ltr'><strong>establish</strong></span> <span class='ocrx_word' id='word_1_304' title='bbox 396 4049 443 4098; x_wconf 83' lang='lat' dir='ltr'><strong>any</strong></span> <span class='ocrx_word' id='word_1_305' title='bbox 457 4033 528 4096; x_wconf 80' lang='lat' dir='ltr'><strong>thing</strong></span> <span class='ocrx_word' id='word_1_306' title='bbox 539 4031 590 4082; x_wconf 87' lang='lat' dir='ltr'><strong>that</strong></span> <span class='ocrx_word' id='word_1_307' title='bbox 602 4032 622 4082; x_wconf 91' lang='lat' dir='ltr'><strong>is</strong></span> <span class='ocrx_word' id='word_1_308' title='bbox 635 4034 721 4098; x_wconf 79' lang='lat' dir='ltr'><strong>unJust</strong></span> <span class='ocrx_word' id='word_1_309' title='bbox 732 4047 759 4081; x_wconf 90' lang='lat' dir='ltr'><strong>or</strong></span> <span class='ocrx_word' id='word_1_310' title='bbox 770 4032 817 4083; x_wconf 86' lang='lat' dir='ltr'><strong>evil</strong></span> <span class='ocrx_word' id='word_1_311' title='bbox 830 4034 850 4082; x_wconf 92' lang='lat' dir='ltr'><strong>is</strong></span> <span class='ocrx_word' id='word_1_312' title='bbox 869 4034 964 4098; x_wconf 72' lang='lat' dir='ltr'><strong>against</strong></span> <span class='ocrx_word' id='word_1_313' title='bbox 976 4033 1017 4084; x_wconf 87' lang='lat' dir='ltr'><strong>the</strong></span> <span class='ocrx_word' id='word_1_314' title='bbox 1034 4042 1121 4085; x_wconf 81' lang='lat' dir='ltr'><strong>nature</strong></span> <span class='ocrx_word' id='word_1_315' title='bbox 1138 4036 1167 4085; x_wconf 81' lang='lat' dir='ltr'><strong>of</strong></span> <span class='ocrx_word' id='word_1_316' title='bbox 1179 4037 1248 4096; x_wconf 82' lang='lat' dir='ltr'><strong>laws,</strong></span> <span class='ocrx_word' id='word_1_317' title='bbox 1262 4035 1308 4084; x_wconf 83' lang='lat' dir='ltr'><strong>and</strong></span> <span class='ocrx_word' id='word_1_318' title='bbox 1324 4032 1360 4082; x_wconf 87' lang='lat' dir='ltr'><strong>the</strong></span> 
     </span>
     <span class='ocr_line' id='line_1_36' title="bbox 269 4118 1360 4185; baseline 0.002 -19"><span class='ocrx_word' id='word_1_319' title='bbox 269 4133 351 4181; x_wconf 79' lang='lat' dir='ltr'><strong>power</strong></span> <span class='ocrx_word' id='word_1_320' title='bbox 362 4120 390 4167; x_wconf 87' lang='lat' dir='ltr'><strong>oi</strong></span> <span class='ocrx_word' id='word_1_321' title='bbox 398 4119 438 4167; x_wconf 89' lang='lat' dir='ltr'><strong>the</strong></span> <span class='ocrx_word' id='word_1_322' title='bbox 451 4118 574 4183; x_wconf 84' lang='lat' dir='ltr'><strong>Superior,</strong></span> <span class='ocrx_word' id='word_1_323' title='bbox 590 4118 638 4168; x_wconf 82' lang='lat' dir='ltr'><strong>and</strong></span> <span class='ocrx_word' id='word_1_324' title='bbox 650 4118 691 4168; x_wconf 88' lang='lat' dir='ltr'><strong>the</strong></span> <span class='ocrx_word' id='word_1_325' title='bbox 703 4119 856 4169; x_wconf 88' lang='lat' dir='ltr'><strong>intendment</strong></span> <span class='ocrx_word' id='word_1_326' title='bbox 868 4120 896 4170; x_wconf 81' lang='lat' dir='ltr'><strong>os</strong></span> <span class='ocrx_word' id='word_1_327' title='bbox 910 4120 951 4170; x_wconf 87' lang='lat' dir='ltr'><strong>tho</strong></span> <span class='ocrx_word' id='word_1_328' title='bbox 963 4121 1090 4185; x_wconf 82' lang='lat' dir='ltr'><strong>Supremo.</strong></span> <span class='ocrx_word' id='word_1_329' title='bbox 1126 4120 1176 4171; x_wconf 81' lang='lat' dir='ltr'><strong>For</strong></span> <span class='ocrx_word' id='word_1_330' title='bbox 1188 4121 1244 4171; x_wconf 82' lang='lat' dir='ltr'><strong>God</strong></span> <span class='ocrx_word' id='word_1_331' title='bbox 1264 4121 1326 4184; x_wconf 85' lang='lat' dir='ltr'><strong>gives</strong></span> <span class='ocrx_word' id='word_1_332' title='bbox 1335 4126 1360 4168; x_wconf 91' lang='lat' dir='ltr'><strong>to</strong></span> 
     </span>
    </p>
   </div>
   <div class='ocr_carea' id='block_1_5' title="bbox 267 4203 1345 4356">
    <p class='ocr_par' dir='ltr' id='par_1_8' title="bbox 267 4203 1345 4356">
     <span class='ocr_line' id='line_1_37' title="bbox 267 4203 1345 4273; baseline 0.006 -20"><span class='ocrx_word' id='word_1_333' title='bbox 267 4219 300 4253; x_wconf 91' lang='lat' dir='ltr'><strong>no</strong></span> <span class='ocrx_word' id='word_1_334' title='bbox 309 4214 365 4251; x_wconf 81' lang='lat' dir='ltr'><strong>man</strong></span> <span class='ocrx_word' id='word_1_335' title='bbox 378 4218 459 4265; x_wconf 87' lang='lat' dir='ltr'><strong>power</strong></span> <span class='ocrx_word' id='word_1_336' title='bbox 471 4205 547 4268; x_wconf 84' lang='lat' dir='ltr'><strong>ebora</strong></span> <span class='ocrx_word' id='word_1_337' title='bbox 557 4220 584 4254; x_wconf 89' lang='lat' dir='ltr'><strong>or</strong></span> <span class='ocrx_word' id='word_1_338' title='bbox 595 4206 690 4268; x_wconf 76' lang='lat' dir='ltr'><strong>against</strong></span> <span class='ocrx_word' id='word_1_339' title='bbox 702 4203 822 4256; x_wconf 80' lang='lat' dir='ltr'><strong>himself.”</strong></span> <span class='ocrx_word' id='word_1_340' title='bbox 857 4205 907 4256; x_wconf 87' lang='lat' dir='ltr'><strong>Jer.</strong></span> <span class='ocrx_word' id='word_1_341' title='bbox 919 4206 1018 4271; x_wconf 86' lang='lat' dir='ltr'><strong>Taylor,</strong></span> <span class='ocrx_word' id='word_1_342' title='bbox 1027 4206 1090 4257; x_wconf 78' lang='lat' dir='ltr'><strong>Duc·</strong></span> <span class='ocrx_word' id='word_1_343' title='bbox 1104 4207 1170 4258; x_wconf 90' lang='lat' dir='ltr'><strong>Dub.</strong></span> <span class='ocrx_word' id='word_1_344' title='bbox 1182 4210 1229 4260; x_wconf 86' lang='lat' dir='ltr'><strong>rol.</strong></span> <span class='ocrx_word' id='word_1_345' title='bbox 1241 4208 1266 4259; x_wconf 86' lang='lat' dir='ltr'><strong>ii.</strong></span> <span class='ocrx_word' id='word_1_346' title='bbox 1277 4224 1300 4273; x_wconf 84' lang='lat' dir='ltr'><strong>p.</strong></span> <span class='ocrx_word' id='word_1_347' title='bbox 1310 4208 1345 4254; x_wconf 78' lang='lat'><strong>³²·</strong></span> 
     </span>
     <span class='ocr_line' id='line_1_38' title="bbox 304 4285 1267 4356; baseline 0.006 -20"><span class='ocrx_word' id='word_1_348' title='bbox 304 4289 346 4352; x_wconf 82' lang='grc'><strong>(4)</strong></span> <span class='ocrx_word' id='word_1_349' title='bbox 366 4286 436 4335; x_wconf 74' lang='lat' dir='ltr'><strong>Mart</strong></span> <span class='ocrx_word' id='word_1_350' title='bbox 448 4285 499 4334; x_wconf 79' lang='lat' dir='ltr'><strong>xix·</strong></span> <span class='ocrx_word' id='word_1_351' title='bbox 512 4289 535 4332; x_wconf 84' lang='lat'><strong>6·</strong></span> <span class='ocrx_word' id='word_1_352' title='bbox 764 4292 803 4356; x_wconf 86' lang='lat'><strong>(5)</strong></span> <span class='ocrx_word' id='word_1_353' title='bbox 824 4289 883 4340; x_wconf 85' lang='lat' dir='ltr'><strong>Law</strong></span> <span class='ocrx_word' id='word_1_354' title='bbox 893 4292 921 4341; x_wconf 85' lang='lat' dir='ltr'><strong>oi</strong></span> <span class='ocrx_word' id='word_1_355' title='bbox 930 4291 955 4340; x_wconf 88' lang='lat' dir='ltr'><strong>N</strong></span> <span class='ocrx_word' id='word_1_356' title='bbox 957 4292 1044 4354; x_wconf 81' lang='lat' dir='ltr'><strong>atione,</strong></span> <span class='ocrx_word' id='word_1_357' title='bbox 1057 4292 1072 4341; x_wconf 93' lang='lat' dir='ltr'><strong>l.</strong></span> <span class='ocrx_word' id='word_1_358' title='bbox 1084 4291 1118 4342; x_wconf 88' lang='lat' dir='ltr'><strong>iii.</strong></span> <span class='ocrx_word' id='word_1_359' title='bbox 1130 4308 1151 4342; x_wconf 86' lang='lat' dir='ltr'><strong>c.</strong></span> <span class='ocrx_word' id='word_1_360' title='bbox 1164 4294 1188 4344; x_wconf 91' lang='lat' dir='ltr'><strong>ii.</strong></span> <span class='ocrx_word' id='word_1_361' title='bbox 1202 4296 1216 4352; x_wconf 68' lang='grc' dir='ltr'><strong>ς</strong></span> <span class='ocrx_word' id='word_1_362' title='bbox 1230 4295 1267 4342; x_wconf 88' lang='grc'><strong>10.</strong></span> 
     </span>
    </p>
   </div>
   <div class='ocr_carea' id='block_1_6' title="bbox 0 0 1528 5262">
    <p class='ocr_par' dir='ltr' id='par_1_9' title="bbox 0 0 1528 5262">
     <span class='ocr_line' id='line_1_39' title="bbox 0 0 1528 5262; baseline 0 3"><span class='ocrx_word' id='word_1_363' title='bbox 0 0 1528 5262; x_wconf 95' lang='lat' dir='ltr'><strong> </strong></span> 
     </span>
    </p>
   </div>
  </div>
 </body>
</html>
