3146 5266
269 530 308 586 ct
619 523 676 582 DE
697 522 812 582 LEGE
832 522 1004 581 VETERI.

270 689 365 748 datum
379 687 493 746 seduxit
513 706 571 756 me,
585 698 613 746 et
632 707 685 764 per
703 687 773 746 illud
795 680 945 746 occidit.''¹
986 687 1064 746 Hinc
1090 686 1167 762 apud
1188 687 1360 763 Apostolum

270 789 371 848 dicitur
389 785 576 845 ministratio
588 787 707 855 mortis,
728 796 756 843 et
774 780 1008 846 damnationis.2
1047 785 1169 844 Delectu
1190 794 1284 843 autem
1304 805 1362 845 non

270 887 398 944 carebat:
441 885 548 944 “Nam
569 887 594 942 si
613 886 682 943 illud
702 885 780 961 prius
794 885 877 961 culpa
889 892 1024 951 vacasset,
1046 903 1104 942 nou
1124 885 1222 956 utique
1244 884 1363 942 secundi

270 985 349 1044 locus
370 977 613 1057 inquireretur:”³
631 984 684 1062 sed
702 982 772 1041 nulli
792 983 1017 1058 patrocinabatur
1035 983 1113 1040 vitio.
1157 983 1229 1048 Quae
1250 982 1362 1041 duritiei

270 1082 362 1141 cordis
375 1080 540 1140 iudeorum
553 1081 763 1141 accommodata
782 1081 812 1140 in
826 1100 860 1138 ca
882 1081 1069 1156 reperiuntur,
1090 1081 1213 1138 auctoris
1237 1080 1362 1139 divinam

271 1182 449 1258 sapientiam,
464 1199 526 1252 qua
540 1182 631 1258 gentis
645 1179 733 1239 indoli
747 1198 778 1237 se
793 1179 1002 1254 attemperabat,
1016 1177 1218 1237 demonstrant.

311 1285 361 1337 20.
383 1281 454 1338 Tria
465 1289 672 1356 praceptorum
684 1296 789 1355 genera
798 1277 1036 1353 complectebatur
1048 1278 1112 1334 Lex
1125 1279 1226 1344 Vetus,
1234 1276 1365 1338 moralia

271 1397 386 1454 nempe,
401 1377 621 1436 ceremonialia
640 1387 669 1434 et
680 1373 873 1457 judicialia.⁴
914 1377 985 1441 Quae
1006 1376 1041 1433 ad
1061 1394 1155 1434 mores
1169 1376 1365 1435 informandos

271 1478 421 1554 pertinent,
436 1486 464 1534 et
476 1478 539 1551 ipso
552 1487 657 1536 nature
673 1478 737 1553 jure
751 1475 946 1552 injunguntur,
961 1474 1096 1551 decalogo
1116 1476 1261 1551 precipue
1276 1476 1365 1553 expli·

272 1583 386 1642 cantur;
409 1594 495 1647 quum
510 1577 588 1634 enim
609 1575 690 1633 Deus
710 1574 819 1632 videret
840 1575 972 1632 homines
993 1574 1053 1632 suis
1073 1574 1274 1651 cupiditatibus
1295 1575 1365 1634 adeo

272 1673 413 1748 abreptos,
428 1681 458 1729 ut
471 1675 561 1748 prima
583 1674 666 1731 edam
690 1691 801 1730 morum
822 1682 963 1749 precepta
985 1673 1193 1740 conculcarent,
1208 1691 1250 1741 ea,
1266 1674 1366 1731 tabulis

273 1770 392 1846 lapideis
413 1772 558 1848 inscripta,
582 1772 683 1848 Moysi
703 1771 732 1829 in
754 1771 834 1829 Sinai
853 1781 948 1829 monte
970 1770 1090 1840 tradidit,
1114 1771 1221 1848 populo
1243 1771 1325 1828 altius
1339 1782 1367 1830 et

273 1887 350 1946 sape
365 1871 578 1946 promulganda,
592 1891 628 1928 ne
643 1890 699 1944 qua
711 1889 762 1929 cos
775 1879 882 1928 teneret
894 1872 1059 1947 ignorantia.
1101 1870 1148 1928 Ad
1159 1870 1253 1947 legem
1273 1879 1368 1928 tamen

273 1979 379 2028 naturae
393 1990 451 2028 non
464 1974 594 2046 pertinet,
608 1981 639 2028 ut
661 1972 782 2028 Sabbata
803 1971 960 2046 prasertim
974 1969 1055 2028 Deus
1075 1970 1192 2037 colatur,
1207 1989 1241 2027 ea
1259 1969 1367 2028 ratione

274 2084 359 2139 quam
381 2070 536 2142 praescribit
549 2068 718 2145 decalogus3
741 2069 871 2140 quamvis
890 2070 938 2147 jus
959 2069 1083 2127 naturale
1098 2069 1192 2145 exigat
1205 2068 1300 2126 Deum
1321 2069 1369 2127 ali-

274 2164 386 2236 quando
394 2165 555 2225 colendum.
592 2166 804 2235 Caeremoniac,
815 2186 866 2225 seu
873 2169 942 2226 ritus
954 2165 1065 2227 colendi
1073 2168 1180 2236 Deum,
1192 2167 1273 2226 tradit
1283 2170 1367 2226 etiam

273 2262 321 2320 lex
334 2265 364 2321 in
375 2263 448 2321 libro
460 2265 581 2324 Levitici
594 2268 748 2343 praecipue.
789 2264 985 2338 Jacliciarum
998 2286 1065 2326 vero
1073 2267 1196 2344 regulas,
1211 2286 1368 2344 poenasque

274 2360 500 2434 delinquentibus
514 2365 686 2441 irrogandas,
701 2367 796 2423 statuit
808 2366 899 2435 Deus,
914 2386 983 2440 quas
1004 2367 1035 2424 in
1048 2367 1166 2444 Moysis
1178 2366 1256 2424 libris
1270 2364 1368 2423 videre

274 2469 326 2517 est.
369 2461 441 2517 Hace
457 2471 549 2519 tamen
561 2474 704 2541 precepta
712 2463 821 2541 judicia
833 2466 959 2537 ritusque
980 2467 1144 2542 spectantia,
1160 2465 1236 2523 solos
1249 2462 1371 2523 adstrin-

275 2558 377 2633 gebant
395 2559 530 2628 Judaeos3
553 2581 625 2634 quos
646 2561 751 2619 idcirco
770 2565 866 2621 beatos
886 2564 1020 2640 praedicat
1041 2565 1173 2641 Moyses,
1193 2563 1370 2638 singularem

275 2675 342 2733 erga
355 2677 405 2715 sos
418 2658 475 2715 Dei
487 2659 689 2735 benignitatem
698 2669 726 2717 et
739 2659 949 2717 solicitudinem
963 2660 1186 2719 commendans:
1208 2662 1311 2726 “Quae
1327 2672 1371 2719 est

276 2756 354 2813 enim
368 2757 421 2815 alia
434 2776 504 2836 gens
518 2759 560 2816 sic
573 2759 689 2836 inclyta,
704 2768 735 2816 ut
743 2758 844 2816 habeat
856 2760 1049 2828 ceremonias,
1060 2763 1193 2838 justaque
1209 2758 1328 2836 judicia,
1345 2771 1372 2817 et

276 2857 438 2913 universam
450 2857 545 2931 legem
559 2877 645 2928 quam
658 2877 712 2933 ego
728 2877 887 2933 proponam
900 2857 985 2916 hodie
1005 2869 1068 2916 ante
1088 2859 1187 2917 oculos
1201 2867 1311 2915 vestros
1321 2853 1372 2914 i’‘⁵

276 2953 376 3010 “Non
399 2953 465 3010 fecit
486 2954 608 3021 taliter‚”
631 2956 723 3026 inquit
745 2955 866 3023 Psaltes,
889 2943 909 2991 “¹
920 2959 999 3015 omni
1012 2959 1131 3026 nationi,
1153 2967 1181 3015 et
1195 2956 1305 3035 judicia
1318 2976 1370 3014 sua

276 3065 334 3106 non
359 3050 550 3109 manifestavit
569 3044 660 3109 eis.”⁶
680 3051 799 3110 Oaeterae
823 3056 918 3126 itaque
946 3059 1074 3114 nationes
1095 3065 1224 3134 poterant
1249 3055 1369 3113 salutem

275 3149 388 3220 assequi
403 3149 508 3221 absque
521 3151 617 3227 legum
637 3151 831 3212 Mosaicarum
851 3156 1039 3222 observantia,
1061 3155 1215 3214 dummodo
1235 3153 1369 3212 divinitus

276 3245 417 3305 illustratae
444 3247 530 3307 fidem
563 3252 745 3327 conciperent
769 3254 799 3310 in
831 3253 927 3311 Deum
952 3254 1091 3313 bonorum
1118 3262 1370 3321 remuneratorem,

276 3353 303 3401 et
317 3346 435 3405 salutem
449 3349 483 3404 ab
496 3349 560 3424 ipso
573 3369 625 3426 per
639 3350 872 3427 Redemptorem,
886 3351 1031 3430 implicite
1051 3355 1161 3422 saltem,
1176 3361 1370 3429 expectarent,

275 3442 410 3522 legesque
425 3457 568 3505 servarent
580 3450 708 3508 omnium
722 3450 852 3510 cordibus
860 3450 1032 3528 insculptas:
1054 3452 1121 3510 fidei
1132 3463 1224 3510 autem
1238 3452 1369 3510 veritates

276 3543 318 3601 eis
331 3565 383 3622 per
396 3548 480 3606 totius
493 3550 605 3625 generis
618 3549 736 3609 humani
750 3550 939 3619 traditionem,
956 3548 1014 3632 (cui
1034 3562 1128 3610 tamen
1148 3571 1251 3628 magna
1264 3551 1369 3624 ubique

276 3643 369 3699 offusa
382 3654 424 3701 est
433 3645 548 3724 caliga)
562 3658 589 3705 et
601 3668 654 3724 per
663 3651 778 3706 interius
790 3651 913 3726 Spiritus
928 3651 1025 3710 Sancti
1032 3651 1141 3719 lumen,
1150 3659 1279 3728 poterant
1292 3651 1370 3708 innc-

276 3747 393 3798 tesccre.
436 3742 530 3800 Licuit
542 3747 626 3802 etiarn
646 3749 775 3822 gentibus
796 3750 970 3818 circumcidi,
984 3760 1012 3807 et
1031 3752 1069 3808 ita
1087 3751 1215 3809 Judaicae
1234 3749 1306 3825 legis
1321 3749 1369 3806 ob·

277 3841 423 3898 servantia
443 3860 474 3899 se
496 3838 662 3920 subjicere.⁷
701 3845 829 3904 Fuemut
848 3848 967 3924 proinde
988 3849 1062 3926 apud
1082 3849 1199 3908 Judaeos
1220 3846 1372 3927 proselyti

269 3938 414 4016 justitia,
429 3943 488 4017 qui,
503 3943 719 4004 circumcisione
739 3954 863 4023 accepta,
878 3949 955 4024 genti
967 3947 1094 4007 Judaicae
1114 3947 1369 4026 conjungebantur,

914 4135 955 4200 (2)
975 4137 990 4185 2
1004 4135 1104 4184 Coniii.
1115 4139 1138 4196 7,
1152 4137 1176 4184 9.

913 4391 955 4454 (6)
976 4389 1106 4440 Pscxlvil.
1121 4393 1144 4438 8.

714 4467 756 4535 (7)
776 4470 856 4520 Exod.
868 4472 911 4521 xii.
926 4472 965 4521 lu.
