3146 5266
663 1211 804 1274 CAPUT
825 1213 880 1275 111.

622 1431 669 1469 DE
700 1430 804 1470 Leon
838 1431 962 1470 novt.

264 1613 314 1666 23.
334 1609 401 1666 Lxx
414 1625 503 1676 uovx,
517 1626 568 1665 seu
582 1607 766 1686 coangelice,
776 1627 813 1666 ea
832 1609 933 1669 dicitur
951 1627 1013 1682 quae
1028 1628 1044 1666 a
1057 1605 1175 1667 Christo
1189 1607 1317 1667 Domino

227 1715 272 1764 est
282 1707 347 1774 lata,
361 1717 390 1764 et
402 1709 435 1764 ab
447 1708 591 1783 Apostolis
614 1708 800 1785 promulgata.
842 1708 931 1767 Nulla
950 1708 1012 1784 lege
1035 1708 1125 1767 teneri
1146 1707 1244 1765 fideles
1258 1707 1317 1764 Lu·
1378 1707 1383 1714 '

227 1806 323 1863 therus
337 1824 422 1864 ausus
436 1815 478 1862 est
490 1824 634 1864 asserere:
657 1815 676 1842 “
689 1806 779 1864 Nullo
792 1825 888 1882 opere,
902 1807 979 1865 nulla
991 1806 1053 1882 lege
1073 1806 1183 1864 homini
1197 1804 1318 1861 Christi-

228 1923 282 1962 ano
296 1923 369 1979 opus
382 1915 434 1972 est,
448 1924 513 1962 cum
526 1924 579 1981 per
590 1905 677 1963 fidem
691 1906 728 1963 sit
739 1905 810 1962 liber
829 1905 863 1962 ab
876 1905 954 1963 omni
965 1899 1077 1980 lege.”¹
1118 1902 1191 1960 Hoee
1205 1911 1320 1959 novato·

228 2021 291 2059 rurn
313 2011 470 2060 commenta
488 2004 665 2062 anathemate
688 2004 827 2080 percussit
848 2003 1000 2062 concilium
1014 2001 1234 2060 Tridentiuum:
1258 1999 1320 2058 “Si

228 2102 290 2175 quis
304 2101 414 2169 dixerit,
428 2103 501 2161 nihil
513 2112 687 2180 preceptum
700 2121 763 2159 esse
782 2102 812 2161 in
825 2101 985 2179 Evangelio
997 2110 1098 2178 praeter
1110 2099 1206 2167 fidem,
1220 2106 1320 2156 cetera

226 2218 289 2257 esse
301 2200 500 2270 indifferentia,
514 2220 606 2273 neque
626 2209 774 2278 praecepta,
796 2220 888 2273 neque
908 2200 1057 2278 prohibita,
1078 2199 1129 2257 sed
1147 2198 1251 2265 libera3
1274 2206 1321 2254 aut

227 2297 325 2356 decern
337 2310 479 2376 praecepta
487 2300 559 2358 nihil
569 2300 708 2377 pertinere
719 2299 755 2358 ad
763 2299 941 2357 Christianos
952 2319 960 2367 3
984 2298 1132 2358 anathema
1145 2295 1213 2354 sit.”
1256 2302 1275 2331 ‘⁴
1287 2295 1320 2353 Si

228 2397 290 2468 quis
315 2397 462 2456 hominem
480 2399 676 2476 justificatum,
691 2408 719 2456 et
740 2399 943 2470 quantundibet
964 2397 1121 2475 perfectum
1142 2395 1244 2454 dixerit
1262 2413 1321 2453 non

227 2497 315 2553 teneri
327 2495 363 2554 ad
376 2497 583 2555 observantiam
597 2497 793 2556 mandatorum
806 2498 873 2566 Dei,
887 2506 916 2554 et
928 2497 1080 2564 Ecclesia,
1094 2494 1147 2552 sed
1160 2503 1266 2552 tantum
1286 2491 1321 2550 ad

228 2593 409 2661 credendum,
423 2597 505 2668 quasi
519 2614 585 2654 vero
607 2597 797 2672 Evangelium
819 2597 855 2653 sit
876 2595 951 2653 nuda
972 2604 1001 2652 et
1020 2594 1147 2652 absoluta
1168 2591 1321 2668 promissio

229 2691 294 2747 vitae
317 2701 426 2748 aetemae
450 2695 511 2750 sine
530 2694 688 2752 conditione
707 2695 910 2753 observationis
929 2693 1144 2756 mandatorum
1172 2690 1322 2746 anathema

231 2788 303 2846 sit.”
346 2789 410 2846 “Si
423 2791 486 2864 quis
508 2790 616 2861 dixerit,
639 2792 788 2850 Christum
809 2791 911 2849 lesum
935 2790 1028 2847 aDeo
1041 2787 1204 2846 hominibus
1226 2784 1321 2844 danim

228 2887 362 2954 fuissent
384 2889 612 2966 Redemptorem‚
628 2893 674 2950 cui
688 2891 784 2959 fidant,
808 2909 866 2949 non
888 2889 972 2948 etiarn
993 2895 1024 2946 ut
1045 2885 1254 2964 Legislatorem
1276 2885 1322 2942 cui

227 2985 368 3056 obediant,
383 2987 530 3046 anathema
543 2983 628 3046 sit.'’²
668 2990 710 3047 Hi
723 3008 845 3048 canones
859 2989 930 3046 adeo
949 2987 1098 3046 manifesta
1111 2986 1322 3062 scripturarum

229 3094 256 3141 et
267 3095 379 3161 patrum
398 3089 558 3146 auctoritate
579 3088 742 3156 fulciuntur,
755 3098 786 3146 ut
808 3090 838 3146 in
860 3089 895 3146 iis
918 3086 1070 3164 probandis
1094 3085 1240 3144 immorari
1262 3101 1321 3141 non

225 3184 313 3260 juvet.
356 3185 452 3243 Pauca
464 3195 559 3246 tamen
573 3188 752 3246 recitabimus
766 3187 936 3245 testimonia.

267 3286 317 3339 24.
338 3283 385 3341 De
399 3283 516 3342 Christo
538 3286 614 3364 apud
635 3286 740 3344 lsaiam
761 3286 902 3362 legimus:
926 3284 1100 3343 “Dominus
1115 3283 1127 3358 Ἰ
1145 3280 1201 3340 dex
1214 3288 1323 3348 noster,

229 3380 373 3439 Dominus
381 3382 482 3460 legifer
494 3395 599 3455 noster,
614 3385 758 3444 Dominus
771 3403 823 3442 rex
836 3375 979 3442 noster.”³
1018 3382 1086 3459 lpse
1126 3365 1234 3437 hristus
1249 3377 1323 3454 apud

229 3479 371 3538 loannem
384 3483 438 3539 ait:
462 3491 480 3518 “
492 3484 550 3550 Qui
563 3485 647 3542 habet
659 3483 789 3543 mandata
811 3502 885 3550 mea,
909 3493 937 3538 et
956 3488 1049 3537 servat
1070 3497 1113 3546 ea,
1137 3478 1184 3534 ille
1208 3485 1255 3532 est
1276 3475 1324 3546 qui

231 3577 324 3653 diligit
332 3575 427 3636 me.”⁴
466 3582 611 3658 Apostolis
626 3585 711 3641 etiam
724 3581 848 3658 injunxit
860 3588 891 3636 ut
903 3579 965 3655 ejus
973 3575 1104 3634 mandata
1113 3572 1326 3652 promulgarent

232 3676 370 3734 universis
383 3681 531 3754 gentibus:
554 3682 717 3744 “docentes
732 3695 915 3739 conservare
929 3677 1025 3735 omnia
1039 3691 1225 3749 quecumque
1244 3692 1325 3732 man·

231 3773 295 3832 davi
309 3774 438 3834 vobis.”⁵
477 3779 665 3858 Distinguunt
678 3790 772 3840 tamen
781 3766 864 3837 Novi
873 3777 1052 3836 Testamenti
1065 3776 1217 3852 scriptores
1230 3773 1325 3849 legem

230 3875 365 3950 agratia3
382 3874 454 3952 legis
475 3880 581 3955 quippe
604 3881 719 3938 nomine
733 3879 808 3956 apud
829 3897 932 3936 omnes
952 3876 1141 3952 accipiebatur
1162 3871 1256 3929 codex
1278 3869 1325 3926 ille

231 3974 408 4032 sanctionum
422 3993 508 4047 quem
527 3978 622 4037 ludaei
635 3980 852 4037 venerabantur:
874 3977 955 4052 cujus
968 3975 1028 4032 vim
1041 3971 1205 4033 desiissent
1218 3968 1325 4047 signifi·

279 4106 341 4226 n(l)
362 4159 392 4209 L.
404 4161 434 4211 de
445 4161 520 4216 libert.
532 4163 613 4215 christ.
849 4160 890 4226 (2)
911 4159 976 4210 Sess.
988 4159 1019 4211 vi.
1029 4175 1083 4210 cen.
1093 4160 1143 4209 xix.
1154 4173 1196 4208 xx.
1207 4155 1259 4210 xxi.

299 4246 341 4313 (³)
362 4246 394 4297 Is.
406 4247 494 4299 xxxiii.
506 4238 546 4298 22.
851 4245 893 4314 (4)
911 4245 982 4297 Joun.
994 4247 1042 4296 xiv.
1057 4245 1098 4294 al.

249 4346 251 4350 ·
629 4335 671 4401 (5)
691 4333 764 4384 Matt.
776 4331 859 4383 xxviii.
871 4348 893 4380 v.
902 4333 945 4383 ult.
