3076 5260
723 1433 866 1494 CAPUT
886 1433 940 1494 v1.

512 1683 550 1724 DE
565 1685 818 1727 onumfflouruus
832 1685 935 1724 DUGUM
949 1685 989 1724 ΕΤ
1003 1684 1144 1724 mmmm.

333 1902 400 1958 tte.
423 1897 585 1958 Gaurum
597 1908 718 1978 peceant
737 1902 910 1974 quicumque
923 1901 952 1958 vi
965 1899 1010 1957 vel
1030 1897 1128 1957 fraude
1142 1898 1249 1957 milites
1264 1900 1385 1957 conseri·

291 2003 371 2066 bunt,
386 1997 463 2072 quod
485 1999 643 2075 presertim
665 2001 803 2076 contingit
823 1999 954 2058 homines
975 1997 1141 2056 inebriando
1160 2007 1192 2055 ut
1213 1997 1250 2055 ad
1272 1999 1385 2056 nomina

293 2095 386 2157 danda
408 2097 515 2156 militia
539 2097 714 2156 inducantur.
756 2099 871 2158 Debent
889 2098 1004 2166 idcireo,
1020 2098 1045 2154 si
1068 2097 1188 2165 valeant,
1210 2114 1260 2156 eoa
1280 2097 1385 2156 solvere

295 2196 411 2254 vinculo
425 2195 501 2268 quod
515 2198 559 2255 tui
572 2215 629 2256 non
643 2198 711 2256 satis
724 2207 870 2274 compote·
884 2198 938 2254 eibi
950 2198 1116 2274 injecerunt.
1152 2195 1282 2272 Urgente
1296 2213 1387 2254 neces·

292 2297 374 2354 ritate
389 2295 559 2368 quandoque
582 2305 721 2373 eoguntur
730 2298 806 2355 cives
816 2296 929 2373 publiea
946 2296 1110 2358 auctoritate
1130 2294 1165 2353 ad
1183 2294 1330 2372 stipendia
1349 2293 1363 2350 s
1375 2324 1386 2335 ·

293 2392 405 2460 cienda,
418 2393 497 2464 quod
510 2393 626 2464 quidem
639 2394 715 2452 lieet.

334 2492 401 2548 149.
422 2488 521 2548 Duoee
533 2500 651 2564 peoeant
663 2492 768 2549 militet
782 2509 882 2566 aspere
896 2492 1052 2559 tractando,
1074 2500 1103 2548 et
1114 2491 1222 2552 erudeli
1237 2492 1325 2551 nimis
1339 2491 1386 2548 im·

290 2589 375 2668 perio
383 2590 529 2669 regendot
543 2597 701 2665 temperare
709 2591 787 2649 enim
797 2599 908 2666 oportet
917 2592 1094 2648 severitatem
1108 2590 1266 2668 disciplinae
1277 2608 1386 2649 morum

293 2690 480 2757 humanitate,
507 2707 542 2748 ne
565 2690 765 2750 exulcerentur
786 2691 882 2748 animi.
932 2688 1084 2766 Invigilare
1110 2699 1204 2749 tamen
1230 2690 1387 2748 debentne

293 2790 415 2848 erimina
427 2790 544 2865 impune
560 2797 705 2866 patrentur
718 2807 783 2847 euru
802 2789 983 2848 innoxiorum
1002 2787 1154 2849 homiuum
1167 2788 1272 2847 damno
1284 2809 1292 2846 t
1316 2789 1388 2848 ideo·

292 2907 348 2961 que
362 2896 492 2963 peceant,
506 2889 532 2946 si
544 2905 596 2944 sua
609 2888 693 2964 eulpa
705 2889 809 2946 milites
822 2888 919 2946 laxent
938 2888 1013 2945 vitiis
1036 2889 1172 2957 habenas,
1196 2897 1224 2946 et
1244 2888 1337 2948 aliena
1350 2888 1387 2946 di·

291 2986 406 3061 ripiunt,
421 2983 468 3040 vel
480 2985 539 3042 vim
552 2985 673 3044 inferant
692 2987 832 3044 innoouie.
875 2987 1000 3044 Peccant
1019 2988 1104 3045 etiam
1125 2989 1151 3045 si
1169 2987 1320 3064 negligant
1331 2989 1385 3045 vic·

291 3091 351 3138 tum
365 3097 523 3156 congruum
537 3081 573 3138 iit
594 3081 787 3159 suppeditare,
807 3094 836 3140 et
855 3085 1008 3160 stipendia.
1052 3085 1207 3144 Grusuante
1228 3087 1308 3145 bellu
1320 3105 1387 3164 prae·

292 3181 391 3238 sertim
414 3177 570 3238 curandum
594 3199 630 3239 ne
654 3180 724 3254 quid
746 3183 840 3240 oneris
863 3184 961 3256 inique
981 3185 1144 3260 imponatur
1166 3185 1291 3254 civibus,
1315 3184 1388 3258 quod

293 3299 388 3338 rerum
402 3278 529 3339 conditio
543 3298 602 3339 uon
616 3281 752 3356 postulet,
766 3291 796 3338 et
818 3291 849 3340 ut
868 3300 948 3356 uque
969 3282 1151 3342 distribuatur
1164 3301 1216 3359 pro
1230 3286 1336 3343 virium
1348 3303 1388 3342 ra·

294 3381 381 3438 tione.
398 3379 566 3454 Hospitium
577 3379 686 3438 ideireo
696 3378 832 3438 militibus
846 3380 1061 3458 adsignandum,
1073 3381 1185 3456 quando
1198 3385 1390 3442 necessarium

293 3480 388 3538 visum
402 3480 450 3546 sit,
465 3476 541 3554 apud
555 3479 646 3546 eives,
660 3480 772 3536 numeri
786 3489 815 3536 et
827 3480 931 3538 virium
944 3482 1128 3557 proportione
1141 3491 1261 3540 servata.
1304 3483 1390 3542 Seve-

294 3579 407 3636 riseime
421 3575 572 3636 velandum
586 3595 623 3638 ne
637 3578 774 3636 innoxios
786 3578 899 3646 loedant,
913 3578 960 3635 vel
973 3581 1118 3656 regionem
1132 3582 1316 3656 populentur.
1357 3582 1390 3640 Iu

294 3695 390 3754 pugna
403 3678 466 3753 ipsa
486 3675 572 3734 duoeu
586 3676 668 3734 decet
691 3677 787 3735 animo
810 3687 837 3734 et
856 3677 957 3735 virtute
978 3679 1110 3737 omnibus
1129 3680 1241 3755 praeire,
1257 3681 1389 3753 quamvis

294 3795 352 3834 uon
366 3774 486 3834 debeant
499 3793 531 3832 se
545 3785 651 3833 temere
667 3776 790 3852 objicere
804 3776 972 3844 discrimini,
993 3796 1029 3835 ne
1049 3788 1141 3836 tunna
1153 3788 1246 3836 eareat
1258 3779 1383 3838 duetore.

295 3873 379 3934 Nihil
390 3883 485 3934 autem
501 3875 587 3934 nimie
600 3875 792 3951 periculosum
807 3876 1014 3952 injungendum
1025 3887 1068 3934 est
1080 3877 1174 3944 militi,
1185 3878 1239 3935 nisi
1255 3879 1292 3936 ob
1304 3879 1391 3936 urani·

293 3973 395 4033 festam
419 3975 634 4032 necessitatem:
668 3991 722 4032 nec
741 3984 883 4032 certamen
909 3983 1014 4034 temere
1041 3976 1207 4044 ineundum,
1234 3976 1286 4034 sed
1309 3977 1387 4035 omni

294 4073 388 4131 studio
401 4073 610 4132 consulendum
623 4081 668 4130 est
681 4073 804 4132 militum
825 4073 898 4131 vitae.
940 4075 1020 4151 Erga
1039 4075 1136 4134 hostes
1150 4076 1191 4132 uti
1210 4076 1277 4133 lieet
1289 4077 1389 4134 virtute

294 4178 342 4226 aut
354 4168 431 4238 dolo,
445 4191 538 4260 'namt
562 4181 580 4208 ‘⁶
593 4173 683 4230 virtus
705 4191 742 4230 an
763 4172 844 4230 dolus
872 4173 935 4245 quis
958 4174 987 4231 iu
1008 4173 1089 4231 hoste
1108 4173 1275 4247 requiratl”
1298 4176 1387 4233 celare

294 4285 346 4326 sua
365 4268 492 4337 consilia,
514 4271 613 4330 itinera
634 4271 773 4330 inchoare
793 4290 854 4344 que
876 4273 1012 4348 perficere
1035 4291 1213 4348 nequaquam
1228 4273 1337 4342 volunt,
1361 4282 1387 4329 et
