3078 5258
280 511 340 567 224
478 500 596 564 JURIS
616 497 940 562 EGGLESIASTIGI
960 497 1141 558 FONTES.

280 687 378 748 regum
406 667 591 735 Francorum,
612 674 643 726 et
663 657 808 742 rescriptis
831 665 939 738 aliquot
957 665 1170 740 imperatomm
1191 661 1319 737 denique
1340 684 1373 724 ex

281 769 398 828 historia
420 767 622 834 ecclesiastica,
643 767 787 842 gestisque
810 781 988 823 summorum
1010 761 1177 840 pontificum
1203 764 1373 840 plemmque

282 867 440 946 desumptis
454 885 492 926 ex
505 865 591 924 Libro
604 864 727 933 Diumo,
743 874 827 937 atque
840 881 877 921 ex
890 863 998 922 Ordine
1012 857 1193 922 Romanam

323 971 352 1026 5.
375 957 566 1025 “Dividitur²
592 973 686 1024 autem
711 965 844 1022 unlnersa
866 961 1027 1029 collectio,”
1041 961 1149 1038 'pergit
1174 959 1289 1029 Deroti,
1318 963 1374 1020 “iu

282 1073 376 1144 partes
389 1074 456 1133 tres,
470 1082 591 1139 quarum
603 1064 695 1140 prima
714 1061 749 1120 de
770 1061 901 1139 personis
922 1052 1084 1138 praesertim'
1100 1061 1169 1136 agit,
1192 1062 1373 1135 continetque

283 1163 492 1224 distinctiones
509 1167 575 1230 101,
589 1171 619 1220 et
639 1161 693 1220 sub
713 1161 840 1234 qualibet
861 1159 1040 1220 distinctione
1060 1152 1157 1238 plures
1176 1177 1309 1228 canones,
1325 1163 1373 1234 qui

283 1264 321 1322 ita
338 1263 493 1342 allegantur
505 1279 552 1320 ex.
567 1280 609 1338 gr.
627 1261 701 1320 Gon.
716 1277 818 1318 ontnes
838 1258 911 1318 dist.
931 1263 958 1327 l,
971 1259 1027 1318 hoc
1040 1268 1084 1316 est
1096 1276 1189 1318 canon
1209 1259 1259 1332 qui
1271 1260 1374 1338 incipit

284 1379 387 1421 omnes
401 1361 470 1445 dist,⁸
484 1365 510 1429 l,
524 1360 571 1418 vel
586 1378 638 1438 per
657 1377 807 1418 numerum
828 1356 968 1426 Cenoma,
982 1377 1028 1416 ex.
1053 1377 1095 1434 gr.
1114 1357 1190 1422 Con.
1214 1361 1243 1427 3,
1258 1357 1330 1416 diat.
1348 1364 1371 1416 l.

285 1460 356 1520 Pars
371 1462 457 1519 altera
465 1457 574 1539 judicia
587 1460 776 1535 persequitur,
790 1475 880 1532 eaque
894 1457 985 1516 divisa
997 1466 1040 1514 est
1053 1457 1083 1514 in
1100 1475 1218 1525 cousus,
1232 1467 1374 1529 quassant

284 1578 404 1618 numero
417 1563 476 1625 se,
496 1559 549 1616 sub
562 1575 732 1631 unaquaque
752 1575 838 1615 causa
856 1568 924 1615 sunt
946 1557 1042 1634 plures
1061 1556 1249 1634 quaestiones,
1270 1566 1300 1613 et
1323 1558 1372 1616 sub

284 1657 736 1733 questioniburpluresccncnes.
778 1655 1372 1732 lndcmhacpartelaudantnrnumerua

285 1773 392 1822 conen,
406 1765 435 1813 et
446 1755 634 1833 punctiones,
649 1764 749 1832 preter
761 1772 912 1814 numerum
925 1755 972 1812 vel
984 1755 1079 1831 priora
1090 1755 1207 1816 canonis
1217 1757 1313 1823 verba,
1326 1775 1369 1814 ex.

286 1875 327 1933 gr.
346 1853 421 1914 Gon.
435 1860 465 1919 2.
482 1854 573 1915 Cous.
588 1859 617 1912 8.
629 1862 733 1932 quaest.
748 1859 777 1912 2.
792 1854 838 1911 vel
853 1853 928 1912 Cun.
938 1851 1046 1912 Nemo.
1061 1853 1152 1912 Cous.
1167 1857 1213 1911 ll.
1228 1861 1332 1932 quast.
1345 1860 1372 1913 3.

287 1955 377 2014 Extat
388 1956 419 2014 in
431 1955 485 2014 hac
499 1955 605 2014 decreti
616 1963 706 2030 parte,
720 1953 776 2011 hoc
789 1963 833 2010 est
846 1954 876 2011 in
889 1951 986 2010 Causa
999 1957 1047 2011 33.
1062 1954 1218 2024 questione
1232 1959 1260 2012 3.
1277 1964 1371 2012 tracta·

287 2063 331 2110 tus
346 2053 381 2112 de
388 2054 568 2130 paenitentia
580 2054 609 2110 in
623 2063 733 2130 septem
747 2051 941 2110 distinctiones
956 2053 1083 2110 tributus.
1126 2050 1202 2112 Cum
1217 2052 1372 2113 indicantur

287 2169 421 2218 canones,
436 2154 486 2223 qui
505 2154 535 2210 ln
556 2152 611 2210 hoe
634 2159 750 2208 tractatu
772 2151 939 2218 referuntur,
954 2169 990 2208 ne
1012 2169 1077 2210 eum
1100 2153 1255 2212 canonibus
1277 2155 1371 2230 primae

287 2252 375 2326 partis
388 2249 595 2310 confundantur
608 2248 722 2330 (eodem
736 2251 813 2308 enirn
826 2249 913 2308 modo
931 2246 1100 2328 procedunt)
1116 2249 1227 2309 additur
1238 2252 1274 2312 de
1281 2251 1374 2330 poeni·

288 2348 392 2416 tentia,
407 2359 436 2406 et
448 2369 535 2409 causa
547 2367 726 2421 nequaquam
737 2351 845 2416 citatur,
860 2367 907 2406 ex.
920 2367 962 2426 gr.
976 2349 1051 2408 Can.
1062 2350 1288 2428 quempoenitet,
1304 2351 1372 2410 dist.

291 2451 317 2504 1.
332 2447 368 2507 dc
381 2447 488 2523 poenit.
530 2447 663 2520 Denique
678 2447 771 2506 adres
785 2449 907 2523 pertinet
926 2449 1006 2506 tertia
1018 2468 1094 2526 pars,
1109 2467 1199 2522 eaque
1213 2451 1372 2526 complecti·

287 2555 332 2604 tur
344 2552 508 2606 tractatum
521 2546 556 2606 de
570 2527 790 2606 consecratione
804 2547 939 2606 tributum
961 2548 991 2605 iu
1013 2548 1144 2626 quinque
1157 2548 1372 2616 distinctiones,

288 2665 408 2720 quarum
421 2665 544 2706 canones
565 2645 713 2712 laudantur
734 2645 789 2704 hoc
804 2645 889 2704 modo
915 2646 990 2706 Gan.
1011 2647 1237 2708 tubernaculum
1258 2649 1329 2708 dist.
1347 2655 1370 2706 l.

288 2745 617 2807 deconsecr.ue10cn.
637 2751 663 2804 1.
677 2745 712 2804 de
733 2760 861 2805 consecr.
877 2745 948 2805 dist.
968 2750 994 2804 1.
1027 2746 1148 2806 Additur
1167 2747 1202 2806 de
1219 2747 1374 2808 Consecra-

289 2846 380 2913 tione,
394 2856 427 2904 ut
439 2857 571 2905 noscatur
586 2863 724 2905 canonem
738 2845 773 2902 ad
786 2855 894 2922 partem
909 2847 1019 2906 tertiam
1033 2846 1206 2924 pertinere.'’

328 2947 356 3000 θ.
379 2943 476 3009 Quum
492 2943 646 3001 Gratianus
670 2942 773 3001 Isidori
785 2943 970 3011 decretalibus
990 2964 1059 3004 usus
1079 2948 1125 3014 sit,
1140 2948 1262 3023 plurima
1275 2966 1374 3025 suppo-

289 3041 375 3097 sititia
387 3059 446 3098 sue
466 3038 626 3098 collectioni
646 3041 772 3108 inseruit,
787 3060 850 3113 quae
871 3045 978 3102 nullam
999 3043 1064 3102 inde
1085 3046 1212 3104 derivant
1232 3049 1372 3106 auctorita·

289 3146 345 3194 tem
359 3157 366 3205 ;
387 3138 483 3196 cannia
496 3139 573 3197 enim
586 3157 650 3212 quse
663 3158 697 3196 ea
710 3141 890 3200 continentur
903 3162 966 3201 eam
985 3145 1043 3203 vim
1061 3145 1255 3204 tantummodo
1276 3147 1373 3205 habent

290 3253 353 3309 quse
373 3239 415 3296 eis
437 3237 603 3298 tribueretur
619 3240 645 3296 si
664 3247 743 3296 extm
756 3237 905 3300 decretum
919 3252 1104 3320 segmentum
1124 3245 1180 3303 hoc
1194 3245 1313 3311 scilieet,
1326 3245 1373 3302 etsi

288 3338 423 3412 probante
438 3337 570 3416 Eugenio
578 3338 633 3396 III.
643 3339 756 3416 publice
766 3339 947 3415 explicatum,
959 3351 988 3398 et
998 3342 1139 3420 Gregorio
1151 3344 1237 3404 XIII.
1247 3346 1370 3422 jubente,

289 3437 465 3496 emendatius
480 3437 585 3498 editum
599 3439 645 3506 sit,
660 3438 781 3498 solemni
795 3447 889 3498 tumen
908 3442 1052 3500 sanctione
1067 3443 1210 3519 pontificia
1223 3461 1371 3518 numquam

290 3546 334 3596 est
346 3540 497 3596 munitum.

328 3641 357 3694 7.
379 3637 449 3694 Post
464 3637 631 3698 Gratianum
645 3635 809 3714 prodierunt
824 3639 950 3711 quinque
970 3639 1030 3698 alim
1051 3640 1233 3700 collectiones
1253 3642 1370 3701 decreto

288 3749 351 3790 mm
364 3734 583 3809 pontificiorum,
598 3753 661 3806 quae
676 3735 809 3812 Gregorii
828 3736 883 3796 IX.
900 3739 995 3816 jussu,
1015 3757 1102 3816 opera
1115 3741 1148 3798 S.
1166 3741 1332 3819 Raymundi
1342 3739 1372 3798 de

289 3832 452 3901 Pennalurt,
474 3852 548 3891 anno
571 3836 658 3900 12³4,
679 3834 709 3890 in
728 3835 859 3913 quinque
873 3835 1077 3898 Decretclt'nrn
1091 3837 1183 3900 libres
1204 3851 1271 3900 sunt
1291 3841 1372 3899 distri-

287 3934 362 3991 buta.
405 3931 613 4010 complectitur
626 3941 720 3990 autern
734 3934 862 3994 collectio
876 3935 937 3994 haec
953 3937 1088 4014 epistolas
1102 3939 1255 4002 decretales
1268 3938 1371 4017 pontili-

176 4053 178 4056 ·
287 4049 351 4088 cum
366 4052 382 4088 a
395 4033 427 4089 S.
439 4033 583 4111 Gregorio
597 4034 620 4093 1.
632 4050 723 4105 usque
735 4032 769 4090 ad
781 4034 953 4112 Gregorium
966 4036 1020 4095 IX.
1033 4047 1061 4096 et
1073 4038 1155 4115 plura
1168 4039 1221 4100 alie
1234 4059 1271 4098 ex
1285 4040 1372 4114 Scrip-

589 4241 629 4302 (1)
648 4240 715 4289 luris
728 4239 849 4290 eanonict
861 4240 938 4290 Instit.
952 4241 967 4290 l.
980 4241 996 4291 i.
1008 4257 1029 4295 c.
1042 4243 1072 4292 vi.

590 4324 627 4381 (2)
646 4323 745 4375 Ibidem.
