3078 5258
290 527 345 582 176
627 521 683 579 DE
706 517 1056 580 CONSUETUDINE.

287 689 400 764 quidem
414 689 551 764 abrogari,
565 689 695 759 quamvis
707 696 843 746 revocata
858 685 1025 760 plerumque
1039 703 1096 745 non
1110 697 1287 757 censeantur,
1305 710 1377 767 pra·

286 790 381 846 sertim
395 789 420 846 si
437 787 540 846 suerint
551 787 801 853 immemorabiles,
816 784 872 844 nisi
885 802 1019 862 expresse
1032 787 1070 843 ita
1079 795 1223 844 statuatur.
1258 796 1278 823 ‘⁶
1289 789 1377 865 Epis-

286 889 352 962 copi
365 897 460 945 tamen
473 903 524 964 per
537 903 636 945 eorum
656 887 735 962 leges
758 887 892 961 abrogant
911 902 1120 958 quemcumque
1139 887 1377 948 consuetudinem

286 987 494 1063 particularem,
505 987 574 1058 quia
586 997 794 1064 praesumuntur
803 985 859 1060 ipsi
872 984 985 1060 plenam
998 984 1125 1042 notitiam
1141 984 1241 1043 habere
1255 1006 1377 1046 consue·

286 1085 415 1145 tudinum
428 1085 584 1144 dioecesum
599 1078 764 1143 suerum.'’⁴

325 1187 374 1242 te.
396 1185 520 1260 Legibus
541 1183 741 1243 ecelesiasticis
760 1185 790 1242 in
810 1183 863 1241 hac
882 1185 998 1261 regione
1018 1184 1098 1260 plura
1118 1183 1212 1242 solent
1224 1185 1285 1243 fieri
1298 1184 1374 1244 haud

288 1295 568 1356 consentaneaque
589 1295 685 1342 utrum
706 1284 764 1341 vim
778 1281 989 1341 conssuemdini
1008 1293 1135 1340 assecuta
1154 1283 1211 1340 sint
1230 1286 1279 1342 vix
1292 1285 1377 1343 aude·

288 1402 351 1442 mus
378 1384 483 1442 dicere.
524 1383 613 1443 Plura
635 1393 728 1441 autern
751 1401 787 1440 ex
808 1381 915 1440 indulto
941 1382 1099 1460 pontificio,
1121 1401 1172 1440 seu
1199 1382 1375 1442 facultatibus

290 1485 434 1561 episcopis
455 1485 597 1542 concessis
617 1493 677 1541 orta
698 1482 860 1541 verosimile
874 1489 926 1549 est,
946 1482 1112 1539 necessitate
1133 1484 1217 1541 etiam
1237 1495 1375 1559 cogente3

288 1601 350 1654 quae
359 1582 464 1640 idcirco
477 1583 590 1641 retineri
604 1599 689 1658 posse
703 1580 841 1649 videntur,
857 1579 947 1639 donec
961 1581 1041 1638 aliter
1053 1581 1232 1656 praesulibus,
1245 1582 1290 1639 vel
1303 1583 1374 1642 Sedi

287 1681 460 1755 apostoliea
474 1681 566 1737 visum
580 1681 673 1739 fuerit.
715 1679 765 1736 Sic
777 1679 867 1738 larido
881 1681 910 1737 in
924 1679 1021 1737 diebus
1041 1681 1218 1749 esurialibus,
1232 1682 1336 1759 butyro
1349 1696 1377 1742 et

285 1781 367 1845 lacte,
381 1783 444 1838 ovis
458 1789 486 1837 et
497 1779 645 1839 lacticiniis
659 1781 688 1838 in
702 1779 926 1855 quadragesima,
940 1788 1055 1838 utuntur
1067 1778 1177 1837 fideles.
1209 1780 1376 1841 Sacerdotes

286 1880 452 1940 unctionem
471 1897 583 1949 renum,
607 1880 636 1938 in
655 1878 841 1946 moribundis,
862 1897 978 1955 prorsus
999 1880 1142 1937 omittunt.
1184 1879 1330 1940 (laeterum
1346 1884 1375 1941 in

288 1980 350 2039 aliis
364 1981 496 2055 plurimis
510 1999 544 2037 ea
557 1988 600 2038 est
613 1997 725 2038 morum
747 1978 937 2054 discrepantia
959 1997 1021 2050 quae
1043 1978 1279 2039 consuetudinem
1294 1981 1373 2049 tollit,

287 2077 332 2134 vel
346 2080 484 2136 infirmat:
507 2078 628 2150 ideoque
643 2077 772 2150 quamvis
786 2095 844 2135 non
857 2077 1023 2136 damnemus
1038 2096 1088 2136 eos
1103 2079 1153 2151 qui
1165 2097 1234 2136 usus
1249 2091 1375 2157 receptos

288 2187 453 2248 sequuntur,
468 2194 617 2249 quousque
631 2195 680 2235 eos
695 2175 847 2234 aboleverit
859 2176 1012 2254 praesulum
1026 2179 1185 2245 auctoritas,
1197 2179 1377 2238 vehementer

289 2285 381 2333 tamen
404 2273 645 2336 commendandos
668 2291 829 2342 censemus,
851 2277 900 2348 qui
918 2277 1087 2334 universalis
1108 2277 1256 2345 Ecelesiae,
1270 2289 1298 2334 et
1318 2279 1377 2336 Ro·

288 2393 378 2432 manae
402 2377 554 2451 praecipue,
578 2374 767 2452 disciplinam,
789 2375 870 2432 nobis
891 2394 907 2431 a
927 2377 1020 2451 primo
1039 2377 1161 2434 concilio
1175 2377 1374 2436 Baltimorensi

289 2471 370 2529 valde
397 2472 635 2540 commendatam,
658 2473 805 2531 contrariis
832 2473 1018 2545 quarumdam
1044 2476 1254 2552 provinciarum
1280 2479 1375 2535 usibus

289 2572 464 2648 postpositis,
474 2581 612 2646 quatenus
625 2591 719 2631 rerum
733 2569 865 2650 adjuncta
877 2574 1028 2649 patiuntur,
1038 2576 1067 2633 in
1078 2576 1210 2634 omnibus
1224 2576 1373 2635 imitantur.

458 2775 503 2840 (1)
520 2775 548 2824 S.
559 2775 703 2841 Alphonsus
714 2783 769 2840 post
782 2775 903 2834 Salmant,
914 2775 968 2824 loco
979 2775 1051 2838 paulo
1063 2783 1119 2825 ante
1131 2776 1212 2825 citato.
