3046 5262
554 457 611 516 DE
633 456 747 516 LEGE
769 455 908 518 CIVILl.
1218 459 1277 516 2⁰7

181 637 235 694 tra,
246 633 390 703 precepta
402 642 482 682 sacra
494 625 525 683 iu
538 624 712 684 educationis
726 636 755 684 ct
766 643 878 686 morum
891 623 1018 700 tegurium
1038 625 1232 692 sumebantur,
1253 633 1282 683 et

179 725 267 782 sacris
290 723 428 782 ministris
449 721 479 779 id
498 725 624 782 muneris
647 725 815 800 plerumque
833 722 1100 782 commendabatur:
1123 723 1200 796 quod
1212 741 1280 782 con·

182 823 246 900 tigit
263 841 329 880 cum
342 839 447 897 magna
466 821 629 897 reipublicae
642 823 777 880 utilitate:
799 822 851 879 sed
871 840 909 880 ex
929 839 987 894 quo
1004 821 1154 881 multitudo
1166 832 1280 882 senten·

180 921 280 978 tiarum
301 920 423 978 divortio
443 917 478 975 de
504 918 572 976 fidei
594 919 730 978 doctrinis
751 919 871 978 discissa
892 929 946 988 est,
969 938 1028 978 non
1050 930 1181 995 poterant
1198 921 1278 998 leges

181 1017 349 1095 hujusmodi
362 1017 428 1076 ferri
442 1016 550 1090 absque
570 1019 746 1094 gravissimis
769 1019 955 1095 plurimorum
979 1019 1102 1090 querelis
1124 1030 1153 1078 et
1172 1020 1279 1077 turbis:

181 1126 355 1193 quapropter
367 1115 444 1191 apud
455 1134 508 1174 nos
518 1117 597 1192 leges
606 1117 709 1192 jubent
717 1119 840 1194 juvenes
850 1117 879 1174 iu
886 1117 991 1176 scholis
1002 1117 1125 1194 publicis
1133 1119 1288 1177 institues·-

180 1215 245 1281 dos,
260 1216 331 1287 quin
343 1223 427 1272 secta
441 1215 526 1272 alicui
540 1214 673 1283 faveatur,
688 1215 883 1274 educationem
895 1224 926 1273 et
936 1234 1049 1274 morum
1062 1215 1246 1295 disciplinam
1263 1236 1280 1274 a

182 1313 323 1388 religione
346 1323 517 1388 separantes.
558 1313 654 1390 Leges
674 1313 719 1372 has
741 1332 829 1386 aequm
843 1313 984 1382 videntur,
999 1324 1124 1390 spectata
1136 1315 1278 1374 societatis

183 1413 216 1469 iu
239 1420 280 1470 tot
301 1419 392 1488 partes
417 1413 515 1470 scissae
536 1412 717 1480 conditione3
738 1411 791 1470 sed
817 1411 984 1488 perdifficile
1004 1421 1048 1468 est
1066 1431 1170 1489 pueros
1196 1414 1279 1472 bonis

179 1511 307 1568 moribus
316 1510 355 1568 ita
367 1510 531 1579 instituere;
544 1513 589 1570 vel
607 1520 745 1570 sectarum
758 1529 917 1588 praecavero
931 1520 1003 1569 artes
1016 1521 1142 1570 mentem
1155 1522 1281 1570 teneram

180 1610 290 1666 sensim
303 1609 365 1666 sine
379 1625 466 1666 sensu
478 1608 611 1669 adversm
631 1610 795 1668 Ecclesiam
808 1611 984 1688 prejudiciis
997 1610 1202 1678 imbuentiumt
1222 1610 1278 1676 vel,

180 1707 258 1780 quod
279 1709 423 1783 praecipue
445 1708 602 1768 timendum
621 1719 675 1778 est,
695 1709 788 1767 facere
807 1717 838 1766 ut
862 1709 957 1768 omnis
979 1709 1128 1785 religionis
1148 1710 1278 1768 revelatae

179 1825 283 1864 sensus
297 1806 373 1863 haud
386 1816 513 1865 exuatur.
540 1807 630 1886 Igitur
643 1807 798 1885 optandum
810 1810 936 1865 maxime
949 1816 981 1864 ut
992 1808 1057 1884 lege
1070 1809 1152 1866 detur
1163 1809 1278 1866 libertas

181 1924 288 1982 pueros
301 1924 353 1981 pro
368 1915 516 1982 parentum
529 1907 586 1965 fide
599 1909 629 1966 iu
643 1907 750 1966 scholis
763 1907 810 1982 pie
824 1915 853 1964 et
864 1916 960 1964 sancte
973 1906 1147 1964 insumendi.
1185 1907 1276 1964 Secus

180 2011 293 2079 postera
306 2014 372 2061 aetas
386 2006 511 2062 moribus
524 2015 552 2063 et
564 2007 711 2065 sententiis
724 2005 846 2064 deterior
858 2005 1008 2065 videbitur.

225 2105 273 2159 12.
294 2102 338 2159 De
351 2103 504 2180 Religione
517 2106 658 2178 rebusque
678 2105 713 2163 ad
733 2106 834 2162 animae
854 2105 973 2163 salutern
993 2105 1172 2164 attinentibus
1192 2105 1274 2182 leges
1317 2132 1323 2138 -

179 2201 281 2259 civiles
294 2200 415 2260 ferendae
429 2220 488 2260 non
500 2213 576 2272 sunt,
587 2205 644 2262 nisi
658 2204 769 2281 placeat
781 2203 892 2262 divinas
905 2203 983 2280 leges
997 2203 1198 2262 commendare
1218 2221 1275 2261 ser·

179 2299 296 2368 vendas,
320 2311 349 2358 et
370 2302 469 2359 munia
499 2321 536 2359 ex
565 2303 661 2361 divina
686 2304 849 2362 auctoritate
875 2304 1081 2362 innotescentia
1105 2304 1274 2381 injungere:

179 2417 299 2473 quorum
313 2408 408 2458 tamen
418 2399 559 2476 judicium
573 2403 608 2460 ab
621 2401 753 2460 Ecclesia
772 2401 886 2478 pendet.
928 2401 1075 2476 Equidem
1089 2404 1277 2479 imperatores

178 2498 379 2575 principesque
394 2499 442 2556 alii
455 2498 600 2558 christiani
614 2509 823 2560 consueverunt
841 2501 909 2559 olim
922 2501 1033 2578 legibus
1046 2503 1157 2560 sancire
1171 2498 1275 2559 Eccle-

179 2599 229 2655 siae
243 2615 367 2654 canones
380 2605 411 2653 ut
424 2598 483 2655 vim
496 2598 525 2657 in
539 2599 616 2657 civili
629 2601 690 2659 foro
709 2597 861 2658 habe'rent:
883 2598 935 2655 sed
956 2618 1015 2656 non
1032 2599 1097 2656 ideo
1112 2600 1166 2656 sibi
1178 2599 1209 2657 in
1229 2615 1277 2656 res

179 2713 276 2753 sacras
291 2705 454 2770 arrogarunt
464 2707 643 2773 potestatem.
685 2699 718 2756 In
732 2699 867 2773 praesenti
879 2714 975 2754 rerum
988 2696 1163 2761 conditione,
1178 2696 1226 2752 ubi
1238 2704 1281 2752 tot

180 2802 268 2862 sectae
291 2793 322 2850 in
343 2791 404 2851 dies
420 2795 567 2871 pullulant,
586 2797 665 2874 leges
688 2795 854 2873 hujusmodi
872 2812 1027 2872 gravamen
1054 2793 1191 2852 inferrent
1210 2811 1276 2850 cum

177 2891 259 2969 pacis
285 2891 470 2952 denimento:
494 2906 666 2973 quapropter
691 2896 833 2972 sapienter
858 2892 1073 2954 Constitutione
1104 2892 1278 2952 Americana

177 2999 288 3048 vetatur
300 3008 337 3048 ne
358 2990 541 3069 Congressus
561 2994 667 3067 aliquid
680 2994 715 3052 de
728 2994 867 3074 religione
881 3003 992 3061 statuat,
1008 3012 1066 3067 quo
1079 2994 1142 3070 ejus
1154 2993 1276 3051 liberum

178 3089 346 3148 exercitium
360 3087 555 3168 impediatur.¹
596 3094 666 3152 Non
686 3093 751 3152 ideo
773 3093 926 3152 damnandi
950 3103 1018 3151 sunt
1043 3094 1166 3174 majores
1187 3092 1277 3151 nostri

177 3188 229 3261 qui
241 3189 273 3245 in
286 3175 487 3246 florentissima
500 3191 662 3266 reipublice
678 3190 850 3248 Christianae
864 3192 1036 3257 conditione,
1058 3191 1167 3267 populo
1179 3190 1236 3249 fide
1250 3199 1279 3246 et

176 3287 290 3363 pietatis
304 3288 449 3345 communi
462 3287 556 3346 studio
569 3292 733 3367 conjuncto,
748 3289 824 3345 civili
847 3289 992 3347 sanctione
1012 3287 1153 3346 Ecclesiae
1176 3287 1277 3344 defini·

177 3385 270 3442 tiones
285 3393 314 3442 et
324 3384 403 3461 leges
424 3385 599 3456 munierunt,
620 3387 779 3466 prasertim
799 3405 889 3459 quum
908 3385 938 3443 id
960 3403 1037 3462 saepe
1057 3385 1214 3463 plurimum
1235 3384 1280 3443 in-

177 3492 298 3541 teresset
316 3484 423 3542 ordinis
447 3493 475 3542 et
493 3488 699 3559 tranquillitatis
720 3484 852 3562 publicae.
895 3484 1065 3557 Numquam
1088 3490 1182 3541 autem
1201 3482 1283 3541 licuit

174 3582 241 3659 lege
259 3582 335 3640 civili
357 3583 466 3656 aliquid
487 3593 606 3643 statuere
624 3586 684 3663 juri
703 3584 801 3642 divino
824 3583 992 3651 adversum
1013 3583 1123 3640 dicente
1143 3580 1276 3639 Isidoro:

176 3687 196 3715 “
207 3680 258 3740 lex
272 3681 325 3738 erit
336 3700 422 3740 omne
433 3683 509 3756 quod
523 3685 630 3743 ratione
644 3681 808 3752 constiterit,
820 3681 966 3741 dumtaxat
975 3681 1051 3756 quod
1063 3681 1195 3760 religioni
1209 3699 1277 3740 con·

175 3789 269 3856 gruat,
288 3779 364 3851 quod
384 3779 541 3858 discipline
565 3783 724 3851 conveniat,
739 3781 818 3855 quod
830 3781 915 3841 saluti
928 3777 1107 3858 proficiat.”²
1149 3780 1280 3838 Nimium

176 3877 261 3935 effert
273 3878 412 3937 Vattelius
426 3878 587 3956 principum
600 3882 630 3940 in
642 3901 704 3940 rem
720 3881 868 3958 religionis
882 3875 1077 3957 potestatem.³

220 3981 268 4034 13.
291 3977 415 4036 Pulchre
428 3979 607 4056 Augustinus
620 3979 802 4040 concordiam
815 3978 955 4038 Ecclesiae
969 3997 1035 4036 cum
1049 3974 1134 4034 variis
1147 3975 1277 4052 gentium

211 4145 253 4208 (1)
271 4143 439 4195 Amendment
451 4147 467 4196 i.
479 4156 505 4197 to
513 4147 600 4198 Consi.
611 4147 702 4198 United
714 4146 804 4196 States.

212 4229 253 4294 (2)
266 4229 296 4280 L.
309 4247 331 4277 v.
343 4230 452 4295 Etymol.
464 4250 485 4282 c.
493 4234 519 4283 iis
531 4235 660 4285 consentit
671 4233 781 4296 'l'aylort
794 4237 808 4262 “
820 4230 905 4280 When
917 4230 999 4282 divine
1008 4231 1056 4282 and
1068 4231 1161 4282 human
1174 4233 1234 4282 laws
1242 4243 1287 4278 ara

174 4313 294 4378 opposed,
318 4314 387 4364 these
400 4327 467 4367 must
478 4319 571 4384 always
582 4318 647 4382 yisld
665 4325 689 4368 to
707 4312 801 4367 those.”
835 4315 886 4366 Jer.
897 4316 997 4382 Taylor,
1008 4317 1073 4369 Duc.
1084 4316 1149 4368 Dub.
1159 4317 1175 4366 l.
1188 4315 1221 4366 iii
1234 4311 1282 4366 ci

174 4397 352 4461 mhpn

212 4480 252 4544 (3)
272 4480 334 4532 Low
345 4483 374 4532 oi
387 4483 502 4545 Nations,
514 4486 531 4535 Ι.
543 4486 558 4536 i.
572 4503 593 4537 c.
606 4487 649 4538 xii.
