3076 5260
302 485 359 544 DE
381 475 741 549 OBLlGATIONlBUS
761 486 1095 548 RELIGIOSORUM.
1187 491 1246 546 357

154 653 262 711 violata
288 652 383 721 suerit,
411 651 560 728 diligenter
584 654 703 722 restitui,
730 663 760 711 et
784 653 833 711 ubi
858 653 992 714 inviolata
1011 663 1065 723 est,
1086 654 1246 712 conservari

155 751 282 810 maxime
310 745 511 827 procurent.’'1
564 752 609 809 Ad
623 751 684 810 haec
704 754 831 812 animum
851 753 993 811 attendere
1016 763 1137 831 oportet,
1159 769 1247 824 quum

155 869 193 910 ex
205 852 241 909 iis
255 861 351 908 sancte
360 851 479 908 servatis
488 853 613 910 maxirue
624 851 827 928 pendeatsacri
836 853 955 912 instimti
968 852 1063 922 decor,
1074 861 1103 910 et
1114 851 1247 910 illustrio-

154 951 194 1008 ris
222 948 333 1007 Christi
351 951 445 1027 gregis
468 951 606 1025 portionis
626 951 770 1027 integritas
791 961 819 1009 et
841 953 928 1010 salus.
969 952 1036 1028 Ipsa
1057 948 1247 1009 calumniandi

155 1058 183 1106 et
195 1067 282 1125 prava
294 1050 390 1106 omnia
403 1049 569 1125 suspicandi
580 1050 678 1118 libido,
690 1067 752 1122 quae
766 1051 913 1108 haereticos
928 1052 993 1128 agit,
1008 1059 1104 1109 cautos
1118 1068 1172 1108 uos
1185 1046 1247 1105 red·

157 1147 205 1205 dat
217 1165 336 1205 necesse
357 1157 408 1217 est,
427 1167 463 1205 ne
483 1149 552 1221 quid
571 1150 715 1225 contingat
734 1151 914 1208 sanctissimo
927 1150 1073 1226 proposito
1087 1149 1247 1214 adversum,

158 1247 203 1304 vel
228 1266 284 1318 qua
306 1247 407 1304 nebula
430 1246 583 1306 offuscemr
606 1249 863 1324 sanctimonialium
884 1249 968 1307 fama.
1010 1247 1156 1321 Equidem
1183 1263 1249 1310 con-

157 1345 276 1404 suetudo
288 1345 346 1422 legi
359 1346 495 1404 clausurae
510 1347 656 1405 adversae
670 1348 745 1424 juris
766 1349 895 1406 canonici
915 1349 1016 1424 peritis
1030 1346 1188 1422 corruptela
1201 1344 1249 1402 ha·

158 1446 257 1513 betur;
278 1454 307 1502 et
320 1445 368 1504 vix
383 1454 476 1522 potest
489 1447 547 1504 vim
567 1447 693 1504 obtinere
714 1465 750 1502 ex
764 1446 849 1504 Sedis
869 1447 1042 1523 Apostolicae
1062 1444 1248 1521 indulgentia,

159 1563 222 1616 quae
235 1545 261 1602 si
275 1545 361 1603 alicui
374 1545 511 1621 episcopo
524 1546 560 1603 ob
573 1545 707 1620 specialia
720 1563 814 1603 rerum
832 1546 962 1624 adjuncta
974 1546 1046 1622 legis
1060 1546 1182 1621 rigorem
1197 1543 1249 1600 mi·

161 1642 266 1720 tigandi
286 1631 385 1702 fecerit
404 1645 577 1712 facultatem,
600 1662 684 1720 parce
707 1646 826 1703 omnino
848 1655 876 1702 et
898 1646 1071 1704 necessarias
1091 1651 1200 1700 tantum
1213 1641 1249 1698 ob

159 1760 259 1799 causas
285 1761 347 1799 eam
370 1743 430 1799 vult
455 1742 592 1800 adhiberi.
635 1741 783 1800 Clausurae
809 1744 872 1820 lege
899 1763 956 1802 non
982 1751 1112 1802 tenentur
1129 1742 1249 1798 Sorores

160 1840 324 1908 Charitatis,
337 1840 454 1912 aliaeque
467 1841 521 1916 piae
539 1841 653 1898 feminae
668 1859 730 1912 quaa
751 1850 816 1898 vota
835 1843 974 1900 solemnia
993 1860 1051 1900 non
1074 1840 1247 1898 emiserunt:

159 1939 210 1997 sed
224 1957 411 2012 quecumque
432 1941 608 2014 propositum
629 1939 763 1997 castitatis
782 1941 926 2000 servandae
940 1939 1045 2008 fovent,
1068 1938 1169 1997 debent
1187 1953 1250 2013 per-

159 2057 275 2096 suasum
287 2039 391 2096 habere
405 2057 468 2096 eam
489 2040 604 2097 nonnisi
625 2057 727 2114 magna
750 2039 875 2098 adhibita
896 2039 1005 2098 cautela
1024 2038 1129 2095 servari
1143 2053 1248 2112 posse3

159 2156 230 2210 quas
249 2137 357 2196 idcirco
377 2137 458 2196 decet
478 2137 657 2206 verecundia,
671 2138 821 2208 modestia,
836 2140 970 2215 gravitate
990 2135 1249 2196 sanctimonialium

69 2236 73 2244 ’
159 2237 286 2294 aemulari
298 2237 434 2295 instituta.
477 2237 644 2296 Sacerdotes
658 2247 753 2296 autem
764 2247 868 2297 norunt
881 2246 986 2310 quanto
1006 2255 1071 2294 cum
1085 2234 1248 2293 discrimine
1336 2223 1340 2230 ’

162 2335 244 2394 fame
257 2344 286 2392 et
298 2336 407 2404 salutis,
428 2336 617 2404 feminarum,
637 2338 795 2412 praesertim
808 2355 871 2410 que
885 2335 1102 2396 sanctimoniam
1115 2333 1249 2411 profiten-

160 2445 214 2503 tur,
227 2437 402 2494 consortium
416 2435 619 2507 frequentetur.

518 2670 532 2744 §
547 2669 601 2728 ΙΙΙ.
622 2669 670 2726 Da
685 2687 895 2728 rauenurnrn.

201 2851 251 2908 70.
273 2848 482 2924 Religiosorum
496 2847 713 2907 communitates
722 2848 805 2915 bona,
817 2865 868 2904 seu
877 2845 1045 2912 immobilia,
1060 2862 1110 2900 seu
1124 2841 1249 2908 mobilia,

160 2947 309 3024 possidere
332 2956 459 3023 possunt,
474 2957 502 3004 et
521 2964 621 3004 eorum
635 2946 738 3004 habere
761 2946 930 3013 dominium,
951 2945 1028 3003 haud
1041 2944 1168 3002 obstante
1185 2949 1251 2998 voto
1336 2969 1340 2978 .

160 3047 351 3124 paupertatis:
373 3046 428 3104 hoc
441 3046 517 3103 enim
531 3053 639 3104 tantum
662 3046 752 3122 exigit
772 3053 803 3103 ut
815 3063 922 3104 vovens
935 3042 1084 3121 se-spoliet
1092 3043 1157 3120 jure
1171 3050 1199 3098 et
1210 3039 1253 3096 sa·

161 3145 261 3204 cultate
275 3146 404 3204 dominii.
446 3142 593 3217 Equidem
606 3162 739 3220 suprema
751 3146 889 3202 bonorum
904 3143 1107 3202 administratio
1121 3151 1164 3198 est
1176 3138 1252 3215 apud

163 3242 268 3302 Sedem
278 3245 485 3322 Apostolicarn,
500 3263 588 3316 quum
608 3241 758 3301 donatores
771 3243 809 3299 ita
822 3243 946 3300 voluisse
959 3239 1059 3299 meritd
1073 3246 1250 3302 censeantur,

114 3354 116 3358 “
162 3353 192 3400 ut
216 3344 326 3402 utilitati
351 3341 510 3419 Religionis
542 3342 754 3400 consuleretur:
792 3340 843 3404 sed
869 3341 984 3399 nonnisi
1007 3339 1188 3416 gravissimas
1215 3335 1252 3390 ob

161 3461 260 3499 causas
275 3463 305 3501 se
319 3445 345 3501 ei
360 3443 508 3508 immiscet,
519 3441 629 3519 justitia
640 3441 798 3518 postulante
813 3450 901 3497 utres
911 3441 994 3515 juxta
1002 3436 1154 3514 specialem
1165 3434 1252 3492 dona-

161 3550 254 3600 torum
267 3543 440 3602 voluntatem
454 3538 661 3616 impendantur.
703 3541 766 3598 Soli
786 3539 883 3596 fratres
904 3540 1033 3597 Minores
1052 3553 1106 3594 suo
1126 3534 1251 3592 instituto

162 3641 356 3717 impediuntur
369 3659 404 3699 ne
419 3641 558 3698 bonorum
578 3639 735 3698 dominium
758 3657 846 3714 penes
862 3637 999 3696 Ordinem
1012 3637 1160 3701 retineant,
1175 3630 1252 3706 quod

162 3739 195 3796 S.
211 3739 281 3798 Sodi
303 3741 437 3806 tribuunt,
459 3756 556 3796 eorum
569 3757 664 3805 usum,
685 3739 874 3796 revocabilem
894 3748 998 3804 tamen,
1021 3737 1074 3794 sibi
1097 3731 1250 3791 servantes.

162 3838 208 3896 De
221 3859 255 3897 ea
274 3859 305 3897 re
319 3841 396 3896 varia
415 3838 566 3896 extiterunt
579 3837 751 3895 Pontificum
771 3836 892 3895 decreta.
928 3837 1055 3894 loannes
1069 3834 1140 3891 xxii.
1162 3829 1252 3889 noluit

162 3937 319 3997 dominium
334 3938 404 3996 illud
417 3946 574 4013 acceptare,
596 3937 641 3994 vel
654 3954 739 3994 usum
747 3953 846 3994 rerum
861 3954 924 4008 quae
948 3942 1151 3995 consumuntur
1164 3950 1181 3986 a
1202 3927 1251 3985 do-

162 4037 252 4095 minio
269 4037 442 4114 distinguere
454 4029 478 4104 3²
497 4035 548 4094 sed
568 4035 707 4094 Nicolaus
721 4036 776 4094 III.
791 4035 894 4107 aliique
908 4035 1038 4092 fratribus
1052 4038 1198 4088 cesserunt
1210 4029 1252 4086 in·

161 4137 301 4194 stantibus
319 4145 350 4193 ut
375 4135 466 4194 Sedes
493 4135 658 4212 Apostolica
678 4133 835 4192 dominium
858 4135 913 4191 sibi
935 4121 1091 4192 retineret³
1132 4127 1251 4187 Ceteris

200 4323 242 4388 (l)
261 4323 328 4372 Sese.
340 4339 396 4371 rrv.
408 4338 461 4386 cap.
474 4338 496 4370 u.
509 4321 539 4370 de
547 4322 608 4384 Reg.
619 4329 643 4370 et
655 4319 723 4370 Mon.

198 4410 240 4474 (2)
261 4407 332 4458 Extr-
344 4407 386 4458 Ad
396 4406 556 4459 conditorem.
569 4411 583 4466 ς
597 4406 670 4466 Quod
684 4413 773 4458 eutem.
962 4409 1003 4475 (³)
1023 4408 1123 4479 Ertrur.
1135 4403 1218 4455 natta
