3068 5256
462 537 519 597 DE
541 535 731 596 SEPTIMO
752 537 1004 598 PRAEOEP'I'O.
1227 545 1282 602 137

185 705 280 782 gravis
293 704 357 761 furti
370 703 411 761 rei
425 713 503 770 sunt,
517 701 677 776 debentque
690 721 743 780 pro
761 723 842 776 aequa
861 705 957 763 damni
970 703 1157 764 estimatione
1171 707 1282 766 satisfa-

184 822 248 862 cere
260 824 268 871 ;
282 802 333 860 sed
345 821 422 879 sepe
436 802 604 880 perdifficile
617 810 661 859 est
673 797 796 879 pretium
810 803 846 862 ad
858 803 989 862 dominos
1003 812 1062 862 tuto
1070 805 1191 864 mittere.
1234 807 1282 866 De

181 903 257 981 ligna
270 888 479 979 colligentibus,
493 921 556 975 quae
570 902 641 960 alius
655 903 685 960 in
704 904 750 960 sui
769 922 854 962 usum
877 903 993 972 excidit,
1013 903 1058 962 vel
1077 905 1113 962 de
1132 923 1167 962 ea
1179 923 1281 983 aspor-

181 1003 314 1069 tantibus,
330 1019 393 1074 quae
407 1002 478 1060 alius
492 1001 548 1060 sibi
560 1001 743 1077 comparavit,
754 1001 831 1061 idem
845 1002 1015 1062 dicendum:
1037 1005 1132 1080 gravis
1146 1005 1224 1064 enim
1233 1017 1283 1066 est

182 1101 268 1178 culpa
280 1120 380 1160 eorum
394 1102 506 1178 copiam
520 1101 573 1158 sibi
587 1118 710 1169 sumere,
724 1102 786 1158 sine
799 1101 909 1160 domini
918 1103 1011 1160 venia.

224 1204 292 1259 169.
314 1199 469 1268 Falsarius,
484 1201 534 1273 qui
547 1207 691 1258 monetam
704 1199 803 1259 falsam
824 1201 910 1270 cudit,
935 1203 980 1261 vel
1003 1203 1194 1280 chirographa
1213 1204 1282 1263 ficta

183 1303 213 1360 in
225 1301 320 1358 lucem
335 1299 402 1368 edit,
416 1300 462 1359 fur
475 1300 620 1378 pessimus
640 1299 800 1359 censendus
815 1310 867 1360 est.
890 1302 948 1368 Qui
961 1311 1105 1362 monetam
1113 1303 1281 1381 hujusmodi

117 1391 124 1400 ’
183 1402 213 1458 in
235 1401 354 1476 vulgum
377 1401 493 1476 spargit,
514 1399 658 1476 injustitiae
678 1399 710 1456 frt
727 1418 804 1468 reus,
825 1407 853 1457 et
872 1400 907 1458 ad
926 1401 1116 1480 reparandum
1142 1403 1281 1462 damnum

181 1509 301 1559 tenetur.
344 1499 491 1572 Quotquot
502 1517 584 1557 suam
597 1507 731 1576 praestant
752 1518 868 1574 operam
885 1519 923 1558 ex
942 1502 1089 1560 communi
1108 1502 1229 1560 oonsilio
1251 1502 1281 1560 in

181 1599 306 1658 solidum
319 1607 457 1666 tenentur,
472 1598 543 1656 adeo
556 1608 587 1655 ut
600 1598 704 1674 singuli
724 1607 872 1658 teneantur
891 1599 926 1658 atl
946 1610 1047 1669 toturn,
1071 1601 1096 1658 si
1116 1601 1210 1660 ceteri
1232 1618 1280 1658 ne·

183 1698 334 1775 glexerint.
363 1698 421 1765 Qui
433 1697 535 1757 dubius
550 1697 585 1754 de
599 1697 741 1756 authentia
754 1697 946 1776 chirographi,
960 1719 1012 1760 seu
1026 1710 1158 1770 monetae,
1173 1701 1278 1776 perito

181 1817 246 1856 rum
260 1806 314 1854 stat
329 1798 449 1876 judicio,
464 1797 500 1855 ad
519 1796 591 1854 nihil
610 1805 730 1864 tenetur,
751 1799 776 1854 si
795 1799 938 1858 bonafide
952 1797 1000 1857 det
1016 1799 1105 1867 alteri,
1119 1802 1169 1873 qui
1183 1809 1279 1858 tamen

178 1899 227 1974 jus
240 1897 326 1955 habet
338 1897 373 1956 ad
385 1916 451 1955 eum
465 1895 638 1954 recurrendi.
680 1896 739 1963 Qui
751 1905 844 1954 autem
858 1905 963 1956 temere
977 1897 1034 1965 dat,
1047 1897 1132 1955 debet
1141 1897 1279 1956 damnum

182 2015 324 2074 reparare,
338 2016 425 2070 quum
439 1997 563 2074 primum
576 2015 621 2053 res
630 1995 684 2053 sibi
697 1995 782 2056 fucrit
794 1995 951 2072 explorata.
994 1997 1092 2055 Nemo
1106 2005 1200 2074 potest
1212 1997 1276 2056 aliis

183 2096 292 2154 tradere
304 2096 523 2174 chirographum
536 2094 720 2163 fictum,lieet
733 2096 807 2154 bona
820 2095 877 2154 fide
891 2106 919 2154 et
931 2116 1027 2156 meroe
1040 2096 1105 2154 data
1115 2095 1185 2154 illud
1199 2115 1281 2156 acce·

183 2197 265 2273 perit,
281 2195 358 2268 quod
371 2195 525 2254 infortunio
537 2192 701 2254 habendum
714 2205 774 2254 est:
797 2213 885 2268 quum
905 2199 983 2256 enim
1007 2215 1059 2274 per
1080 2213 1112 2253 se
1133 2196 1175 2254 uil
1188 2198 1281 2255 valeat

181 2315 238 2354 non
251 2305 345 2373 potest
358 2296 420 2353 sine
433 2295 538 2372 injuria
552 2295 614 2352 aliis
634 2287 719 2352 dari.1
761 2295 1006 2370 Quandocumque
1020 2314 1079 2356 non
1092 2305 1203 2353 constat
1213 2297 1280 2370 quis

182 2394 315 2454 damnum
329 2415 431 2472 passus
446 2397 492 2463 sit,
507 2395 556 2468 qni
570 2393 664 2466 aliqua
675 2395 782 2478 ratione
796 2396 823 2453 ei
846 2395 995 2455 inferendo
1008 2414 1125 2474 operam
1139 2395 1279 2472 praestitit,

182 2494 263 2552 debet
275 2497 305 2554 in
318 2514 477 2572 pauperum
496 2495 627 2553 levamen
647 2494 767 2552 tribuere
787 2499 876 2553 totuin
897 2515 954 2568 quo
977 2495 1049 2575 ipse,
1073 2495 1148 2552 mala
1171 2495 1227 2554 tide
1248 2496 1281 2556 in

181 2593 298 2671 vulgum
325 2596 439 2652 emissis
466 2593 673 2672 chirographis,
694 2593 832 2671 populum
859 2593 1007 2663 fraudavit,
1029 2595 1099 2654 lieet
1119 2594 1222 2652 minon'
1244 2613 1280 2652 ea

181 2693 342 2751 vendiderit
362 2695 469 2770 pretio:
490 2712 548 2753 non
570 2694 649 2752 enim
667 2711 721 2750 suo
740 2694 820 2772 lucro
840 2693 977 2751 damnum
996 2694 1074 2766 quod
1088 2693 1279 2750 communitas

182 2811 271 2869 passa
283 2802 337 2860 cst,
351 2791 543 2850 estimandum
564 2802 618 2851 est.
639 2789 853 2863 “Quicumque
873 2799 1016 2850 monetam
1035 2791 1136 2848 falsam
1155 2789 1281 2849 scienter

180 2891 289 2962 fecerit,
304 2900 353 2950 aut
365 2892 489 2952 studiose
509 2892 687 2969 expenderit,
711 2900 856 2964 tamquam
876 2888 1053 2958 maledictus,
1074 2897 1103 2948 et
1121 2906 1280 2967 pauperum

181 2993 306 3051 virorum
319 3010 482 3070 oppressor,
496 3002 524 3050 et
543 2993 665 3050 civitatis
686 2991 818 3060 turbator,
834 3010 850 3047 a
868 2990 996 3050 fidelium
1009 2989 1153 3050 consortio
1166 3007 1279 3066 separe·

182 3086 273 3150 tur.”²
312 3092 355 3149 lta
378 3093 472 3150 statuit
491 3091 645 3151 concilium
664 3091 855 3151 Lateranense
869 3091 893 3150 l.
935 3090 1035 3151 Vetuit
1047 3092 1132 3150 etiam
1147 3089 1278 3166 synodus

182 3191 359 3250 Turonensis
380 3210 415 3250 ne
430 3193 493 3264 quis
507 3210 570 3250 eam
586 3192 663 3250 alteri
684 3189 822 3250 traderet:
846 3191 1034 3250 “Pecuniam
1054 3191 1080 3248 si
1093 3191 1158 3264 quis
1172 3189 1279 3248 adulte·

181 3292 270 3350 rinam
284 3292 438 3350 autminus
461 3293 608 3368 probatam
624 3291 772 3366 receperit,
787 3291 917 3363 quamvis
937 3291 1110 3366 ignoranter,
1125 3297 1280 3362 auctorque

182 3391 235 3448 sibi
248 3391 285 3448 sit
298 3391 471 3468 incognitus,
485 3390 564 3449 alteri
578 3389 684 3448 tradere
699 3409 757 3448 uon
770 3381 973 3466 presumat.”³
1001 3388 1147 3462 Equidem
1161 3386 1278 3445 Tullius

182 3489 253 3565 ipse,
279 3491 387 3549 ratione
415 3492 559 3567 magistra,
586 3492 665 3548 novit
690 3489 720 3548 id
745 3508 804 3546 non
828 3487 925 3545 licere.
965 3495 984 3522 ‘⁴
997 3487 1107 3554 Quaerit
1132 3486 1228 3551 etiarn,
1255 3487 1281 3542 si

182 3589 296 3664 sapiens
310 3589 480 3648 adulterinos
495 3609 628 3650 nummos
649 3588 790 3666 acceperit
803 3584 972 3663 imprudens
985 3604 1038 3663 pro
1050 3585 1151 3644 bonis:
1174 3600 1240 3642 eum
1251 3583 1281 3641 id

183 3688 327 3756 rescierit;
347 3690 528 3748 soluturusne
542 3690 580 3747 sit
600 3708 663 3774 eos,
675 3691 700 3747 si
721 3687 767 3746 cui
790 3687 901 3754 debeat,
922 3704 974 3763 pro
996 3686 1089 3746 bonis.
1131 3684 1279 3763 Diogenes

220 3892 264 3956 (l)
283 3890 372 3942 “This
383 3891 489 3958 practice
503 3909 541 3943 we
552 3894 692 3943 sometimes
703 3891 761 3942 henr
772 3892 890 3944 defended
903 3893 935 3957 by
947 3908 962 3942 a
974 3892 1061 3954 vulgar
1072 3904 1169 3947 excuse,
1180 3887 1233 3936 that
1244 3901 1283 3936 we

185 3975 247 4026 have
259 3978 333 4027 taken
344 3976 387 4028 the
407 3994 497 4044 money
509 3979 546 4029 for
557 3978 628 4041 good,
648 3977 696 4027 and
708 3984 782 4036 must,
790 3977 919 4036 therefore,
931 3985 972 4038 get
987 3975 1024 4024 rid
1036 3975 1064 4023 of
1074 3973 1101 4023 it.
1136 3969 1232 4022 Which
1243 3987 1284 4022 ex·

183 4059 273 4109 cussis
284 4061 361 4110 much
373 4061 414 4112 the
426 4079 501 4122 same,
521 4078 548 4112 ar
566 4062 589 4112 if
602 4077 658 4117 one,
674 4060 732 4110 who
751 4060 800 4111 hed
818 4061 880 4109 been
903 4057 993 4108 robbed
1010 4073 1077 4122 upon
1100 4055 1142 4106 the
1159 4054 1284 4120 highway,

183 4143 271 4195 should
283 4147 362 4209 allego
373 4145 405 4198 he
416 4146 464 4198 had
476 4164 492 4198 a
508 4147 573 4211 right
584 4155 609 4198 to
620 4147 754 4197 reimburse
765 4145 867 4194 himself
880 4149 923 4193 out
943 4145 972 4193 of
984 4141 1026 4193 the
1037 4143 1125 4209 pocket
1136 4141 1165 4192 of
1178 4141 1220 4193 the
1232 4143 1284 4206 first

185 4231 294 4281 traveller
305 4232 338 4282 he
349 4231 424 4283 met.”
459 4233 545 4300 Paley,
557 4231 642 4286 Moral
652 4229 816 4300 Philosophy,
825 4231 840 4279 1.
852 4229 957 4280 ilarii.

217 4318 260 4383 (2)
280 4316 362 4369 (lonc.
375 4317 431 4370 Lat
444 4319 460 4369 i.
473 4335 527 4370 can.
539 4336 582 4370 xv.

215 4405 254 4469 (3)
275 4405 352 4470 Apud
363 4405 519 4467 Bochellum,
531 4405 547 4458 l.
560 4407 610 4458 viii.
623 4406 675 4457 dec.
688 4405 757 4456 Ecol.
770 4403 857 4454 Gallie.
868 4403 904 4453 tit.
918 4402 959 4454 lin.

751 4513 805 4568 13*
