3146 5266
268 511 306 566 aa
348 505 404 565 ue
425 503 608 564 seruum
630 503 910 563 scurronum
931 483 1092 563 Monam
1113 504 1275 564 serore.

269 670 397 744 quamvis
421 668 494 736 leve,
520 677 666 746 peccatum
689 668 756 726 fuit:
779 666 1011 735 “Obstetrices,''
1038 668 1130 740 inquit
1155 669 1187 725 S.
1215 669 1355 735 Thomas,

269 768 738 827 “habuemntbonamvoluntatem
746 777 880 840 quantum
889 765 1123 828 adlibcrationem
1129 785 1291 842 puerorum:
1300 785 1358 826 non

269 876 363 924 tamen
376 866 428 922 suit
440 885 537 926 earum
557 875 632 924 recta
645 866 773 924 veluntas
796 875 931 938 quantum
951 865 985 922 ad
1007 865 1073 932 hoc,
1088 864 1166 937 quod
1178 865 1356 923 mendacium

268 958 493 1022 confinemnt.''l
533 967 572 1023 At
584 966 746 1041 contingere
761 974 858 1040 posset
869 973 900 1020 ut
913 965 976 1036 quis
991 973 1068 1020 actus
1088 963 1224 1020 malitiam
1244 965 1274 1020 in
1294 981 1356 1039 spe·

269 1063 384 1120 cialibus
397 1081 491 1122 rerum
506 1064 644 1140 adjunctis
657 1082 715 1122 non
728 1064 894 1139 perciperet,
903 1061 1023 1134 ideoque
1031 1081 1068 1120 ex
1081 1063 1155 1118 bona
1168 1080 1224 1133 qua
1236 1062 1293 1136 egit
1301 1061 1356 1118 fide

269 1171 459 1218 excusaretur.

309 1264 359 1316 43.
381 1260 490 1318 Pravus
503 1261 570 1318 finis
583 1262 701 1319 omnino
721 1261 800 1316 vitiat
819 1269 921 1325 actum,
944 1277 1031 1330 quum
1044 1258 1138 1316 cordis
1152 1258 1274 1316 consilia
1293 1252 1357 1314 Deo

269 1366 392 1433 pateant,
415 1368 443 1414 et
464 1361 607 1433 praecipue
628 1356 812 1424 attendantur,
833 1365 932 1432 utpote
953 1357 1097 1413 actionum
1118 1357 1209 1430 origo.
1250 1364 1268 1390 ‘⁶
1281 1354 1358 1412 Cum

270 1457 372 1528 aliquis
386 1455 445 1512 vult
457 1454 522 1512 dare
536 1456 748 1530 eleemosynam
762 1464 877 1530 propter
889 1455 1003 1510 inanem
1025 1455 1153 1528 gloriam,
1167 1454 1214 1511 hic
1229 1462 1272 1510 est
1285 1473 1358 1511 uuus

270 1564 348 1611 actus
362 1555 524 1620 voluntatis,
545 1563 573 1610 et
592 1553 640 1610 hic
654 1561 732 1609 actus
753 1560 826 1609 totus
845 1560 888 1608 est
904 1551 1004 1618 malus,
1024 1551 1092 1609 licet
1103 1571 1162 1610 non
1183 1553 1217 1608 ab
1230 1554 1309 1610 omni
1323 1569 1358 1608 eo

271 1649 347 1722 quod
360 1653 389 1708 in
403 1669 438 1708 eo
452 1659 494 1706 est
507 1652 641 1707 malitiam
655 1643 788 1706 habet.”²
825 1649 905 1708 Hine
918 1649 1014 1708 officia
1033 1651 1215 1708 humanitatis
1228 1659 1255 1706 et
1268 1651 1359 1707 chari·

269 1750 332 1805 tatis
346 1747 447 1824 puellae
460 1750 592 1822 praestita,
606 1749 679 1805 utin
699 1755 846 1823 peccatum
866 1747 996 1816 trahatur,
1011 1750 1090 1806 omni
1111 1757 1206 1806 carent
1218 1751 1318 1806 merito
1332 1759 1361 1805 ct

270 1846 362 1914 laude,
377 1857 498 1919 suntque
512 1848 598 1904 veluti
609 1845 783 1904 seductionis
798 1849 983 1904 instrumenta
995 1847 1180 1924 reprobanda.
1204 1847 1274 1912 Qua
1287 1847 1360 1905 fiunt

271 1947 307 2002 ob
325 1946 412 2004 finem
433 1948 557 2014 inanem,
578 1947 647 2018 quin
668 1945 703 2002 ad
722 1947 822 2003 vitium
841 1946 1004 2013 reserantur,
1028 1966 1086 2004 non
1107 1956 1173 2006 sunt
1192 1947 1359 2021 plemmque

272 2045 344 2100 inter
356 2046 451 2119 gravia
464 2054 580 2118 peccata
591 2041 775 2109 recensenda,
798 2044 928 2114 quamvis
941 2045 1050 2102 virtutis
1064 2044 1147 2103 laude
1160 2053 1269 2102 vacent.
1310 2044 1359 2101 Sic

272 2142 414 2199 orationes
441 2141 652 2214 Pharisaeorum
677 2141 708 2197 iu
733 2141 805 2197 vicis
831 2139 901 2198 fusae
928 2142 1039 2216 pietatis
1063 2143 1235 2201 ostentandae
1262 2143 1359 2217 gratia,

272 2237 474 2314 eleemosynas,
495 2241 560 2297 tuba
582 2240 731 2297 insonante
756 2248 788 2298 ut
813 2241 999 2297 convenirent
1018 2261 1169 2318 pauperes,
1195 2241 1359 2306 distributae,

274 2337 383 2408 aliaque
396 2356 484 2413 opera
495 2335 609 2396 laudum
630 2337 764 2414 cupidine
778 2339 883 2404 vitiata,
894 2340 1011 2415 praemia
1027 2340 1102 2415 apud
1114 2339 1210 2397 Deum
1224 2358 1282 2396 non
1295 2356 1362 2416 pro-

226 2429 227 2432 ’
272 2444 443 2503 meruerunt:
458 2455 517 2494 non
530 2444 624 2494 tamen
638 2437 781 2513 supplicia
793 2437 947 2494 inferorum
970 2446 1181 2513 provocassent,
1195 2438 1219 2493 si
1233 2439 1363 2510 graviora

272 2531 366 2590 cordis
388 2535 456 2592 vitia
478 2533 625 2592 deessent:
654 2544 672 2571 ‘⁶
689 2534 766 2593 (lum
787 2554 855 2612 ergo
877 2536 946 2593 sacis
969 2536 1190 2610 eleemosynam,
1213 2533 1273 2591 noli
1295 2535 1365 2592 tuba

272 2648 373 2687 canere
387 2641 450 2690 ante
463 2641 500 2700 te,
522 2634 596 2690 sicut
617 2633 776 2710 hypocrita
797 2635 905 2692 faciunt
925 2635 954 2690 in
975 2632 1129 2709 synagogis
1150 2632 1220 2688 etin
1234 2631 1316 2697 vicis,
1330 2639 1363 2687 ut

272 2727 493 2786 honorificentur
505 2731 539 2784 ab
555 2731 729 2787 hominibus.
769 2732 864 2786 Amen
884 2731 947 2785 dico
966 2733 1057 2795 uubis,
1076 2737 1243 2802 receperunt
1255 2745 1363 2784 merce-

273 2825 339 2883 dem
359 2819 488 2885 suam.'’³
527 2825 621 2883 Audet
641 2825 733 2884 dicere
756 2826 972 2901 Hieronymus:
999 2827 1193 2901 “martyrium
1211 2827 1316 2901 ipsum,
1336 2825 1361 2880 si

273 2922 337 2980 ideo
350 2923 398 2979 fiat
411 2932 441 2980 ut
454 2922 629 2980 admirationi
642 2933 669 2979 et
681 2922 757 2981 laudi
770 2923 924 2979 habeamur
943 2941 959 2976 a
979 2922 1119 2989 fratribus
1133 2922 1235 2980 fmstra
1247 2922 1362 2996 sanguis
1410 2975 1411 2978 ,

274 3019 381 3076 effusus
402 3017 491 3076 est.'’⁴
531 3021 644 3078 Monito
664 3022 749 3096 igitur
768 3018 875 3076 Christi
895 3019 1021 3078 Domino
1038 3019 1262 3078 obaudiendum:
1285 3020 1364 3075 “At-

274 3117 379 3174 tendite
391 3136 427 3175 ne
441 3119 579 3193 justitiam
599 3127 720 3176 vestram
738 3117 844 3174 faciatis
865 3135 960 3174 coram
980 3117 1142 3176 hominibus
1161 3127 1192 3176 ut
1210 3117 1362 3175 videamini

275 3213 380 3272 abeis:
401 3216 525 3288 alioquin
538 3215 699 3273 mercedem
718 3215 926 3273 nonhabebitis
948 3216 1022 3290 apud
1043 3217 1156 3274 Patrem
1169 3225 1293 3274 vestrum
1314 3215 1363 3286 qui

274 3315 304 3370 in
317 3313 396 3370 coelis
410 3312 500 3371 est.'’⁵
539 3313 707 3372 Mundanda
718 3323 762 3371 est
781 3314 884 3370 mentis
903 3314 1022 3372 intentio
1041 3323 1072 3372 ut
1089 3332 1176 3390 opera
1189 3322 1284 3371 nostra
1297 3311 1362 3369 Deo

276 3413 332 3468 sint
344 3422 437 3487 grata:
461 3413 523 3470 “Si
536 3412 633 3470 oculus
647 3420 711 3469 tuus
731 3411 813 3469 luerit
833 3412 968 3488 simplex,
983 3421 1072 3470 totum
1085 3430 1188 3487 corpus
1202 3421 1281 3470 tuum
1293 3410 1363 3468 luci·

276 3511 343 3568 dum
360 3503 459 3568 erit.”⁶

314 3612 363 3664 44.
385 3610 540 3665 Primarius
559 3611 624 3666 finis
646 3609 693 3667 ille
720 3619 763 3668 est
782 3627 867 3682 quem
889 3610 952 3681 quis
980 3609 1120 3686 imprimis
1141 3608 1195 3664 sibi
1214 3607 1363 3682 proponit:

276 3705 342 3782 finis
355 3703 535 3760 secundarius
557 3705 707 3776 aliquando
728 3706 842 3772 accedit,
857 3724 914 3775 quo
934 3708 1028 3780 operis
1042 3707 1120 3763 valor
1138 3707 1282 3772 minuitur,
1297 3705 1365 3777 quin

277 3801 388 3876 penitus
408 3799 527 3857 tollatur.
570 3801 619 3856 Sic
638 3802 774 3876 contingit
794 3803 919 3876 praeconi
937 3803 994 3858 Dei
1014 3804 1133 3878 gloriam
1156 3812 1184 3860 et
1204 3803 1362 3860 animarum

277 3899 395 3960 salutem
408 3898 548 3973 imprimis
559 3917 695 3970 quaerere,
707 3900 775 3971 quin
785 3899 903 3957 omnino
916 3900 998 3959 samse
1011 3899 1138 3978 cupidini
1148 3902 1363 3960 renuntiaverit:

846 4266 888 4330 (4)
902 4265 931 4314 ln
943 4281 996 4329 cap.
1008 4265 1024 4314 i.
1035 4281 1073 4330 ep.
1084 4267 1115 4317 ad
1127 4266 1233 4317 Galatas.

847 4350 889 4415 (6)
904 4349 996 4400 Ibidem
1008 4350 1048 4398 22.
