3068 5256
606 1253 749 1314 CAPUT
769 1255 839 1314 XII.

494 1471 542 1510 DE
569 1471 711 1512 OCTAVO
738 1471 960 1512 PRAEGEPTO·

300 1639 384 1688 “Non
396 1639 502 1703 loqueris
513 1648 597 1690 eontra
608 1641 749 1704 proximum
760 1647 831 1691 tuum
842 1640 930 1691 salsum
944 1641 1138 1694 testimouium.”

465 1817 518 1891 §L
540 1817 588 1874 Dr:
610 1835 767 1876 nunonem
787 1835 975 1876 rannrcroso.

216 2018 285 2073 170.
306 2013 428 2074 Funsun
448 2015 479 2072 in
498 2014 608 2092 judicio
629 2015 824 2074 testimonium
837 2023 980 2093 praecepto
994 2023 1093 2074 octavo
1112 2019 1269 2092 praesertim

174 2113 350 2190 prohibetur,
364 2113 441 2186 quod
454 2115 583 2191 pluribus
597 2115 660 2172 aliie
673 2115 744 2172 loeis
764 2116 850 2172 etiam
870 2114 1027 2174 damnatur.
1069 2115 1147 2174 Inter
1159 2134 1193 2174 ea
1205 2134 1269 2189 que

173 2212 232 2271 odit
242 2213 386 2272 Dominus
401 2214 489 2271 Sacer
502 2215 630 2290 Scriptor
639 2222 768 2272 recenset
781 2213 1000 2290 “proferentem
1011 2214 1158 2273 mendacia
1168 2225 1270 2274 testem

173 2307 348 2372 fallacem.”¹
391 2322 412 2348 ‘⁴
422 2312 442 2370 J
444 2314 556 2370 aeulnm
570 2322 598 2370 et
610 2312 730 2390 gladius,
745 2323 774 2370 et
786 2315 888 2390 sagitta
901 2323 982 2372 acuta
991 2313 1078 2372 homo
1089 2315 1269 2388 quiloquitur

174 2421 270 2471 contra
282 2414 448 2489 proximum
462 2431 547 2470 suum
566 2411 668 2470 falsum
689 2406 935 2472 testimonium.'’²
974 2413 1031 2472 Est
1049 2432 1133 2490 grave
1153 2433 1269 2492 semper

173 2521 330 2586 peecatum,
344 2530 411 2570 nam
426 2513 537 2588 juratus
558 2514 679 2584 quisque
700 2514 895 2571 testimonium
915 2514 1041 2590 prrebet3
1062 2513 1108 2570 vel
1121 2516 1146 2571 si
1160 2516 1269 2573 omisso

169 2611 333 2685 juramento
346 2611 482 2688 affirmet,
498 2629 561 2683 quae
581 2612 651 2668 ratio
673 2611 794 2669 testandi
815 2611 891 2688 apud
910 2631 964 2670 nos
987 2611 1167 2688 permittitur,
1182 2632 1270 2685 quum

173 2707 290 2777 Amici,
311 2711 361 2781 qui
381 2709 463 2787 vulgi
486 2708 616 2768 dicuntur
633 2708 777 2780 eanheri,
797 2709 930 2785 religioni
950 2709 1054 2767 ducent
1068 2710 1174 2784 jurare,
1192 2713 1269 2786 jura-

171 2809 263 2865 menti
277 2808 364 2865 instar
376 2818 427 2876 est,
442 2809 510 2866 etin
523 2810 641 2886 perjurii
654 2826 753 2885 poenas
770 2788 911 2866 incurrit³
952 2807 1069 2864 Falsum
1083 2816 1176 2866 autem
1191 2818 1271 2866 extra

167 2905 309 2983 judicium
323 2908 515 2967 testimonium
529 2909 627 2976 fertur,
642 2909 753 2980 quoties
768 2907 832 2981 quis
846 2926 880 2965 ea
898 2907 986 2966 refert
1005 2924 1069 2979 quae
1083 2926 1120 2965 ex
1134 2907 1271 2967 industria

170 3006 232 3082 ipse
246 3006 367 3065 confixit
380 3007 414 3064 ad
429 3008 508 3066 alteri
521 3007 693 3075 nocendum,
707 3009 753 3066 vel
766 3026 829 3080 quae
844 3009 878 3065 ab
892 3007 954 3066 aliis
968 3007 1049 3066 novit
1061 3009 1181 3068 conficta
1194 3027 1268 3076 esse,

172 3106 216 3162 vel
229 3125 292 3178 quae
307 3108 507 3166 verosimiliter
516 3107 625 3184 judicat
638 3123 702 3164 esse
715 3107 795 3175 falsa,
807 3107 852 3164 vel
864 3126 926 3179 quae
937 3107 1051 3166 nonnisi
1061 3117 1166 3168 temere
1180 3107 1270 3167 erodit

173 3222 237 3262 vera
250 3223 326 3263 esse.
369 3206 476 3268 Delicti
490 3207 610 3282 gravitas
624 3226 661 3264 ex
674 3207 778 3265 damno
792 3216 923 3265 secuturo
939 3206 1059 3284 pendet:
1081 3217 1180 3285 peceat
1191 3207 1268 3266 enim

171 3306 322 3362 enormiter
340 3307 389 3378 qui
402 3305 474 3363 falso
487 3307 652 3364 testimonio
664 3307 694 3364 in
707 3325 792 3364 eausa
805 3315 849 3364 est
861 3325 912 3364 our
925 3307 993 3364 alter
1005 3307 1109 3382 injuste
1123 3306 1270 3364 damnetur

170 3405 291 3480 capitis:
314 3414 343 3462 et
355 3404 439 3462 debet
464 3406 549 3464 uxori
572 3413 600 3462 et
621 3406 688 3464 filiis
707 3406 831 3463 hominis
854 3405 958 3482 injuria
977 3403 1102 3463 damnati
1121 3406 1270 3465 consulere

171 3521 227 3574 qua
240 3506 363 3578 potuerit
375 3505 496 3563 ratione.
539 3504 643 3563 Pectat
656 3506 778 3582 graviter
791 3505 840 3576 qui
858 3503 1009 3561 mendacio
1029 3503 1095 3561 facit
1113 3513 1145 3561 ut
1156 3505 1192 3560 lis
1205 3503 1270 3560 diri-

172 3610 266 3659 matur
279 3621 345 3662 oum
358 3604 479 3680 alicujus
500 3602 603 3662 damno
623 3605 739 3682 injusto,
754 3601 831 3676 quod
844 3610 873 3658 et
885 3619 1014 3678 reperere
1029 3601 1123 3660 debet.
1165 3601 1270 3660 Peoeat

174 3700 225 3772 qui
238 3700 341 3762 famam
361 3703 455 3770 ledit3
477 3713 505 3760 et
527 3722 584 3776 quo
606 3704 667 3761 haeo
681 3704 812 3762 illibatior
833 3702 926 3771 fuerit,
942 3721 977 3760 eo
996 3703 1108 3780 gravius
1123 3713 1166 3762 est
1185 3721 1267 3762 reus:

175 3817 261 3873 quern
276 3802 394 3878 proinde
407 3813 518 3878 oportet
529 3812 674 3862 retractata
683 3803 834 3862 ealummia
845 3803 915 3861 laeso
928 3803 1098 3862 satisfacere.

215 3904 283 3959 171.
305 3902 397 3959 Extra
418 3900 559 3979 judicium
589 3902 729 3962 calumnia
755 3921 840 3980 grave
860 3911 904 3960 est
929 3913 1077 3978 peceatum
1104 3917 1140 3959 oe
1162 3917 1270 3977 genere

172 4001 291 4068 atto,uti
303 4001 458 4073 loquuntur
471 4001 617 4078 theologi:
639 4020 692 4079 pro
711 4004 752 4060 rei
772 4011 868 4060 tamen
888 4010 995 4068 natura,
1015 4001 1078 4058 leve
1100 3997 1269 4073 quandoque

173 4108 226 4154 est.
268 4099 395 4157 Fuerunt
408 4101 458 4173 qui
471 4110 630 4158 assererent
647 4102 733 4178 eulpa
754 4101 852 4160 lethali
875 4117 973 4156 vacare
995 4099 1166 4158 calumniam
1180 4097 1270 4158 detra·

170 4195 253 4258 henti
267 4200 431 4276 impactam,
445 4209 476 4258 ut
488 4201 553 4272 quis
567 4219 598 4257 se
612 4199 762 4267 defendat3
783 4198 834 4257 sed
847 4197 1056 4276 propositiones
1070 4198 1168 4272 quaid
1182 4217 1270 4260 enan-

310 4386 353 4451 (l)
373 4385 543 4437 Prov.vi.19.
780 4387 823 4455 (2)
840 4386 941 4446 Ibidem,
952 4403 1011 4438 xxv.
1026 4387 1064 4438 13.

312 4471 354 4537 (³)
374 4471 439 4523 Vide
450 4472 530 4536 legam
540 4471 736 4538 Pennsylvsniae,
748 4475 781 4521 2³
794 4472 873 4538 April,
885 4472 959 4522 1829.
