3068 5256
252 463 293 520 78
637 452 695 512 DE
715 449 956 512 DEOALOGO.

258 623 383 702 primum
403 627 457 688 est,
481 617 620 678 ‘Honora
638 629 746 694 patrem
767 627 794 678 et
812 617 954 686 matrem,’
968 633 1032 692 quse
1053 617 1088 675 ad
1101 617 1250 678 hominem
1263 624 1346 698 perti·

256 732 342 784 nent:
364 739 398 780 au
413 721 507 797 potius
521 719 569 777 illa
581 719 632 776 tria
645 727 719 786 sunt,
736 726 764 776 et
776 719 829 774 ista
849 723 968 792 septem.
1010 717 1069 784 Qui
1089 719 1166 776 enim
1185 719 1284 778 dicunt
1302 722 1349 779 illa

259 831 476 894 quatrionem,
501 826 631 894 separant
650 817 727 890 quod
748 815 856 876 dictum
878 825 930 885 est,
952 815 1041 874 ‘Non
1062 825 1144 874 erunt
1165 818 1215 876 tibi
1241 818 1281 877 dii
1303 821 1348 879 alii

259 930 361 997 praeter
373 937 419 977 me
430 919 449 976 τ’
470 927 502 976 ut
513 916 589 975 aliud
602 926 774 994 praeceptum
789 917 835 984 sit,
858 915 946 974 ‘Non
967 915 1055 974 facies
1074 917 1126 974 tibi
1145 915 1273 984 idolum,'
1295 928 1348 977 etc.

259 1019 308 1082 ubi
321 1020 457 1096 figmenta
470 1015 588 1076 colenda
600 1017 793 1093 prohibentur.
835 1013 935 1074 Unum
948 1023 1042 1072 autem
1054 1015 1154 1074 volunt
1166 1033 1240 1082 esse,
1262 1025 1270 1052 ⁶
1281 1018 1351 1075 Non

260 1117 447 1194 concupisces
460 1133 580 1174 uxorem
594 1116 718 1191 proximi
736 1116 786 1182 tui,
808 1114 877 1173 Non
899 1115 1083 1189 concupisces
1097 1113 1213 1172 domum
1226 1116 1352 1191 proximi

199 1254 205 1265 ·
260 1216 323 1284 tui‚’
344 1226 373 1276 et
385 1216 482 1274 omnia
494 1233 585 1286 usque
599 1214 628 1270 in
642 1213 739 1272 finem.
781 1213 839 1280 Qui
859 1210 926 1270 verli
939 1211 987 1270 illa
999 1213 1051 1271 tria
1063 1230 1127 1270 esse
1140 1211 1245 1280 dicunt,
1259 1223 1288 1270 et
1300 1215 1354 1272 ista

262 1323 383 1390 septem,
411 1333 501 1374 uuum
527 1313 626 1371 volunt
650 1329 714 1372 esre
740 1312 879 1385 quidquid
908 1311 943 1369 de
962 1331 1020 1368 uno
1046 1311 1165 1370 colendo
1190 1310 1255 1369 Deo
1281 1331 1352 1388 prae·

224 1422 240 1453 ’·
264 1414 376 1489 cipitur,
396 1433 434 1471 ne
448 1410 554 1484 aliquid
567 1409 641 1468 aliud
655 1420 755 1488 praeter
775 1411 855 1469 illum
874 1429 927 1487 pro
947 1408 1012 1468 Deo
1032 1411 1154 1477 colatur3
1174 1409 1237 1467 haec
1259 1420 1353 1468 autern

264 1523 393 1572 extrema
418 1514 448 1572 in
473 1511 532 1568 tluo
558 1509 703 1578 dividunt3
733 1519 764 1566 ut
786 1509 861 1567 aliud
883 1511 935 1567 sit:
967 1509 1058 1568 ‘Non
1076 1509 1260 1584 concupisces
1282 1528 1354 1568 uxo·

265 1629 326 1668 rem
365 1611 489 1688 proximi
521 1609 588 1676 tui;’
622 1607 707 1676 aliud,
742 1609 830 1666 ‘Non
869 1609 1054 1684 concupisces
1086 1607 1201 1666 domum
1228 1609 1354 1684 proximi

264 1708 326 1766 tui‚’
381 1709 489 1768 Decem
503 1717 598 1766 tamen
611 1725 674 1765 esse
697 1715 836 1802 praecepta
854 1691 946 1765 neutri
966 1708 1119 1784 ambigunt,
1139 1708 1273 1779 quoniam
1299 1708 1354 1766 hoc

264 1809 412 1884 Scriptura
425 1816 548 1867 testatur.
579 1807 656 1865 Mihi
669 1815 763 1865 tamen
776 1805 906 1864 videntur
918 1807 1116 1882 congnrentius
1130 1806 1219 1881 accipi
1232 1807 1283 1863 tria
1296 1806 1353 1874 illa,

266 1917 295 1966 et
308 1908 361 1966 ista
375 1917 494 1984 septem,
509 1908 575 1979 quia
588 1916 616 1964 et
629 1907 797 1964 Trinitatem
810 1905 939 1963 ridentur
958 1905 1005 1962 illa
1025 1924 1087 1977 quae
1108 1903 1142 1962 ad
1163 1905 1258 1962 Deum
1271 1906 1355 1980 pcrti-

267 2016 335 2063 nent
356 2007 498 2062 insinuare
519 2005 680 2079 diligentius
703 2005 884 2062 intuentibus.
925 2004 966 2062 Et
984 2021 1082 2061 revera
1094 2003 1170 2076 qnod
1183 2003 1288 2061 dictum
1302 2013 1354 2071 est,

267 2103 358 2160 ‘Non
371 2111 453 2159 erunt
465 2101 514 2158 tibi
527 2101 567 2158 dii
580 2101 627 2159 alii
640 2111 741 2178 praeter
753 2103 821 2170 me‚'
841 2103 897 2161 hoo
916 2103 1011 2178 ipsum
1030 2103 1180 2178 perfectius
1200 2102 1357 2179 explicatur

268 2219 334 2259 curn
359 2199 543 2277 prohibentur
568 2199 686 2257 colenda
710 2201 853 2277 figmenta.
896 2200 1135 2276 Concupiscentia
1154 2220 1238 2277 porro
1257 2202 1356 2259 uxoris

268 2299 377 2366 alienae,
389 2307 417 2354 et
429 2299 659 2375 concupiscentia
669 2297 770 2356 domus
784 2300 893 2367 alienae,
904 2308 1010 2357 tantum
1021 2300 1050 2356 in
1060 2299 1203 2375 peccando
1213 2299 1355 2366 diffemnt,

265 2406 298 2454 ut
312 2397 353 2454 illi
366 2395 444 2469 quod
457 2396 563 2455 dictum
577 2405 628 2464 est,
650 2397 738 2455 ‘Non
758 2385 942 2475 concupisces
957 2396 1071 2456 domum
1091 2399 1215 2474 proximi
1234 2398 1295 2466 tui‚’
1311 2397 1356 2455 ad·

263 2497 363 2572 juncta
385 2495 442 2552 sint
466 2505 495 2553 et
516 2495 570 2553 3113
589 2494 700 2553 dicente
729 2496 883 2572 Scriptura,
904 2479 1019 2569 “neque
1042 2517 1140 2574 agrum
1165 2498 1237 2574 ejus,
1264 2515 1356 2569 neque

267 2613 382 2653 servum
395 2594 468 2670 ejus,
482 2613 574 2666 neque
588 2595 718 2653 ancillam
738 2596 810 2673 ejus,
830 2614 922 2668 neque
942 2597 1045 2653 bovem
1065 2599 1136 2674 ejus,
1150 2613 1242 2667 neque
1263 2597 1357 2672 subju·

268 2694 331 2772 gale
351 2694 423 2771 ejus
444 2712 536 2766 neque
550 2713 634 2752 omne
654 2713 741 2772 pecus
762 2696 834 2773 ejus,
855 2713 947 2768 neque
970 2714 1155 2768 quaecumque
1175 2695 1300 2772 proximi
1320 2696 1358 2751 tui

270 2794 357 2851 sunt!
399 2793 578 2852 Discrevisse
592 2803 685 2852 autem
705 2793 814 2851 videtur
834 2794 1094 2869 concupiscentiam
1118 2794 1216 2853 uxoris
1230 2794 1358 2850 alienaea

269 2891 504 2968 concupiscentia
525 2891 675 2967 cujuslibet
694 2893 736 2949 rei
759 2892 867 2960 alienae,
889 2892 1001 2965 quando
1021 2902 1171 2965 utrumque
1194 2894 1236 2950 sio
1261 2893 1357 2967 coepit,

269 2989 362 3046 ‘Non
386 2989 571 3064 concupisces
591 3007 710 3046 uxorem
731 2991 855 3066 proximi
878 2992 927 3060 tui,
949 2992 1019 3050 Non
1039 2993 1223 3068 concupisces
1243 2990 1359 3049 domum

268 3085 396 3163 proximi
410 3086 472 3153 tui‚’
495 3093 524 3143 ct
535 3085 603 3144 huic
616 3089 702 3163 coepit
714 3098 813 3146 caetera
826 3089 988 3168 adjungere.
1031 3091 1100 3148 Non
1114 3099 1206 3148 autem
1220 3109 1284 3148 cum
1299 3088 1360 3146 dix·

269 3186 349 3251 isset,
372 3184 419 3241 ‘N
423 3203 460 3240 on
481 3187 665 3261 concupisces
687 3207 806 3248 uxorem
827 3191 953 3264 proximi
972 3189 1033 3258 tui‚'
1054 3190 1121 3246 huic
1140 3191 1294 3248 connexuit
1306 3189 1360 3245 3113

270 3283 380 3350 neers,
395 3302 489 3355 neque
510 3284 627 3343 domum
650 3287 722 3362 ejus,
736 3305 829 3360 neque
848 3307 946 3364 agmm
966 3288 1039 3365 ejus,
1053 3307 1146 3360 neque
1160 3307 1272 3347 sermm
1287 3288 1358 3363 ejus,

269 3391 298 3440 et
310 3391 428 3442 caetera:
451 3383 502 3440 sed
515 3385 632 3442 omnino
646 3396 781 3462 apparent
792 3396 820 3443 ct
832 3387 894 3444 haec
908 3405 970 3444 esse
984 3389 1134 3466 conjuncta
1144 3407 1207 3461 quae
1219 3406 1279 3445 uno
1291 3405 1360 3463 pree-

270 3491 353 3560 eepto
367 3483 497 3542 videntur
508 3485 655 3552 contineri,
677 3495 704 3542 et
726 3485 846 3554 discreta
865 3487 967 3544 abillo
989 3488 1038 3544 ubi
1060 3506 1134 3544 uxor
1151 3487 1294 3546 nominata
1307 3495 1359 3542 est.

268 3577 344 3641 illud
358 3592 451 3640 autem
465 3585 514 3640 nbi
534 3583 639 3642 dictum
654 3596 712 3643 est:
735 3606 743 3621 ·
755 3586 784 3643 N
787 3605 825 3643 on
838 3594 919 3644 erunt
931 3586 979 3642 tibi
999 3585 1038 3643 dii
1048 3586 1095 3644 alii
1108 3595 1208 3662 praeter
1220 3585 1288 3654 me,'
1309 3603 1357 3660 ap-

267 3687 350 3755 paret
362 3679 449 3754 hujus
461 3681 503 3737 rei
523 3680 728 3756 diligentiorem
749 3686 947 3743 executionem
970 3703 1034 3742 esse
1054 3687 1083 3743 in
1098 3685 1133 3742 iis
1153 3704 1215 3757 quae
1235 3685 1360 3760 subjecta

271 3783 345 3834 sunt.
389 3775 455 3842 Quo
475 3778 552 3836 enim
575 3781 704 3853 pertinet,
733 3782 803 3838 Non
822 3782 908 3839 facies
934 3784 983 3841 tibi
1008 3783 1127 3852 idolum,
1153 3802 1245 3856 neque
1270 3782 1360 3840 ullum

269 3875 453 3936 simulacrum
469 3895 657 3951 quercumque
671 3879 701 3936 in
714 3880 786 3937 ooelo
799 3889 865 3938 sunt
877 3900 1000 3951 sursum,
1010 3893 1038 3940 et
1050 3901 1238 3956 quaecumque
1251 3883 1281 3939 in
1289 3891 1360 3938 terra

268 3973 457 4044 deorsumet
471 3995 658 4051 quascumque
671 3978 701 4037 in
715 3998 787 4053 aqua
801 3980 853 4038 sub
876 3990 958 4049 terra,
978 4001 1037 4040 non
1060 3981 1188 4040 adorabis
1201 4001 1244 4049 ea,
1266 3998 1359 4052 neque

268 4072 373 4130 servies
387 4075 453 4144 illis,
467 4075 523 4134 nisi
537 4077 572 4135 ad
585 4076 614 4137 id
628 4079 704 4152 quod
717 4078 823 4139 dictum
837 4089 889 4149 est,
910 4081 979 4140 Non
992 4090 1074 4140 erunt
1086 4081 1135 4140 tibi
1147 4080 1187 4139 dii
1200 4079 1247 4138 alii
1259 4087 1361 4158 praeter

265 4163 370 4228 metm
1247 4169 1253 4182 ⁸

569 4383 612 4446 (1)
631 4381 726 4442 Quoest.
736 4383 763 4433 in
774 4383 855 4434 Exod.
866 4385 882 4434 l.
893 4383 918 4436 ii.
931 4399 972 4449 qu.
984 4384 1042 4434 lxxi.

1510 315 1522 659 l
