3076 5260
327 485 389 546 DE
411 484 772 548 OBLIGATIONIBUS
793 486 1084 552 OLERIOORUM.
1194 495 1253 554 335

202 655 248 710 10.
271 651 403 728 Tempus
415 650 552 710 recitandi
566 651 692 710 officium
707 654 793 730 juxta
805 663 928 712 veterem
941 654 1132 732 disciplinam,
1147 675 1210 730 quae
1223 669 1253 717 et

161 769 256 809 mores
269 748 436 808 Judaeorum
450 750 481 808 in
492 749 677 812 Decorendo
689 753 797 812 imitata
810 763 862 822 est,
876 753 930 810 suit
941 763 973 812 ut
984 763 1153 814 nocturnum
1166 758 1254 829 quod·

159 850 229 908 libet
241 849 362 926 singulis
374 849 467 908 noctis
480 849 585 926 vigiliis
607 853 777 920 recitaretur,
802 850 874 931 (nox
887 852 994 930 quippe
1013 855 1043 912 in
1063 864 1120 912 tres
1141 855 1252 932 vigilias

162 944 401 1026 distribuebatur,)
422 931 536 1008 Ilaudes
550 959 716 1008 canerentur
734 951 876 1018 diluculo;
898 951 1005 1020 Prima,
1022 951 1083 1027 jam
1097 963 1159 1012 orto
1173 954 1253 1022 soler

163 1047 271 1115 Tertia,
285 1046 381 1106 medio
394 1047 482 1106 veluti
494 1049 639 1107 intervallo
653 1051 726 1107 inter
737 1049 807 1107 solis
820 1060 913 1110 ornem
926 1060 955 1106 et
963 1050 1112 1110 meridiem
1123 1071 1132 1120 ς
1153 1053 1252 1121 Sexta,

162 1146 298 1214 meridie;
319 1146 417 1214 Nona,
437 1147 498 1206 sole
519 1145 555 1202 ad
574 1165 707 1207 occasum
727 1147 823 1207 medio
842 1150 974 1208 itinerea
992 1151 1096 1208 vertice
1116 1153 1253 1210 celorum

162 1254 349 1322 properante:
371 1245 507 1322 Vespere
520 1253 550 1302 et
569 1245 807 1324 completorium,
828 1249 889 1306 sole
907 1249 968 1324 jam
987 1248 1145 1308 occidente.
1186 1249 1253 1309 Janr

162 1341 229 1400 verb
243 1345 392 1403 recentiori
404 1364 484 1404 more
494 1345 561 1404 licet
569 1354 649 1404 extra
660 1347 779 1404 chorum
794 1348 846 1404 tria
858 1356 997 1405 nocturna
1008 1366 1059 1406 seu
1073 1350 1252 1416 matritinuru,

163 1459 231 1500 cum
244 1442 383 1511 laudibus,
398 1445 488 1520 pridie
502 1444 618 1502 recitare
633 1446 714 1502 abeo
728 1453 854 1519 tempore
869 1464 926 1519 quo
939 1445 984 1505 sol
997 1446 1032 1504 ad
1045 1464 1179 1505 occasum
1192 1467 1254 1506 rer·

163 1541 214 1616 git,
229 1539 300 1602 hora
313 1543 422 1601 scilicet
433 1561 527 1609 nona3
548 1551 577 1600 et
597 1543 673 1620 apud
690 1562 745 1602 nos
758 1561 796 1600 ex
816 1544 931 1620 speciali
950 1543 1061 1602 indulto
1080 1545 1115 1602 ab
1128 1545 1198 1604 hora
1210 1565 1254 1606 se·

162 1639 502 1716 cundapostmeridiem.
545 1641 634 1700 Horae
656 1659 835 1718 parvaeque
857 1643 996 1710 dicuntur,
1018 1643 1115 1702 Prima
1134 1645 1252 1714 scilicet,

161 1739 271 1806 Tertia,
285 1740 384 1809 Sexta,
398 1751 427 1799 et
446 1743 544 1810 Nona,
564 1742 717 1800 recitantur
736 1741 903 1817 plerumque
922 1759 1017 1810 mane,
1039 1742 1166 1816 quolibet
1185 1753 1254 1803 tem·

162 1855 231 1914 pore
244 1848 309 1897 ante
329 1839 495 1910 meridiem
510 1841 648 1918 Vespere
657 1859 725 1898 cum
738 1838 935 1915 Complatorio
948 1849 1014 1916 post
1024 1840 1182 1909 meridiem,
1196 1845 1253 1903 nisi

163 1947 290 2013 tempore
311 1937 547 2017 quadragesimali
564 1939 665 1999 diebus
687 1939 841 2007 ferialibus,
865 1941 895 1998 in
916 1940 1017 2011 quibus
1031 1940 1168 2017 Vespere
1189 1951 1252 2000 ante

163 2035 312 2096 meridiem
332 2039 471 2097 dicuntur.
512 2037 657 2098 Ceterum
677 2057 711 2096 ea
731 2047 775 2096 est
791 2037 919 2106 laburdo,
939 2047 972 2097 ut
990 2038 1144 2096 satisfaciat
1162 2041 1253 2108 oneri,

163 2137 212 2209 qui
226 2135 353 2196 officium
367 2139 508 2216 integrum
519 2140 619 2196 recitat
631 2137 760 2210 quolibet
777 2145 904 2213 tempore
924 2157 941 2195 a
959 2137 1055 2196 media
1066 2148 1148 2196 nocte
1162 2157 1254 2212 mque

163 2235 198 2292 ad
217 2235 341 2294 mediam
360 2231 493 2304 noctem
513 2236 577 2294 data
599 2238 683 2294 etiam
705 2236 836 2294 facultate
855 2237 1022 2296 matutinum
1044 2236 1147 2312 pridie,
1170 2248 1254 2313 prout

164 2333 270 2392 dictum
289 2343 341 2404 est,
355 2335 502 2394 recitandi.
544 2335 645 2394 Plures
665 2335 781 2410 quidem
800 2335 974 2411 hymnorum
995 2352 1080 2394 voces
1099 2335 1173 2394 male
1187 2355 1253 2396 con·

149 2425 266 2509 'gruunt
285 2436 461 2512 temporibus
483 2435 556 2502 aliis,
577 2443 678 2510 preter
697 2453 732 2492 ea
750 2435 854 2506 quibus
875 2433 1027 2512 inriguae
1046 2444 1113 2492 sunt
1133 2435 1254 2512 singulae

163 2531 259 2589 horae:
282 2535 408 2592 “Nocte
422 2542 569 2612 surgentes
583 2534 734 2609 vigilemus
748 2531 882 2601 omnes,''
896 2543 951 2592 etc.
995 2542 1014 2570 ‘⁶
1023 2533 1043 2591 J
1045 2551 1091 2590 am
1105 2533 1178 2590 lucis
1192 2545 1254 2591 orto

163 2629 288 2698 sidere,'’
313 2642 332 2668 ‘⁶
344 2634 389 2691 Te
401 2633 474 2691 lucis
488 2642 551 2690 ante
565 2633 716 2690 terminum
728 2629 758 2697 ;''
780 2630 830 2688 sed
842 2631 905 2687 baec
916 2630 1075 2688 referuntur
1087 2630 1123 2689 sd
1135 2648 1171 2687 ea
1183 2640 1252 2690 tem·

162 2747 244 2804 pora,
265 2739 294 2786 et
311 2731 368 2788 lata
387 2733 579 2808 acceptatione
598 2729 801 2804 intelliguntur.
843 2728 972 2786 venialis
992 2737 1087 2786 tamen
1107 2728 1253 2804 plerisque

161 2827 276 2886 videtur
296 2830 379 2906 culpa
398 2829 516 2887 nimium
537 2825 650 2884 differre
673 2824 762 2884 officii
780 2825 984 2894 recitationem,
1007 2827 1163 2902 presertim
1186 2845 1251 2885 cum

162 2925 247 2984 facile
267 2936 395 2985 nascatur
412 2925 562 2984 difficultas
581 2925 652 2983 illnd
672 2934 736 2982 ante
757 2923 880 2984 mediam
899 2934 1011 2984 noctem
1030 2934 1119 2984 totum
1143 2926 1251 3003 persol-

160 3025 256 3081 vendi.
501 3008 503 3012 Ι

203 3128 250 3180 ll.
272 3122 305 3179 Si
325 3122 467 3181 oblivione
489 3122 535 3180 vel
556 3121 721 3180 difficultate
743 3124 834 3182 nimia
855 3123 891 3180 ob
912 3124 1112 3200 occupationes
1134 3141 1250 3202 prorsus

161 3221 346 3288 necessarias,
361 3239 388 3279 v.
404 3199 439 3298 g':
460 3231 492 3280 nt
504 3221 726 3297 periclitantibus
740 3222 796 3278 vita
808 3221 909 3278 dennrr
920 3221 1020 3279 ultima
1033 3221 1169 3290 subsidia,
1184 3243 1250 3282 con·

162 3320 249 3396 tingat
261 3319 388 3378 officinm
402 3321 503 3389 omitti,
517 3335 635 3379 necesse
649 3329 765 3378 nonest
782 3317 851 3376 illud
869 3318 1005 3396 deinceps
1018 3319 1146 3385 recitare,
1160 3338 1249 3392 quum

162 3435 234 3476 onus
247 3419 285 3476 sit
296 3418 352 3477 diei
370 3419 498 3478 affixum.

194 3521 241 3576 12.
252 3518 327 3576 Ante
335 3519 435 3577 Missae
442 3518 659 3577 celebrationem
669 3517 841 3576 Matutinum
848 3533 913 3574 erun
923 3513 1067 3573 Laudibus
1075 3515 1248 3574 recitandum

158 3626 211 3684 est,
222 3617 263 3674 uti
273 3618 430 3692 prescribit
441 3617 566 3676 Robrica
575 3617 713 3676 Missalis.
735 3615 880 3676 Ceterum
888 3614 1031 3689 plerisque
1046 3613 1188 3690 theologis
1202 3633 1249 3672 ve·

161 3715 244 3774 nialir
257 3725 365 3774 mutum
385 3715 495 3774 videtur
513 3715 608 3792 culpa,
629 3718 654 3774 si
676 3715 771 3774 Missa
784 3712 954 3787 quandoque
975 3713 1055 3788 prius
1075 3712 1247 3784 celebraturi

160 3815 291 3884 quamvis
305 3817 401 3892 plures
414 3815 558 3892 ingentem
573 3815 686 3891 culpam
698 3814 729 3872 in
742 3833 776 3870 ea
787 3811 890 3890 agendi
908 3811 1016 3872 ratione
1029 3829 1092 3871 esse
1105 3813 1243 3878 sentiant3

161 3912 223 3972 aliis
231 3915 317 3972 etiam
326 3914 554 3982 ascendentibus,
563 3914 588 3972 si
596 3915 660 3985 quis
668 3915 706 3972 ita
712 3913 899 3979 consueverit,
910 3929 973 3970 enm
981 3910 1112 3969 Rubrice
1119 3910 1246 3986 regulam

161 4013 243 4088 parvi
255 4013 374 4082 faciens,
388 4024 417 4072 et
429 4012 516 4072 veluti
535 4021 731 4072 contemnens.
772 4010 950 4069 Missionarii
964 4007 1046 4066 facile
1065 4016 1246 4076 excusantur,

160 4111 185 4168 si
198 4112 235 4168 ob
248 4113 293 4170 sui
306 4113 456 4171 ministerii
470 4113 567 4170 munia
578 4111 617 4168 ita
629 4119 731 4187 agant3
751 4128 805 4168 nec
824 4109 910 4168 nimis
929 4109 996 4184 angi
1007 4105 1121 4174 debent,
1136 4109 1247 4178 quoties

158 4227 245 4268 cause
255 4212 294 4270 sit
310 4229 392 4284 equa
404 4210 574 4278 celebrmdi,
589 4210 726 4268 mantino
739 4207 834 4266 officio
847 4205 974 4265 nondum
986 4207 1110 4265 recitato.
1154 4189 1245 4265 cate-

158 4326 221 4366 rum
235 4309 325 4384 pridie
339 4311 508 4388 plerumque
521 4318 565 4366 est
575 4307 749 4366 recitandum
762 4324 798 4363 ne
811 4305 875 4377 quis
888 4304 1023 4382 deinceps
1036 4302 1214 4382 impediatur.

157 4415 159 4418 “
201 4411 248 4465 13.
267 4408 356 4468 Horae
369 4425 471 4468 omnes
483 4406 633 4467 recitande
653 4416 719 4465 sunt
730 4425 765 4464 ea
777 4404 850 4462 serie
864 4413 893 4461 et
905 4404 1003 4464 ordine
1017 4423 1075 4480 quo
1088 4403 1118 4463 in
1131 4403 1246 4462 Brevia·
