3068 5256
464 466 522 525 DE
543 464 746 527 SECUNDO
766 465 1019 526 PRAECEPTO.
1250 477 1288 532 87

195 634 376 709 acciperetur,
390 629 530 690 servanda
538 633 700 708 juramento
715 649 767 690 rex
778 631 966 708 imperatorve
979 633 1121 711 pollicitus
1134 645 1202 703 erat,
1217 655 1287 712 pon·

194 732 277 789 tificis
297 724 527 808 eratjudicarc.1
566 729 713 802 Equidem
726 729 825 806 populi
844 747 984 807 regesque
997 733 1124 790 solebant
1142 733 1172 791 in
1192 751 1287 792 rerum

193 829 356 886 difficultate
370 831 466 906 ipsum
479 829 620 904 appellare
636 827 775 904 judicem,
789 828 907 905 ejusque
921 830 1070 906 implorare
1083 833 1285 890 auctoritatem.

193 928 262 986 Non
276 936 370 986 autem
379 929 533 1005 juramenti
546 929 605 984 vim
617 944 671 983 suo
690 927 805 983 arbitrio
817 927 962 995 relaxavit,
977 928 1028 987 sed
1047 929 1083 986 ob
1096 930 1212 987 violatas
1225 949 1287 1006 reg·

192 1025 279 1086 nandi
300 1025 478 1084 conditiones
499 1025 649 1083 declaravit
664 1024 859 1100 judicavitque
879 1027 957 1084 cives
976 1027 1099 1104 amplius
1119 1046 1176 1087 nou
1197 1031 1287 1087 teneri

189 1129 352 1203 juramento
365 1123 518 1182 fidelitatis.
560 1124 611 1182 Sic
623 1122 659 1179 de
677 1123 806 1181 chrico
826 1124 994 1200 imperatore
1007 1125 1126 1184 dicitur:
1149 1135 1169 1162 ‘⁶
1180 1127 1286 1198 absque

193 1223 269 1280 sedis
289 1222 463 1297 Apostolicae
472 1221 594 1298 jndicio,
608 1223 752 1296 principes
762 1239 828 1280 eum
838 1241 890 1297 pro
902 1241 969 1298 rege
981 1223 1081 1281 meritd
1089 1225 1209 1282 refutare
1223 1243 1288 1300 pos·

194 1329 267 1388 sent,
282 1339 348 1378 curu
361 1329 475 1395 pactum
487 1319 641 1396 adimplere
655 1321 866 1396 contempserit,
880 1320 958 1392 quod
971 1321 1006 1380 iis
1019 1340 1071 1398 pro
1083 1323 1222 1380 electione
1235 1343 1287 1380 sua

193 1420 370 1496 promiserat,
391 1437 450 1490 quo
469 1438 527 1477 non
546 1418 675 1493 impleto,
698 1436 753 1475 uec
772 1437 823 1475 rex
849 1437 912 1475 esse
933 1411 1091 1495 poterat.”²
1140 1421 1287 1493 Equidem

194 1518 245 1589 qui
266 1517 406 1574 celebrem
429 1515 647 1574 declarationem
676 1534 761 1587 quam
784 1525 886 1574 vocant
905 1516 1146 1596 Iudepmdentiae
1168 1517 1287 1577 Ameri-

197 1632 279 1674 canae
301 1614 461 1681 emiserunt,
485 1621 641 1671 statuerunt
665 1614 742 1670 cives
764 1615 951 1674 Americauos
974 1615 1117 1675 absolutos
1141 1617 1286 1675 habendos

174 1767 178 1774 ,
192 1715 355 1790 juramento
367 1713 488 1787 praestito
501 1711 613 1788 Augliae
626 1706 713 1787 regi‚³
726 1713 794 1783 quin
812 1713 918 1769 vellent
935 1733 1049 1772 omnem
1059 1717 1286 1791 juramentorum

195 1811 254 1868 vim
264 1811 414 1868 infirmare.
437 1808 547 1868 Gaetera
555 1811 717 1887 juramenta
726 1828 790 1881 quae
799 1811 848 1887 jus
858 1811 937 1868 alteri
947 1831 1006 1869 nou
1014 1813 1148 1879 tribuunt,
1158 1821 1287 1870 uotorum

195 1911 294 1976 instar,
319 1908 522 1966 relaxationem
547 1917 576 1966 et
601 1907 844 1984 dispensationem
876 1907 1035 1977 admittunt,
1065 1927 1147 1980 sequa
1171 1919 1288 1986 urgente

197 2025 299 2074 causa;
319 2008 349 2064 in
362 2007 518 2065 animarum
532 2007 619 2074 euim,
634 2025 697 2079 quae
720 2006 846 2078 alioquin
865 2025 942 2084 saepe
962 2007 1194 2084 periclitarentur,
1215 2009 1288 2066 salu·

196 2117 263 2174 tem,
277 2106 372 2164 Deum
385 2115 490 2164 tantmu
512 2105 651 2164 Ecclesiae
671 2103 801 2163 tribuisse
824 2114 990 2182 potestatem
1010 2117 1147 2183 perpetua
1165 2107 1219 2166 fuit
1232 2107 1288 2164 Ec·

195 2207 288 2264 clesiae
313 2204 395 2272 fides,
422 2206 509 2262 sacris
535 2203 705 2262 testimoniis
730 2204 854 2262 firmata:
887 2213 906 2242 ‘⁶
923 2206 1119 2275 Quaecumque
1145 2206 1285 2263 solveritis

196 2322 280 2380 super
298 2313 410 2370 terram,
425 2312 508 2361 erunt
519 2303 611 2361 soluta
623 2311 652 2359 et
664 2301 694 2358 iu
710 2294 832 2360 crelo.'’⁴

237 2406 284 2460 58.
305 2401 344 2460 In
355 2401 479 2480 judicic
492 2403 587 2479 jurare
607 2400 747 2468 dicuntur,
768 2403 827 2473 qui,
848 2421 907 2460 nou
924 2403 1033 2471 leviter,
1054 2402 1106 2461 sed
1127 2405 1195 2460 satis
1208 2405 1286 2480 gravi

195 2509 311 2578 urgente
321 2519 418 2567 causa,
428 2501 534 2575 jurant.
576 2499 699 2556 Temere
708 2500 804 2575 jurare
815 2499 947 2559 Christus
958 2503 1062 2559 vetuit:
1084 2509 1104 2537 ‘⁴
1114 2501 1180 2576 Ego
1194 2511 1288 2560 autem

196 2600 262 2658 dico
274 2599 366 2665 vobis,
379 2616 437 2654 nou
448 2598 544 2673 jurare
563 2597 691 2663 omnino,
704 2616 799 2669 neque
819 2615 869 2673 per
882 2600 997 2665 coelum,
1012 2601 1079 2670 quia
1099 2599 1217 2656 thronus
1230 2600 1288 2656 Dei

198 2706 252 2753 est.
294 2695 400 2767 Neque
413 2713 463 2770 per
474 2705 584 2763 terram,
599 2697 667 2768 qnia
686 2695 840 2752 scabellum
852 2706 896 2752 est
908 2695 1013 2770 pedum
1030 2697 1110 2771 ejus:
1132 2714 1225 2765 neque
1238 2715 1291 2770 per

197 2796 217 2854 J
220 2793 422 2870 erosolymam,
437 2795 503 2864 quia
515 2796 611 2852 civitas
624 2793 777 2868 estmagni
790 2793 875 2866 regis.
918 2793 1024 2864 Neque
1043 2809 1095 2867 per
1113 2801 1198 2866 caput
1211 2801 1289 2850 trruur

193 2893 345 2971 juraveris,
361 2893 497 2964 quianon
510 2903 590 2969 potes
603 2892 693 2950 unuu'r
712 2891 847 2967 capillum
867 2891 962 2948 elbum
981 2891 1082 2959 facere,
1097 2901 1145 2948 aut
1164 2893 1287 2969 nigrum.

198 2993 243 3050 Sit
255 2999 350 3049 autem
363 3009 457 3049 sermo
470 3000 572 3059 vester,
586 3000 640 3057 est,
660 2999 719 3048 est:
742 3009 809 3057 non,
830 3009 903 3048 uon:
926 2991 1003 3063 quod
1023 2999 1116 3049 autem
1131 2990 1177 3048 his
1200 2995 1287 3052 abnu-

198 3090 309 3148 dentius
329 3099 382 3156 est,
403 3091 513 3149 amalo
533 3081 626 3148 est.'’⁵
665 3089 755 3164 Igitur
773 3090 888 3165 privatis
903 3091 938 3160 ¹in
950 3090 1100 3163 colloquiis
1119 3089 1286 3165 plemmque

195 3192 357 3266 juramenta
369 3196 435 3246 suut
447 3189 554 3256 illicita,
568 3189 698 3260 quamvis
719 3187 871 3261 aliquando
890 3207 1036 3246 occurrere
1050 3190 1141 3265 possit
1153 3197 1229 3247 tanta
1241 3207 1290 3246 nc-

199 3289 325 3356 cessitas,
339 3295 443 3347 utrem
457 3291 565 3361 absque
578 3287 661 3362 culpa
673 3289 832 3360 sanciamus
841 3285 973 3362 jurando.
1016 3285 1160 3344 Oaetemm
1172 3287 1235 3344 leve
1248 3299 1293 3344 est

200 3386 333 3444 delictum
353 3395 459 3446 temere
475 3389 588 3464 jurare;
610 3385 687 3458 quod
709 3404 793 3463 grave
814 3395 908 3442 tamen
929 3385 970 3453 fit,
985 3385 1099 3456 quando
1122 3403 1206 3459 grave
1225 3383 1292 3442 inde

202 3486 324 3542 nascitur
342 3485 506 3544 scandalum
527 3486 636 3543 ratione
656 3503 785 3560 personae
802 3483 939 3559 jurantis:
961 3501 989 3539 v.
1008 3500 1042 3556 g:
1063 3479 1227 3546 sacerdotis,
1247 3480 1293 3536 vel

203 3585 337 3657 parentis,
349 3583 394 3640 vel
407 3584 521 3657 quando
534 3585 627 3661 gravis
647 3582 744 3640 divino
757 3579 867 3638 nomini
887 3579 1004 3637 infertur
1024 3578 1136 3655 injuria,
1150 3578 1195 3635 vel
1208 3596 1293 3654 grave

203 3681 348 3755 pejerandi
367 3683 497 3740 imminet
515 3682 683 3760 periculum.
724 3679 835 3739 Idcirco
848 3679 898 3751 qui
913 3679 1008 3756 jurare
1021 3686 1125 3736 temere
1139 3696 1293 3736 consueve-

204 3788 277 3848 runt,
297 3798 386 3852 quum
400 3799 431 3838 se
445 3780 602 3839 discrimini
614 3779 760 3856 pejerandi
773 3777 854 3837 facile
874 3778 1018 3856 objiciant,
1031 3787 1060 3836 et
1072 3795 1204 3852 magnam
1218 3777 1294 3834 audi·

241 3978 284 4042 (i)
298 3978 362 4028 Vide
374 3994 436 4042 opus
447 3993 545 4028 mcum:
564 3985 579 4008 “
587 3976 700 4040 Primacy
713 3977 742 4026 of
754 3975 796 4029 the
807 3975 935 4040 Apostolic
946 3972 1017 4022 See.'’
1030 3971 1113 4021 Letter
1123 3971 1199 4022 xxvii.

243 4061 286 4126 (2)
299 4063 359 4112 Vita
370 4063 482 4124 Gregorii
494 4057 551 4111 VII.¹
562 4062 589 4111 in
598 4059 717 4111 Murutori
728 4051 819 4122 Script.
830 4060 886 4108 Rcr.
897 4057 974 4109 Italic.
985 4058 1001 4106 l.
1012 4054 1046 4106 iti.
1059 4072 1082 4120 p.
1094 4055 1150 4105 ³42.

242 4147 285 4212 (3)
296 4146 364 4196 Tlrct
375 4147 433 4211 they
444 4162 485 4196 crs
497 4146 611 4196 absolued
622 4145 695 4224 imur¹
703 4144 736 4194 all
756 4143 891 4205 allegiance
907 4150 933 4193 tc
950 4141 992 4192 the
1009 4140 1102 4192 British
1113 4138 1220 4192 crown.''
1254 4143 1303 4193 De·

229 4231 347 4283 clareticu
356 4233 385 4282 ct
397 4232 591 4296 independeuce.

348 4316 391 4383 (4)
406 4316 468 4366 Mat.
479 4315 548 4366 xviii.
563 4317 601 4365 ts.
935 4313 974 4379 (5)
989 4311 1049 4362 Mat
1059 4327 1082 4362 r.
1095 4313 1135 4361 st.
