3068 5256
479 495 536 554 DE
558 493 761 555 SECUNDO
782 495 1034 559 PRAEGEPTO.
1262 503 1301 558 st

203 683 337 726 nummos
351 662 491 735 quosdam
513 661 654 730 dammm,
676 671 769 738 potest
787 665 822 722 ab
842 664 981 740 episcopo
1000 671 1140 740 peterent
1155 667 1301 744 juramen·

208 775 270 823 tum
283 761 353 822 illud
365 763 477 821 irritum
489 761 646 829 habeatur;
666 762 736 829 imo,
746 765 832 840 juxta
843 762 964 836 aliquos,
985 781 1047 820 eam
1061 762 1304 840 dispensationem

207 873 302 940 petere
316 869 420 937 potest,
434 862 487 918 etsi
494 857 620 937 jurando
633 860 794 936 promiserit
806 879 837 918 se
850 878 908 918 non
921 862 1093 937 petiturum:
1110 864 1303 940 Juramentum

206 963 284 1019 enim
303 960 470 1035 hujusmodi
489 977 542 1034 per
560 975 592 1014 se
611 959 722 1017 irritum
744 961 858 1027 habent,
873 979 964 1032 quum
984 961 1022 1018 sit
1042 969 1139 1020 oonua
1159 961 1304 1038 publicam

206 1060 371 1118 utilitatem.

247 1162 296 1215 51.
317 1157 517 1215 duramentum
532 1162 673 1214 extortum
693 1154 759 1216 dolo
779 1157 825 1214 vel
844 1175 937 1214 errore
956 1158 1032 1216 eirea
1050 1157 1092 1214 rei
1110 1157 1303 1226 substantiam,

209 1257 254 1313 vel
267 1256 415 1329 qualitates
429 1255 525 1330 magni
539 1255 678 1313 momenti
693 1273 755 1326 quae
769 1256 954 1314 substantiam
965 1255 1101 1323 afficiunt,
1111 1273 1169 1315 non
1181 1257 1303 1334 obligat:

207 1355 290 1412 deest
303 1357 383 1414 enim
397 1372 481 1412 verus
495 1353 583 1410 animi
597 1354 632 1410 in
643 1373 706 1412 rem
720 1373 783 1427 quac
800 1356 975 1430 promittitur
986 1373 1156 1414 consensus.
1198 1357 1249 1414 Sic
1258 1357 1306 1432 ju·

208 1464 371 1514 ramentum
384 1452 488 1529 puellae
508 1451 615 1511 factum
629 1453 665 1510 de
686 1455 868 1512 matrimonio
882 1472 948 1512 cum
961 1473 996 1512 ea
1008 1453 1133 1514 ineundo
1146 1473 1205 1514 non
1218 1453 1303 1521 valet,

210 1555 235 1611 si
247 1557 320 1632 ipsa,
330 1551 531 1637 humiliquum
542 1560 620 1608 esset
630 1551 804 1622 conditione,
813 1553 929 1611 finxerit
938 1572 969 1611 se
979 1553 1070 1612 nobili
1082 1571 1187 1630 genere
1200 1561 1304 1611 natam.

255 1659 303 1711 52.
325 1652 536 1716 iuramentum,
558 1669 616 1723 quo
636 1653 775 1729 promittit
794 1653 896 1725 aliquis
909 1669 941 1710 se
954 1669 1016 1710 rem
1032 1653 1137 1711 maiam
1157 1652 1306 1719 factarum,

214 1771 304 1829 grave
323 1759 368 1808 est
386 1758 542 1826 peccatum,
563 1757 593 1806 et
611 1751 689 1808 omni
712 1759 788 1808 caret
807 1752 926 1820 robore;
943 1753 1136 1827 juramentum
1158 1753 1236 1811 enim
1249 1767 1309 1810 non

213 1861 308 1928 potest
320 1867 385 1907 esse
400 1842 747 1922 vinculuminiquitatis.1
788 1850 822 1906 Si
841 1867 902 1906 rem
922 1868 1024 1908 vanam
1038 1858 1067 1906 et
1084 1851 1206 1908 otiosam
1218 1849 1308 1926 respi-

214 1952 281 2018 ciat,
304 1969 365 2023 quae
386 1947 548 2006 nullatenus
568 1965 606 2005 ex
629 1948 771 2025 adjunctis
792 1947 1004 2016 cohonestatur,
1018 1947 1078 2004 vim
1097 1948 1181 2004 etiam
1201 1946 1309 2006 nussam

216 2049 345 2107 habebit:
367 2049 511 2106 necerim
525 2046 607 2104 Deus
620 2046 786 2123 hujusmodi
806 2065 901 2105 rerum
915 2045 1123 2124 implendorum
1136 2053 1211 2104 recte
1224 2043 1311 2104 addu-

214 2150 287 2208 citur
299 2147 388 2204 testis.
431 2145 579 2205 Caeterum
593 2145 619 2202 si
628 2146 824 2222 juramentum
837 2147 867 2205 in
880 2145 1030 2204 utilitatem
1044 2145 1164 2222 alicujus
1178 2163 1310 2222 persone

212 2248 306 2314 cedat,
322 2254 350 2303 ct
364 2247 474 2318 absque
488 2253 605 2321 peccato
618 2243 732 2319 impleri
744 2245 846 2320 possit,
868 2245 1046 2321 implendum
1065 2254 1119 2312 est,
1132 2246 1187 2302 etsi
1206 2253 1311 2302 temere

213 2349 298 2406 suerit
311 2346 465 2403 emissum.
508 2344 580 2410 Quae
589 2344 753 2420 juramenta
772 2363 789 2400 a
796 2345 862 2420 jure
876 2343 1053 2402 declarantur
1065 2345 1153 2412 irrita,
1167 2351 1312 2415 tamquam

215 2456 312 2504 contra
325 2447 419 2502 bonos
440 2461 536 2500 mores
558 2443 673 2510 emissa,
694 2443 753 2500 vim
773 2443 881 2502 nullam
901 2437 1032 2504 habent.²
1072 2443 1198 2510 Quidam
1217 2450 1311 2500 autem

215 2554 377 2604 contractus
392 2544 461 2600 alias
475 2542 505 2599 in
518 2543 644 2600 favorem
665 2543 889 2616 promittentium
908 2544 987 2614 irriti,
1008 2561 1046 2601 ex
1061 2543 1135 2620 juris
1149 2541 1242 2600 civilis
1256 2540 1313 2598 dis·

218 2645 360 2720 positione
375 2641 509 2699 servandi
522 2649 599 2709 sunt,
615 2641 639 2698 si
649 2642 845 2718 juramentum
859 2643 894 2700 iis
914 2642 1082 2700 accesserit:
1105 2659 1163 2715 quo
1176 2640 1312 2705 relaxato,

219 2759 323 2800 eorum
335 2743 379 2798 vis
395 2741 487 2797 omnis
501 2728 620 2798 desinet.
662 2740 718 2797 Jus
731 2751 828 2798 autem
849 2740 994 2798 Gallicum
1011 2731 1208 2804 hodiernum,a
1221 2747 1250 2794 et
1264 2738 1313 2812 jue

220 2841 298 2918 apud
311 2859 365 2898 nos
388 2840 488 2915 vigens
508 2840 614 2898 nullam
627 2839 688 2896 vim
708 2839 805 2897 tribuit
824 2837 1015 2896 contractibus
1028 2837 1132 2903 vetitis,
1154 2836 1222 2894 licet
1237 2836 1314 2912 jura·

217 2949 347 2998 mentum
362 2940 525 2997 accesserit.

256 3043 306 3097 53.
329 3039 530 3097 duramentum
544 3055 602 3109 quo
624 3037 689 3110 quis
712 3035 863 3111 pollicetur
875 3055 907 3095 se
920 3037 1042 3095 consilia
1061 3034 1237 3113 Euangeliou
1257 3035 1316 3092 hon

218 3147 392 3206 secuturum,
407 3155 504 3213 perse
518 3137 629 3194 irritum
642 3143 706 3202 est;
727 3154 782 3194 nec
796 3138 873 3194 enim
886 3145 982 3214 potest
994 3136 1059 3209 quis
1072 3135 1179 3209 absque
1193 3133 1316 3206 quodam

218 3237 402 3312 perfectionis
416 3236 603 3312 Evangelicae
618 3243 783 3310 contemptu
796 3234 866 3293 illud
885 3244 1029 3312 praestare.
1070 3235 1118 3292 Eo
1137 3234 1222 3310 igitur
1241 3239 1316 3307 post·

219 3338 313 3410 posito
329 3337 397 3394 licet
410 3355 444 3392 ea
457 3353 582 3402 servare,
597 3334 654 3390 nisi
667 3333 732 3405 quis
748 3334 778 3392 in
798 3335 925 3392 favorem
945 3333 1059 3392 alterius
1075 3332 1230 3409 juraverim
1251 3338 1318 3386 tunc

219 3436 306 3503 enim,
322 3435 412 3494 illaeso
428 3435 543 3492 alterius
553 3434 632 3510 jure,
646 3433 747 3505 nequit
759 3434 879 3492 consilia
896 3432 1074 3507 Evangelica
1086 3431 1228 3506 amplecti.
1268 3427 1319 3483 Sic

222 3544 366 3606 nequeunt
377 3535 409 3592 S.
426 3532 669 3610 congregationis
689 3531 727 3588 de
740 3531 929 3608 Propaganda
942 3528 1013 3587 Fide
1027 3528 1146 3596 alumni,
1162 3528 1270 3598 absque
1281 3524 1316 3581 S.

257 3806 299 3870 (l)
313 3811 328 3836 ¹¹
337 3805 488 3868 Promissory
500 3803 570 3854 oaths
582 3819 622 3853 are
633 3810 677 3854 not
688 3801 799 3864 binding,
808 3801 890 3852 where
902 3799 945 3851 the
957 3801 1063 3866 promise
1075 3797 1141 3850 itself
1149 3797 1231 3848 would
1241 3798 1322 3846 notbe

220 3890 271 3940 oo.‘’
289 3893 365 3955 Paley
376 3891 438 3939 Mor.
450 3891 515 3940 Phil.
527 3892 542 3940 l.
554 3891 588 3941 iii.
599 3907 621 3940 e.
636 3893 674 3938 16.
708 3890 852 3938 “Promisso
866 3905 907 3938 are
923 3897 968 3938 not
985 3887 1089 3946 binding
1109 3884 1190 3933 where
1208 3881 1250 3931 the
1267 3897 1319 3946 per·

220 3976 342 4026 sormance
353 3977 375 4024 is
395 3973 539 4024 unlawful.’'
557 3974 657 4024 Ibidem.
674 3973 738 4024 Vide
755 3982 780 4022 et
796 3973 952 4030 Trowerson,
969 3971 1065 4034 Explio.
1083 3969 1112 4017 of
1126 3967 1273 4030 Deculogue,
1291 3980 1315 4029 p.

224 4063 276 4108 151.
313 4070 328 4092 “
338 4061 365 4110 1f
379 4077 463 4110 amon
475 4061 563 4110 should
575 4077 652 4110 swear
663 4061 728 4111 todo
740 4077 754 4108 a
764 4059 835 4120 thing
848 4057 928 4106 which
940 4057 961 4105 is
973 4055 1093 4105 unlawl'ul
1104 4053 1180 4104 either
1191 4055 1223 4118 by
1235 4051 1312 4102 God's

223 4145 268 4195 law
279 4163 306 4196 or
317 4146 499 4197 memb-there
510 4148 532 4197 is
545 4162 578 4197 no
588 4147 664 4197 doubt
675 4147 728 4198 thet
738 4146 781 4195 tho
791 4145 849 4193 oatb
861 4141 968 4206 obligeth
980 4139 1051 4191 not.”

254 4229 295 4297 (2)
310 4232 352 4280 Ex
366 4231 426 4292 Reg.
438 4249 489 4290 nou
501 4232 615 4297 est,juris
626 4233 652 4281 in
666 4233 690 4281 d.
756 4260 759 4268 ·

258 4316 300 4382 (3)
316 4315 381 4365 Vide
394 4315 488 4366 Notetn
499 4318 530 4366 ad
542 4317 627 4381 Mayol
636 4316 702 4380 Exp.
713 4315 739 4366 ii.
747 4329 817 4380 prec.
829 4320 872 4363 art.
884 4312 918 4364 iii.
929 4312 974 4363 col.
986 4313 1041 4361 tsi.
1053 4311 1069 4362 l.
1079 4311 1131 4361 xiv.
1143 4309 1239 4360 curam
1250 4307 1318 4357 Tbe-

225 4401 305 4465 ology.

314 4481 400 4542 Von.
418 4484 508 4546 1.-o
