3046 5262
336 500 394 561 DE
416 500 681 562 PO'I'ESTATIS
701 499 854 560 CIVILIS
874 499 1065 564 ORIGINE.
1195 510 1253 566 aot

163 672 207 726 vis
222 687 260 726 ex
272 670 419 728 communi
432 687 576 730 consensu
588 670 639 730 uni
652 670 698 728 vel
717 669 844 748 pluribus
856 671 1006 732 multitudo
1020 673 1177 734 concedere
1190 693 1255 751 pos·

164 771 201 826 sit
209 770 259 845 jus
273 766 418 840 quoddam
430 769 617 846 precipuum,
631 787 690 828 non
709 770 776 828 satis
797 769 962 846 intelligitur
974 771 1089 839 invitos,
1108 773 1176 832 licet
1188 791 1255 849 pau-

164 885 214 924 cos
239 885 370 934 numero,
396 866 584 942 plurimorum
609 867 752 926 voluntate
777 867 869 945 ligari,
892 869 938 926 vel
963 877 1092 946 posteros
1114 872 1256 947 majorum

164 984 282 1023 suorum
305 966 395 1024 tenui
417 973 511 1041 pacto,
532 967 579 1024 vel
600 975 769 1044 potestatem
792 965 828 1024 ad
852 967 940 1026 vitam
962 967 1115 1028 tollendam
1140 987 1255 1028 reorum

164 1082 250 1139 posse
264 1064 299 1120 ab
311 1064 463 1132 universis,
484 1063 551 1123 licet
569 1065 821 1132 consentientibus,
841 1064 962 1124 densari
973 1059 997 1123 :¹
1016 1065 1138 1140 ideoque
1151 1066 1187 1124 ad
1199 1087 1258 1126 me·

164 1181 228 1219 rum
241 1171 356 1238 pactum
368 1161 466 1219 referri
479 1165 578 1236 nequit
590 1165 735 1239 potestatis
748 1163 839 1221 civilis
852 1165 943 1242 origo,
958 1166 1028 1237 quin
1041 1165 1154 1224 infirma
1167 1165 1216 1223 fiat
1234 1177 1263 1224 et

165 1262 289 1318 incerta:
310 1259 362 1318 sed
374 1259 534 1319 necessarii
545 1261 742 1338 agnoscendus
756 1271 800 1326 cst
811 1262 904 1330 Deus,
919 1263 968 1335 qui
981 1262 1131 1322 hominum
1143 1263 1261 1336 quidem

167 1360 284 1416 arbitrio
298 1358 440 1434 regiminis
454 1357 575 1419 formam
588 1361 713 1435 reliquit,
724 1378 775 1418 sua
788 1361 951 1420 auctoritate
961 1378 995 1418 ea
1007 1379 1071 1434 quae
1081 1361 1117 1419 ad
1130 1361 1260 1422 ordinem

173 1457 317 1514 societatis
330 1455 464 1516 tuendum
478 1457 559 1526 fiunt,
574 1460 744 1518 sanciturus.

207 1560 235 1612 3.
258 1555 355 1612 Prima
376 1556 524 1632 regiminis
545 1560 656 1634 species
679 1557 790 1616 videtur
811 1557 900 1616 fuisse
920 1567 1030 1636 patrum
1053 1559 1188 1626 familias,
1212 1565 1261 1634 qui

167 1673 255 1725 quum
268 1653 324 1711 vita
336 1653 487 1714 hominurn
500 1655 573 1714 foret
585 1655 724 1726 diutrrna,
736 1664 865 1732 posteros
878 1657 1017 1734 plurimos
1031 1659 1086 1718 sibi
1100 1660 1261 1735 obtemper-

167 1762 246 1810 antes
259 1752 428 1820 habuerunt,
442 1754 561 1812 naturali
580 1755 666 1813 veluti
682 1756 763 1831 jure:
785 1753 837 1812 scd
849 1772 938 1826 quum
958 1756 1108 1815 multitudo
1127 1759 1158 1815 in
1170 1775 1261 1817 unum

166 1851 328 1917 coaluisset,
343 1867 407 1924 quoe
421 1852 536 1910 vinculo
555 1853 720 1930 hujusmodi
740 1871 799 1911 non
819 1853 973 1921 tenebatur,
987 1854 1142 1930 eligebatur
1155 1856 1258 1913 virtute

166 1961 304 2026 praestans
317 1959 346 2006 et
358 1949 488 2018 consilio,
503 1952 553 2024 qui
571 1955 659 2029 patria
679 1955 767 2011 instar
786 1951 895 2010 cacoeris
915 1961 1058 2028 praesset.
1101 1952 1254 2012 Nonnum-

168 2067 255 2120 quam
268 2049 385 2124 conligit
405 2049 512 2108 viribus
532 2051 708 2126 superiorem
726 2051 756 2108 vi
769 2050 824 2108 sibi
844 2066 973 2126 arrogare
993 2050 1155 2127 imperium,
1179 2052 1258 2125 quod

167 2147 326 2223 legitimum
338 2165 398 2205 non
409 2157 478 2216 erat,
492 2149 549 2207 nisi
563 2149 751 2210 multitudinis
771 2166 924 2208 consensu.
966 2148 1016 2206 Ex
1028 2158 1172 2209 rectorum
1185 2151 1257 2209 arbi·

167 2247 221 2303 trio
233 2265 310 2322 saepe
323 2247 429 2322 injusto
448 2246 554 2307 sactum
567 2251 620 2316 est,
633 2259 665 2308 ut
676 2257 765 2307 emtus
778 2246 1006 2306 consiliariorum
1024 2246 1195 2324 adjiceretur
1208 2251 1257 2320 qui

166 2344 244 2421 leges
258 2344 342 2403 ferret
354 2345 457 2417 quibus
477 2355 622 2423 regeretur
640 2348 783 2425 populus:
805 2347 856 2420 qui
874 2347 959 2406 etiam
979 2364 1056 2423 soepe
1069 2347 1124 2406 sibi
1138 2349 1261 2407 servavit

165 2445 212 2519 jus
232 2462 280 2500 eas
300 2443 438 2520 probandi
458 2444 505 2503 rel
523 2445 681 2522 rejiciendi,
703 2466 740 2506 ne
760 2463 917 2524 paucorum
934 2445 1121 2506 dominationi
1143 2448 1259 2524 penitius

168 2543 326 2600 subessent.
381 2542 487 2600 Turbis
513 2544 693 2618 motibusque
718 2545 903 2624 popularibus
928 2545 1074 2622 republica
1099 2547 1202 2621 agitata
1227 2545 1262 2602 ad

169 2659 258 2698 unum
273 2639 424 2712 aliquando
438 2659 551 2700 summa
562 2661 658 2702 rerum
677 2645 780 2702 iterum
797 2642 889 2700 delata
901 2651 954 2698 est.
985 2641 1034 2698 Sic
1047 2659 1100 2716 pro
1112 2659 1207 2699 rerum
1220 2644 1260 2700 vi·

168 2739 262 2803 cibus,
277 2748 305 2792 et
321 2738 467 2797 hominum
480 2740 615 2816 cupidine
629 2743 740 2799 variata
761 2748 827 2798 sunt
845 2739 993 2815 regiminis
1006 2737 1122 2795 formae:
1144 2756 1264 2809 quarum

171 2835 404 2912 praestantissima
415 2834 558 2912 plerisque
572 2840 657 2898 unius
670 2839 822 2914 imperinm
831 2837 925 2894 visum
938 2844 998 2894 est:
1013 2832 1065 2892 sed
1077 2852 1168 2906 quum
1181 2835 1264 2893 facile

167 2935 199 2990 in
222 2932 402 3010 tyrannidem
423 2935 586 3012 degeneret,
608 2938 701 3014 potior
716 2937 778 3013 jam
798 2936 915 2995 habetur
934 2933 1104 3010 respublica,
1128 2932 1226 2992 clectis
1246 2953 1263 2990 a

169 3033 277 3109 populo
300 3033 469 3092 consiliariis
489 3053 555 3094 cum
576 3035 783 3094 Gubernatore.
825 3033 987 3095 Hominum
1004 3033 1073 3093 vitio
1092 3033 1155 3094 hcc
1175 3035 1261 3094 etiarn

170 3149 328 3206 paucorum
339 3131 451 3190 utilitati
463 3150 540 3209 serpe
554 3135 680 3202 inservit,
694 3154 761 3193 cum
774 3134 960 3211 plurimorum
973 3131 1151 3191 detrimento.
1195 3142 1214 3170 ‘⁶
1225 3133 1261 3189 Il-

170 3229 220 3286 lud
233 3229 375 3297 certum,'’
386 3231 480 3303 inquit
489 3231 668 3310 Zallingcrps
678 3232 713 3290 de
726 3232 826 3290 formis
836 3231 949 3306 imperii
958 3229 1111 3294 disserens,
1133 3237 1153 3264 ‘⁶
1164 3249 1262 3302 quam·

168 3328 239 3386 libet
251 3346 303 3404 per
321 3345 352 3385 se
366 3339 585 3389 consentaneam
597 3339 663 3388 esse
674 3329 794 3389 naturali
802 3328 872 3405 juri,
885 3336 914 3384 et
927 3345 944 3384 a
962 3325 1081 3384 subditis
1095 3341 1264 3385 conservan-

170 3427 246 3492 dam,
270 3436 346 3484 certe
368 3427 530 3496 ferendam
553 3437 630 3488 ‘non
652 3437 696 3485 est
717 3429 793 3486 enim
815 3433 950 3502 potestas,
974 3422 1030 3481 nisi
1053 3443 1070 3480 a
1092 3421 1177 3486 Deua
1199 3441 1262 3497 qum

171 3535 266 3582 autern
280 3534 356 3592 sunt,
370 3545 387 3582 a
403 3526 467 3584 Deo
486 3526 620 3585 ordinata
634 3535 709 3586 sunt.
751 3525 850 3597 Itaque
870 3522 920 3595 qui
933 3520 1038 3578 resistit
1049 3522 1189 3596 potestati,
1204 3520 1261 3578 Dei

169 3622 341 3684 ordinationi
354 3625 480 3686 restant!
515 3625 579 3685 Nec
592 3625 710 3686 dubium
723 3633 775 3692 est,
789 3623 858 3696 quin
875 3619 1020 3702 ingenium
1040 3618 1149 3698 popdi,
1163 3636 1256 3680 mores

210 3884 254 3947 (l)
275 3881 423 3934 Potestatem
433 3885 529 3935 civilem
540 3900 594 3936 esse
605 3902 620 3934 a
631 3884 693 3944 Deo,
709 3885 821 3949 quamvis
842 3885 967 3946 regiminis
978 3882 1065 3932 electio
1085 3881 1128 3931 dat
1139 3896 1154 3929 a
1172 3880 1271 3944 populo,

171 3967 281 4016 ostendit
292 3966 430 4028 Suaresius,
440 3984 470 4018 ex
482 3985 511 4018 eo
522 3970 588 4033 quod
600 3971 681 4034 plures
691 3977 803 4018 exerceat
813 3976 882 4018 actus
892 3982 997 4031 quorum
1009 3966 1078 4016 nulla
1086 3963 1187 4014 facultas
1194 3977 1270 4027 penes

170 4051 287 4100 homines
298 4061 343 4104 est.
376 4053 419 4105 Sic
432 4063 537 4106 mortem
554 4054 601 4104 reis
617 4054 715 4116 irrogat,
731 4054 899 4115 ultionemque
913 4050 972 4100 facit
988 4048 1127 4108 criminum,
1145 4048 1210 4114 quod
1226 4050 1268 4114 jus

172 4151 248 4185 suum
265 4151 319 4185 esse
336 4135 406 4188 Deus
425 4146 534 4189 testatur·
569 4137 753 4188 Conscientiam
769 4135 874 4198 ligatio
889 4148 964 4198 quem
981 4133 1017 4183 nil
1028 4140 1131 4198 poesim
1150 4133 1271 4191 homines,

170 4218 256 4269 divine
267 4218 396 4268 deficiente
406 4220 541 4270 motione.
575 4220 639 4271 Vide
650 4219 679 4268 L.
690 4218 725 4268 iii.
735 4218 766 4267 ds
777 4217 893 4279 Legibus,
903 4232 925 4266 c.
937 4215 972 4266 iii
983 4231 1009 4265 n.
1021 4215 1044 4264 ³.
1069 4215 1121 4276 Qui
1130 4216 1161 4266 nd
1172 4229 1267 4266 merum

169 4311 270 4368 pactum
283 4303 406 4354 societatis
417 4319 467 4354 rem
480 4305 607 4364 reducunt,
618 4303 709 4354 tollunt
725 4301 819 4364 legibus
835 4301 894 4360 vim,
907 4300 1088 4363 magistratibus
1098 4299 1270 4358 reverentiam,

168 4388 308 4453 reipublice
320 4387 482 4440 maurinom.
500 4389 565 4440 Vide
576 4387 660 4454 Peley,
672 4386 756 4440 Marci
765 4383 928 4456 Pbiloscpby,
938 4387 955 4438 Ι.
967 4387 999 4438 vi.
1007 4402 1028 4437 c.
1043 4389 1068 4437 3.
