3078 5258
395 501 451 560 oe
472 481 648 559 seruum
669 499 728 558 uu
747 484 1053 565 rnsmunurn.
1213 513 1271 568 ara

170 668 326 744 juuarent;
347 685 430 725 secus
444 669 571 724 sinuum
584 667 631 725 vel
643 668 761 726 alterum
777 669 921 747 jejunium
934 669 1029 745 aliqua
1042 672 1145 730 mulier
1156 674 1271 732 robusta

174 765 248 824 serre
261 767 355 824 vellet.
377 766 420 825 lta
433 766 466 822 S.
477 765 644 841 Alphonsus
657 767 693 824 de
706 764 850 843 Ligerio.¹
878 768 950 826 Item
965 779 983 806 “
995 771 1124 828 excusari
1138 770 1270 830 videntur

175 865 227 933 illi,
243 867 292 937 qui
305 865 443 922 frustatim
458 864 657 940 eleemosynas
671 866 841 934 mendicant,
856 867 906 940 qui
918 885 977 926 non
989 879 1109 946 possunt
1121 869 1208 928 simul
1221 870 1269 928 ha·

175 965 242 1022 bere
256 963 333 1036 quod
347 964 389 1020 eis
403 963 438 1020 ad
451 964 557 1021 victum
572 958 746 1022 sufficiat.'’²

176 1117 179 1123 .
217 1067 265 1120 50.
288 1063 459 1137 Impotentia
478 1063 594 1142 moralis
614 1063 700 1120 etiam
720 1073 847 1121 excusat
890 1069 910 1100 ‘¹‘
922 1065 1001 1124 Hinc
1022 1071 1048 1124 l.
1063 1062 1121 1126 non
1141 1076 1270 1126 tenentur

172 1162 303 1238 jejunare
317 1161 465 1230 ii‚·quibus
474 1160 619 1235 jejunium
639 1161 721 1218 affert
738 1181 854 1238 gravem
868 1164 967 1238 capitis
981 1163 1117 1224 dolorem.
1159 1171 1188 1222 2.
1210 1166 1271 1225 Ex·

176 1269 311 1318 cusantur
324 1259 355 1326 ii,
370 1259 420 1331 qui
428 1259 589 1340 jejunando
610 1277 667 1317 non
680 1270 801 1336 possunt
820 1270 904 1318 noctu
924 1262 1057 1331 calefieri,
1071 1263 1116 1320 vel
1130 1281 1181 1339 per
1194 1272 1271 1322 nota·

175 1359 232 1417 bile
247 1367 360 1432 tempus
382 1375 514 1414 somnum
527 1351 678 1433 capere.''³
719 1359 783 1416 Neo
804 1358 931 1435 pluribus
950 1358 1080 1418 videntur
1099 1360 1214 1438 obligati
1232 1359 1269 1419 ad
1357 1371 1361 1384 ’

176 1455 331 1532 prandium
344 1453 540 1522 differendum,
554 1455 752 1514 collatiuncula
768 1475 850 1515 mane
871 1466 992 1533 sumpta,
1014 1475 1103 1532 quum
1116 1457 1145 1516 id
1159 1461 1266 1533 absque

176 1555 360 1614 incommodo
373 1552 518 1611 haudlevi
537 1554 587 1610 vix
607 1554 665 1612 fiat.
708 1560 737 1612 3.
759 1555 940 1614 Excusantur
961 1563 980 1590 “
992 1558 1106 1624 milites,
1128 1559 1189 1615 sive
1210 1560 1268 1616 sint

175 1653 328 1720 incastris,
343 1653 403 1708 sive
417 1653 446 1709 in
460 1652 601 1727 hospitiis,
616 1661 676 1710 tum
689 1657 757 1725 quia
775 1655 831 1729 ipsi
851 1673 970 1730 magnos
986 1656 1096 1714 labores
1110 1656 1265 1732 perferunt,

175 1761 234 1810 tum
256 1752 322 1823 quia
335 1753 413 1808 statis
427 1750 505 1808 horis
518 1768 576 1808 non
596 1764 717 1826 possunt
736 1752 896 1819 comedere,
911 1770 964 1810 neo
985 1773 1143 1830 congruum
1164 1755 1269 1813 habent

174 1851 271 1908 cibum
297 1869 349 1926 pro
367 1848 489 1925 jejunio.
532 1853 561 1906 4.
583 1851 768 1910 Excusantur
789 1869 905 1919 uxores,
933 1870 996 1923 quae
1019 1852 1088 1909 alias
1110 1851 1269 1928 jejunando

176 1967 310 2024 magnam
323 1956 484 2024 paterentur
503 1947 728 2023 indignationem
748 1971 764 2006 a
777 1951 845 2008 viris
858 1991 864 2006 .
879 1990 886 2006 .
899 1990 906 2005 .
921 1950 1007 2007 modo
1023 1950 1166 2026 jejunium
1179 1969 1196 2006 a
1209 1952 1270 2008 viro

175 2065 237 2106 non
257 2047 436 2120 prohibeatur
456 2047 486 2114 in
505 2057 700 2123 contemptum
719 2049 874 2126 religionis,
896 2046 942 2104 vel
963 2049 1097 2125 praecepti
1118 2048 1268 2107 Ecclesiae.

176 2146 364 2204 Excusantur
383 2146 445 2213 viri,
467 2145 502 2228 si¹
508 2145 667 2222 jejunando
687 2167 746 2206 non
766 2155 884 2224 possent
905 2148 1042 2206 uxoribus
1064 2145 1190 2204 debitum
1210 2145 1271 2206 red·

176 2245 254 2302 dere.
268 2285 275 2300 .
290 2285 297 2301 .
311 2285 318 2300 .
349 2244 418 2301 Non
431 2250 525 2300 autem
538 2255 707 2302 excusantur
720 2247 858 2322 conjuges
872 2264 888 2301 a
902 2246 1026 2321 jejunio,
1041 2246 1067 2302 si
1080 2263 1146 2302 cum
1159 2245 1209 2302 illo
1222 2242 1270 2302 de-

176 2344 264 2400 bitum
285 2351 380 2416 petere
400 2360 459 2399 non
480 2335 601 2417 possint.
644 2343 813 2400 Tamburini
835 2354 928 2400 tamen
951 2343 1132 2418 probabiliter
1152 2353 1271 2400 excusat

176 2443 328 2518 conjugem
342 2439 535 2498 advertentem
549 2441 578 2497 in
592 2439 689 2506 altero,
703 2441 759 2498 nisi
772 2449 856 2515 petat,
871 2440 1030 2516 periculum
1043 2441 1266 2508 incontinentia,

176 2540 222 2597 vel
236 2555 353 2614 gravem
366 2539 558 2612 suspicionem
579 2539 728 2612 concipere
749 2537 826 2610 quod
845 2539 908 2612 ipse
928 2537 1098 2594 adulteratus
1118 2539 1210 2606 firerit,
1225 2538 1271 2596 vel

178 2637 263 2694 obem
276 2629 421 2710 diligat.'’⁴
452 2625 636 2693 Excusautu'r
648 2637 779 2692 universe
793 2633 989 2692 adolescentes
998 2621 1093 2707 'usque
1114 2637 1149 2692 ad
1163 2653 1272 2694 annum

179 2733 354 2808 vigesimum
375 2734 495 2806 primum
521 2734 705 2808 completum.
757 2733 941 2789 Excusantur
972 2749 1055 2788 senes
1085 2733 1135 2802 qui
1167 2749 1273 2789 aunum

179 2830 394 2906 sexagesimum
408 2832 627 2907 compleverunt,
641 2832 683 2888 uti
696 2831 750 2888 fert
763 2830 902 2886 sententia
915 2830 982 2886 satis
996 2836 1127 2902 recepta3
1142 2828 1272 2904 indigent

179 2930 258 2988 enim
272 2927 455 3000 frequentiori
475 2930 547 2987 cibo.
589 2928 670 2987 Idem
693 2930 790 2986 dicunt
811 2928 941 2986 nonnulli
961 2927 996 2984 de
1015 2926 1180 2985 mulieribus
1194 2927 1274 2998 quiu-

180 3027 377 3103 quagenariis;
399 3027 446 3084 alii
459 3036 555 3086 temen
567 3028 751 3086 vehementer
764 3036 932 3104 repugnant.

219 3131 268 3184 51.
294 3125 397 3183 Labor
410 3127 502 3202 gravis
517 3145 532 3182 a
550 3127 663 3202 jejunio
684 3135 811 3184 excusat.
855 3125 999 3183 Oaeterum
1021 3125 1185 3185 Alexander
1200 3123 1269 3182 Vll.

179 3225 278 3282 merito
292 3223 436 3281 damnavit
455 3226 691 3300 propositionem.
735 3224 876 3282 “Omnes
897 3223 1044 3290 officiales,
1066 3226 1115 3295 qui
1129 3225 1159 3280 in
1171 3223 1272 3298 repub-

179 3323 234 3380 lica
253 3322 436 3397 corporaliter
453 3323 590 3390 laborant,
611 3331 678 3380 sunt
697 3323 824 3380 excusati
846 3322 880 3378 ab
900 3320 1070 3396 obligatione
1085 3320 1199 3396 jejunii,
1220 3337 1274 3376 nec

180 3420 285 3478 debent
297 3438 328 3476 se
342 3420 512 3488 certificare3
534 3439 569 3478 an
581 3423 661 3479 labor
680 3422 717 3478 sit
736 3419 923 3495 competibilir
943 3437 1009 3476 cum
1025 3409 1186 3494 jejunio.”⁵
1227 3416 1272 3473 Ob

180 3520 299 3578 nimiam
312 3518 420 3576 scilicet
432 3517 609 3578 latitudinem
622 3521 780 3595 propositio
793 3517 855 3574 haeo
869 3517 1028 3593 proscripta
1041 3515 1102 3572 fuit.
1146 3521 1165 3548 “
1177 3512 1271 3570 Oete·

180 3637 244 3675 rum
258 3635 359 3674 omnes
373 3626 457 3683 artes,
476 3637 539 3690 quae
553 3620 680 3676 exerceri
693 3636 751 3677 uon
764 3625 886 3693 possunt
898 3615 954 3672 nisi
967 3633 1033 3672 cum
1052 3613 1161 3689 ingenti
1174 3629 1273 3687 corpo-

181 3716 220 3772 ris
239 3717 401 3791 agitatione,
422 3717 560 3793 ajejunio
574 3726 720 3785 excusant,
735 3715 861 3787 eoquod
880 3715 910 3772 in
923 3715 964 3771 eir
978 3712 1059 3770 multi
1079 3711 1195 3787 spiritus
1208 3728 1274 3768 eon·

179 3804 382 3872 sumuntur.'’⁶
421 3814 604 3874 Excusantur
623 3814 727 3872 idcirco
751 3814 917 3881 “fossores,
938 3811 1078 3888 agricole,
1101 3809 1272 3884 lapidicina,

178 3913 270 3988 figuli,
293 3921 428 3980 textores,
448 3912 556 3980 lanarii,
577 3913 708 3981 fullones,
729 3913 826 3990 bajuli,
847 3913 961 3989 surige,
981 3917 1072 3966 nautae
1093 3908 1274 3981 remigantes,

388 4132 429 4196 (l)
442 4130 472 4180 L.
484 4131 521 4181 iil.
533 4147 557 4181 n.
572 4131 645 4181 10³3.

448 4215 480 4264 D.
493 4215 612 4276 Thomas,
624 4215 647 4265 2.
660 4220 683 4264 2.
696 4232 738 4280 qu.
749 4215 831 4265 cxlvii.
843 4220 885 4264 ert.
897 4213 929 4262 iv.
940 4211 976 4262 od
982 4215 1111 4279 quartum.

386 4216 428 4364 g}
443 4301 469 4348 S.
482 4301 603 4365 Alpheus.
618 4301 633 4351 l.
646 4301 680 4351 iii.
692 4317 716 4352 n.
726 4299 798 4350 1034.
836 4299 878 4363 (4)
890 4296 990 4346 Ibidem.
1034 4319 1039 4326 -

387 4384 568 4454 (⁵)1'10r·³0›
838 4377 1191 4452 <connaturales
