3076 5260
259 475 318 534 ³92
438 469 495 534 Du
516 467 783 532 FORENSIBUS
804 465 1175 528 OBLIGATIONIBUS.

258 623 373 684 revelet.
415 621 514 683 Potest
536 631 631 682 tamen
652 632 682 682 ct
702 620 787 680 debet
804 639 920 680 cansam
942 619 1084 690 deserere,
1107 621 1154 680 vel
1176 639 1244 682 eum
1272 624 1354 700 cujus

259 741 373 782 cansam
387 723 445 800 agit
457 721 494 780 ad
512 721 672 782 cedendum
693 720 838 789 inducere,
853 721 915 778 sive
930 719 965 778 ad
984 718 1218 797 componendum
1231 721 1296 780 siue
1308 720 1355 779 ad·

259 823 375 880 romarii
387 821 525 880 damno.”
567 821 611 882 lta
630 821 663 878 S.
679 813 836 879 Thomas.¹

300 924 367 980 137.
389 919 424 980 In
437 939 523 979 causa
535 920 735 998 prosequenda
747 928 849 995 peccat
862 917 1015 976 advocatus
1035 921 1061 978 si
1075 917 1227 994 diligenter
1240 937 1299 978 non
1313 919 1355 978 in·

260 1019 358 1098 vigilet
370 1019 480 1078 clientis
493 1019 668 1088 utilitatibus,
688 1017 735 1077 vel
748 1017 818 1090 quid
837 1015 992 1094 prudenter
1004 1017 1050 1074 vel
1065 1017 1221 1076 socorditer
1235 1018 1355 1086 omittat,

259 1137 316 1192 quo
336 1118 485 1178 deficiente
507 1117 596 1176 cliens
617 1136 702 1176 causa
724 1116 816 1174 cadat.
858 1116 966 1174 Peccat
988 1116 1073 1176 etiam
1098 1115 1189 1176 litium
1218 1117 1353 1192 ambages

259 1215 422 1290 quaerendo,
435 1226 466 1274 ιιι
478 1217 623 1294 impensas
637 1208 772 1292 augeat:2
791 1213 837 1272 rel
850 1212 1010 1274 differendo
1019 1215 1077 1274 litis
1086 1213 1231 1292 judicium
1241 1216 1355 1292 injustis

259 1316 476 1392 exceptionibus
489 1324 518 1372 et
530 1315 766 1381 cavillationibus,
783 1314 902 1390 justitie
916 1312 1074 1382 eludendo,
1095 1313 1141 1372 vel
1159 1313 1232 1372 lucri
1254 1315 1355 1390 privati

261 1413 365 1473 studio.
408 1413 513 1474 Peccat
525 1414 609 1472 etiam
623 1414 730 1487 aliquid
750 1412 813 1470 falsi
826 1410 956 1470 cousultb
971 1413 1153 1490 proferendo,
1169 1412 1214 1470 vel
1227 1412 1357 1471 fraudem

262 1512 393 1572 faciendo
418 1513 448 1570 in
469 1512 591 1590 judicio,
606 1514 760 1590 presertim
784 1530 850 1570 cum
873 1509 988 1570 alterius
1011 1507 1208 1572 ιιιιιιιιιιιιιιι.3
1249 1512 1358 1570 Peccat

262 1611 408 1670 suadendo
428 1612 523 1670 clienti
536 1621 568 1670 ut
580 1612 683 1670 salsum
692 1613 779 1689 juret,
793 1610 839 1668 vel
852 1627 918 1670 eum
938 1612 969 1668 in
993 1612 1191 1670 necessitatem
1205 1610 1357 1688 pejerandi

260 1709 345 1770 veluti
359 1708 547 1786 conjiciendo,
556 1710 707 1770 indicando
716 1728 798 1788 spem
810 1708 880 1768 alias
894 1710 1001 1770 nullam
1011 1729 1075 1772 esse
1088 1713 1213 1772 victoriae
1228 1729 1237 1767 ε
1259 1719 1358 1785 peccat

260 1809 345 1868 ιιιιιιι
359 1808 481 1868 sinendo
499 1810 632 1868 clientem
652 1810 753 1868 salsum
769 1810 877 1885 jurare.
918 1809 1023 1868 Peceat
1042 1819 1128 1868 testes
1148 1810 1238 1868 salsos
1254 1809 1356 1882 exqui-

261 1908 361 1978 rendo,
375 1907 422 1966 vel
434 1909 500 1968 ficta
519 1910 715 1978 instrumenta,
736 1907 782 1966 vel
801 1907 880 1984 leges
901 1907 985 1966 falsas
1006 1920 1035 1966 et
1048 1908 1158 1986 judicia
1171 1906 1299 1976 citando,
1313 1907 1357 1964 vel

260 2008 340 2086 leges
361 2007 555 2084 detorquendo
577 2027 642 2068 cunr
663 2008 775 2066 alterius
795 2005 910 2064 damno.
953 2007 1037 2073 Quod
1058 2008 1247 2084 siingeniose
1261 2006 1355 2065 detor-

261 2117 400 2181 queantur
411 2107 490 2184 leges
504 2109 538 2165 ab
552 2108 636 2166 obvio
649 2125 746 2174 sensu,
760 2114 793 2163 ut
805 2123 871 2162 reus
891 2107 1064 2182 supplicium
1078 2106 1187 2174 evadat,
1202 2125 1263 2164 non
1277 2105 1354 2163 vide·

261 2217 306 2264 tur
318 2207 447 2282 peccari:
470 2225 536 2264 narn
549 2205 579 2264 id
591 2206 623 2262 fit
636 2207 742 2281 absque
756 2205 877 2281 alicujus
891 2203 1005 2272 damno,
1017 2215 1045 2262 et
1057 2224 1142 2282 poene
1154 2225 1214 2264 non
1228 2215 1275 2262 est
1287 2206 1355 2262 irro-

260 2303 353 2382 ganda
365 2305 431 2372 nisi,
453 2323 490 2364 ex
512 2304 620 2381 judicis
645 2304 818 2370 auctoritate,
845 2303 893 2360 lex
919 2303 1077 2380 applicetur
1096 2304 1209 2363 delicte.
1253 2305 1357 2362 Peccat

260 2410 367 2458 secreta
380 2401 490 2458 clientis
510 2401 670 2460 adversario
690 2398 849 2477 prodendo,
864 2401 909 2458 vel
929 2402 1044 2474 aliquod
1064 2403 1215 2479 prebendo
1236 2402 1355 2462 admini-

260 2500 365 2568 culum,
380 2517 438 2574 quo
452 2499 539 2558 cliens
560 2501 707 2558 vincatur:
726 2498 773 2558 vel
792 2497 940 2558 suadendo
962 2501 1058 2559 clienti
1090 2511 1121 2558 ut
1139 2503 1356 2561 transactionem

261 2600 345 2658 saciat
358 2600 495 2674 iniquam.

303 2683 370 2758 13⁸8.
399 2698 434 2759 In
454 2717 540 2757 causa
561 2698 701 2758 criminali
720 2697 822 2756 actoris
844 2705 938 2773 partes
962 2716 1020 2755 non
1041 2697 1126 2758 debet
1149 2701 1311 2776 suscipere,
1332 2701 1357 2757 si

261 2798 359 2870 iniqua
372 2800 409 2856 ιιι
421 2799 572 2866 accusatio,
588 2806 616 2854 et
629 2797 754 2874 perjurio
767 2796 910 2854 innitatur.
933 2795 1018 2864 Quod
1031 2799 1057 2857 si
1071 2797 1157 2856 dubia
1170 2799 1216 2867 sit,
1232 2799 1357 2857 Antoine

261 2906 360 2954 censet
372 2896 539 2955 advocatum
552 2915 669 2973 peccare
681 2889 704 2963 3⁴
717 2894 768 2953 sed
783 2914 849 2954 eum
864 2893 997 2954 damnare
1010 2915 1069 2954 non
1083 2897 1230 2966 audemus,
1244 2918 1276 2956 rc
1286 2917 1357 2956 non·

261 2992 328 3050 dum
343 2993 454 3068 judicio
477 2995 608 3064 eliquata.
652 2994 722 3050 Post
741 2994 940 3062 monitionem,
961 3014 998 3054 ne
1019 3005 1097 3056 actor
1115 2997 1182 3055 odio
1195 2997 1240 3055 vel
1253 2998 1354 3054 mentis

261 3090 381 3148 somniis
395 3107 426 3148 se
440 3090 514 3148 sinat
526 3088 638 3158 abduci,
653 3100 786 3168 putamus
800 3108 886 3166 posse
908 3091 1074 3152 advocatum
1088 3096 1150 3172 ejus
1164 3113 1265 3172 urgere
1279 3115 1357 3154 accu-

261 3189 401 3248 sationem
421 3189 563 3248 moderate
583 3196 679 3248 tamen
701 3200 729 3248 et
750 3186 901 3266 legitime.⁵
942 3191 1005 3250 Reo
1025 3195 1143 3270 pauperi
1156 3197 1186 3253 in
1199 3194 1356 3255 minoribus

295 3361 332 3417 (ly
351 3361 374 3405 2.
382 3361 406 3405 2.
418 3374 458 3420 qu.
472 3356 530 3406 lxxi.
551 3363 595 3406 art.
607 3355 639 3404 iii.
651 3354 686 3405 ad
694 3355 839 3408 secundum.
1017 3359 1059 3425 (2)
1078 3361 1138 3424 Cup.
1149 3358 1196 3410 ult.
1205 3359 1234 3410 de
1245 3361 1326 3428 injur.

296 3443 338 3507 (tl)
357 3450 371 3473 “
383 3441 408 3491 If
416 3443 442 3491 in
455 3459 469 3491 ι
483 3443 535 3506 just
552 3457 625 3491 cause
641 3441 682 3490 the
694 3442 809 3492 advocate
828 3459 854 3492 or
866 3450 936 3507 party
954 3457 1011 3506 may
1023 3451 1067 3494 not
1079 3445 1120 3494 tell
1133 3461 1147 3493 a
1158 3446 1198 3505 lie,
1210 3445 1221 3494 1
1239 3445 1359 3496 conclude

261 3527 314 3578 tbtt
325 3527 400 3580 much
412 3528 459 3576 less
470 3543 527 3592 may
539 3527 570 3576 he
582 3527 614 3576 do
621 3527 640 3576 it
650 3527 678 3576 in
689 3543 721 3576 an
734 3529 820 3593 unjust
832 3545 914 3587 cause,
925 3527 973 3577 aud
984 3529 1021 3577 for
1032 3529 1073 3578 the
1084 3529 1184 3580 desence
1194 3533 1223 3580 of
1233 3548 1342 3594 wrong..
1352 3567 1360 3590 ,

262 3613 375 3664 Artifices
384 3614 433 3663 and
444 3614 520 3676 craity
532 3613 694 3662 intercourses
712 3629 768 3678 may
780 3617 810 3664 be
822 3620 881 3665 used
894 3623 919 3664 to
928 3615 1039 3665 defends
1053 3619 1106 3681 just
1117 3633 1190 3668 cause
1202 3619 1255 3668 that
1267 3636 1315 3669 can
1326 3634 1358 3669 no

262 3699 332 3748 other
343 3715 396 3762 way
409 3699 439 3747 be
450 3697 576 3756 defended,
589 3699 633 3747 but
644 3698 701 3762 tbey
712 3715 768 3762 may
780 3708 824 3748 not
832 3703 862 3749 be
874 3700 933 3750 used
944 3708 970 3750 to
982 3707 1091 3764 promote
1109 3718 1141 3751 an
1153 3704 1201 3752 evil
1212 3719 1302 3762 cause;
1319 3705 1358 3752 be·

260 3799 334 3834 cause
345 3783 403 3846 they
415 3783 443 3832 of
451 3782 603 3841 themselves,
615 3783 710 3845 though
722 3783 819 3848 theybe
831 3785 976 3846 indifferent,
987 3794 1029 3850 yet
1041 3793 1084 3836 not
1095 3765 1193 3850 serving
1206 3805 1221 3838 ι
1232 3790 1297 3851 good
1310 3789 1358 3838 end

262 3869 305 3918 but
314 3883 346 3918 an
356 3869 411 3930 evil,
423 3868 454 3918 do
466 3867 584 3918 therefore
595 3869 695 3918 become
711 3868 782 3918 evi1.’¹
811 3869 861 3920 Jer.
874 3869 973 3935 Teylor,
989 3870 1066 3922 Duct.
1078 3873 1143 3922 Dub.
1155 3875 1172 3925 l.
1183 3874 1219 3924 iii.
1230 3890 1251 3924 c·
1264 3874 1289 3924 ii.
1303 3874 1358 3923 Vol.

261 3955 286 4003 ii.
298 3970 322 4017 p,
333 3955 373 4002 91.

298 4039 340 4102 (4)
360 4037 442 4088 Tract.
453 4039 483 4088 de
496 4037 577 4100 Oblig.
586 4053 607 4087 c.
617 4054 640 4086 ι.
654 4041 668 4096 q
679 4053 701 4087 ι.
716 4053 740 4087 n.
753 4041 777 4088 5.

297 4122 337 4183 (5)
355 4129 369 4154 ‘⁸
378 4121 407 4172 In
420 4125 452 4174 all
464 4123 576 4173 criminal
596 4123 772 4186 prosecutione,
784 4124 912 4190 especially
925 4123 1008 4175 where
1019 4126 1060 4175 the
1071 4127 1181 4192 prisoner
1191 4143 1237 4178 can
1251 4128 1315 4177 have
1325 4145 1358 4178 no

261 4205 362 4256 ccunsel
373 4212 398 4254 ιο
411 4207 481 4268 plead
492 4208 530 4256 sor
541 4207 600 4267 him,
612 4209 779 4260 ebsrristeris
792 4225 819 4258 ιι
836 4211 911 4260 much
934 4210 1016 4260 bound
1035 4219 1061 4260 to
1073 4212 1177 4261 disclose
1188 4213 1220 4263 all
1232 4213 1304 4262 those
1315 4214 1359 4264 eir·

260 4295 415 4342 cumstsuaes
427 4297 451 4338 to
463 4291 505 4340 the
513 4294 579 4357 jury,
592 4294 641 4342 and
653 4301 678 4344 to
690 4309 775 4344 resson
788 4311 856 4360 upon
874 4295 941 4344 them
954 4312 981 4344 ss
992 4297 1062 4361 sully,
1073 4297 1155 4347 which
1168 4313 1208 4347 are
1218 4298 1357 4348 favourabls

260 4387 286 4428 to
298 4376 338 4426 the
350 4374 465 4440 prisoner,
477 4391 504 4422 as
516 4376 585 4424 those
596 4378 679 4428 which
691 4397 731 4430 are
748 4381 822 4444 likely
835 4387 860 4432 to
879 4389 981 4446 support
999 4381 1041 4432 the
1052 4382 1234 4447 prosecutiou.¹'
1271 4384 1357 4435 Obittii

260 4460 384 4513 adnotatio
397 4461 429 4510 st
441 4460 468 4510 in
480 4457 638 4522 Blackstone,
649 4464 665 4512 ι.
678 4464 710 4514 ιι.
720 4481 746 4514 n.
758 4466 815 4515 357.
