3078 5258
436 500 493 560 DE
518 500 720 561 GENTIUM
743 501 1014 562 COMMEROIO.
1214 509 1273 564 24³

179 669 288 741 aliquas
301 674 442 732 tractatus,
457 673 486 722 et
498 663 692 724 conceduntur
704 665 759 723 sibi
771 665 894 724 invicem
908 666 1056 742 privilegia
1068 669 1232 725 commercii
1246 679 1274 726 et

177 767 387 826 immunitates:
425 783 548 838 quorum
570 773 716 840 pactorum
739 764 783 821 vis
806 764 940 822 inviolata
960 763 1096 822 servanda
1115 774 1168 832 est,
1189 767 1274 824 etiam
1345 749 1347 754 ⁵

178 863 327 942 regiminis
350 864 442 923 forma
462 871 578 922 mutata.
633 862 715 920 Mare
737 863 857 922 liberum
884 864 1015 921 omnibus
1035 861 1211 922 censendum
1230 875 1274 922 est

179 964 279 1040 procul
293 979 309 1020 s
328 963 468 1021 littoribus
480 981 488 1029 ;
509 980 574 1020 narn
589 979 658 1037 gens
679 961 757 1020 nulla
769 962 843 1018 valet
855 961 910 1026 sibi
923 963 1022 1020 oceani
1034 980 1169 1038 usurpare
1183 963 1273 1039 impe·

178 1063 270 1120 rium:
290 1060 370 1136 'quod
382 1060 487 1118 diserte
500 1058 623 1119 ostendit
646 1059 763 1118 Grotius
784 1059 968 1119 celeberrimo
988 1078 1094 1136 opere:
1115 1058 1206 1120 More
1219 1060 1274 1120 Li·

178 1160 293 1229 bernm,
307 1159 393 1217 dicto.
436 1160 501 1218 Nec
520 1166 614 1238 potest
632 1177 702 1236 gens
715 1158 774 1216 ulla
786 1159 815 1215 vi
827 1158 966 1236 impedire
979 1176 1016 1216 ne
1033 1159 1088 1216 alia
1107 1161 1184 1218 natio
1204 1179 1271 1220 cnm

178 1259 290 1316 civitate
300 1258 394 1330 aliqua
406 1258 610 1317 commercium
623 1257 732 1315 habeat.
760 1256 778 1314 J
781 1275 827 1314 aru
838 1276 904 1316 vero
918 1259 1009 1334 pactis
1022 1257 1192 1334 specialibus
1206 1259 1268 1317 hac

177 1358 276 1414 omnia
288 1375 356 1416 oum
369 1375 469 1432 magna
482 1356 611 1414 omnium
623 1355 740 1414 utilitate
755 1357 890 1431 componi
904 1365 932 1414 et
944 1357 1004 1434 regi
1017 1367 1235 1416 consueverunt.

224 1458 271 1511 15.
292 1453 439 1530 Flagrante
453 1456 527 1513 inter
539 1462 639 1530 gentes
653 1453 761 1527 aliquas
783 1454 857 1512 bello
881 1456 1013 1532 gentibus
1037 1454 1098 1512 aliis
1121 1475 1185 1528 quae
1199 1473 1270 1514 ncn-

176 1551 269 1611 trclce
282 1551 413 1611 dicuntur
424 1553 490 1610 licet
502 1553 707 1611 commercium
720 1571 786 1610 cnm
794 1561 912 1625 utraque
925 1553 999 1610 bello
1013 1561 1135 1611 certante
1149 1572 1248 1631 gerere
1261 1574 1268 1610 :

177 1650 230 1708 scd
245 1653 310 1728 jure
323 1651 437 1727 publico
450 1651 600 1709 recentiori
613 1659 720 1708 vetatur
732 1668 768 1707 ne
783 1670 861 1710 arma
880 1651 990 1724 aliaque
1003 1651 1071 1709 belli
1083 1652 1272 1711 instrumenta

180 1749 373 1826 suppeditent,
396 1751 443 1808 vel
465 1749 534 1807 alias
556 1749 632 1806 bello
655 1743 835 1807 inserviant.¹
876 1750 991 1808 Merces
1014 1751 1100 1807 etiarn
1120 1751 1271 1810 anoloniis

175 1849 267 1926 gentis
278 1849 401 1906 inimicae
409 1848 444 1906 ad
453 1849 547 1925 ipsam
557 1856 672 1925 gentem
682 1847 813 1904 nonlicet
826 1848 945 1905 navibus
956 1847 1131 1906 neutralibus
1141 1847 1267 1906 deferre:

169 1939 228 2003 'sed
241 1948 267 2003 si
279 1945 315 2004 ad
326 1948 472 2023 regionem
486 1945 641 2004 neutralem
659 1944 827 2013 deferantur,
849 1945 948 2004 solutis
968 1944 1112 2003 bonafide
1126 1947 1270 2022 vectigali·

177 2045 243 2112 bus,
257 2045 297 2102 nil
310 2053 382 2102 vetat
403 2064 451 2102 eas
472 2043 538 2105 inde
559 2042 671 2112 devehi,
686 2044 774 2101 instar
786 2043 903 2102 aliarum
925 2045 1075 2111 mercium,
1098 2043 1135 2101 ad
1155 2054 1270 2122 gentem

177 2144 261 2220 cujus
275 2152 339 2201 sunt
352 2135 497 2201 οοΙοιιίθ).2
536 2142 638 2200 Plures
660 2142 714 2200 hac
736 2141 771 2202 de
791 2160 821 2198 re
844 2144 1013 2216 questiones
1037 2143 1165 2202 excitate
1190 2153 1267 2212 suut,

178 2240 314 2318 flagrante
327 2243 401 2301 bello
413 2242 523 2318 Anglos
533 2242 607 2299 inter
616 2249 643 2298 et
655 2240 772 2299 Gallos:
793 2241 835 2298 illi
845 2243 921 2300 enim
929 2241 1107 2302 vindicarunt
1116 2243 1170 2301 sibi
1180 2261 1268 2302 naves

176 2341 371 2408 Americanas,
385 2340 531 2400 damnatas
553 2340 589 2397 ob
609 2340 726 2397 vetitum
739 2341 951 2408 commercium,
964 2360 1000 2400 eo
1016 2339 1093 2414 quod
1106 2339 1273 2405 deserebant

178 2457 288 2497 merces
302 2440 336 2497 ab
350 2439 461 2507 insulis,
476 2456 596 2511 quarum
616 2447 676 2496 erat
683 2439 732 2515 jus
747 2431 849 2506 Gallis,
864 2439 899 2498 ad
917 2439 1038 2508 Gallias,
1053 2440 1088 2499 iis
1108 2439 1138 2498 in
1157 2450 1271 2518 portum

178 2539 381 2597 Americanum
407 2538 531 2614 primum
552 2538 690 2595 invectis:
712 2547 740 2594 et
765 2538 900 2596 scrutinio
923 2539 1108 2616 subjecerunt
1129 2557 1227 2607 naves,
1249 2541 1274 2598 si

175 2635 248 2692 sorte
274 2636 394 2693 laterent
418 2654 526 2694 merces
553 2636 655 2702 vetitae,
676 2635 722 2692 vel
748 2634 857 2702 hostes,
878 2636 925 2691 vel
946 2639 998 2706 qui
1021 2638 1140 2711 originis
1165 2637 1273 2693 ratione

175 2733 301 2808 Anglico
316 2735 445 2792 suberant
456 2735 587 2810 imperio.
629 2729 846 2792 contendebant
858 2731 1020 2790 Americani
1040 2732 1167 2806 plerique
1186 2732 1272 2790 licere

174 2832 381 2890 commercium
394 2850 457 2890 cum
469 2841 588 2906 utraque
602 2839 686 2908 gente
700 2829 806 2897 fovere,
821 2848 874 2887 nec
886 2847 972 2905 posse
986 2846 1074 2887 naves
1087 2829 1271 2887 Amerioauas

175 2930 280 3005 subjici
290 2931 435 2998 scmtinio,
450 2941 544 2990 utrum
557 2931 676 2989 laterent
689 2947 776 2995 arma,
798 2926 854 2986 tela
872 2927 918 2986 vel
932 2929 1119 2988 instrumenta
1131 2946 1274 3001 quaecum·

174 3045 231 3101 que
245 3028 322 3097 belli,
337 3028 388 3086 sed
401 3029 532 3088 standum
545 3048 609 3087 esse
623 3021 829 3087 documentis.³
869 3025 992 3086 Constat
1006 3036 1101 3088 tamen
1113 3046 1172 3088 non
1185 3028 1270 3087 licere

167 3121 272 3202 'portus
300 3127 432 3185 obsessos
458 3127 587 3205 ingredi:
609 3126 732 3186 obsideri
755 3135 848 3184 autern
871 3134 1024 3184 censentur
1047 3127 1161 3209 quande
1184 3144 1272 3186 naves

173 3223 300 3284 hostium
313 3233 509 3303 praesto'sunt,
525 3226 595 3286 adeo
608 3234 640 3285 ut
652 3226 822 3302 ingressuris
836 3225 872 3281 sit
885 3218 1070 3300 periculum.⁴
1155 3227 1160 3234 “

208 3429 250 3492 (l)
271 3428 365 3490 Suecia,
377 3431 532 3491 Danimorca,
545 3431 684 3491 Hellandin
693 3439 718 3481 et
730 3430 819 3480 Russia
829 3444 895 3479 anno
906 3431 1080 3494 lantpertum
1092 3429 1201 3480 inierunt
1208 3430 1272 3479 inter

171 3528 198 3561 se
211 3513 241 3561 ad
254 3513 321 3563 liberi
332 3519 473 3567 commercii
487 3521 544 3584 jura
561 3518 716 3568 vindicanda.
751 3519 819 3568 luter
836 3521 952 3570 articulos
962 3520 988 3569 hi
1001 3526 1154 3570 occurrunt:
1171 3521 1185 3546 ‘⁴
1194 3515 1247 3564 that
1258 3515 1277 3562 it

164 3588 234 3648 'shall
251 3601 281 3648 be
293 3600 376 3652 lawiul
388 3603 424 3652 sor
435 3621 484 3669 any
496 3605 552 3669 ship
563 3605 693 3664 whatever,
704 3616 729 3655 to
746 3606 791 3655 sail
805 3606 879 3670 ireely
891 3607 952 3656 from
965 3623 1012 3656 one
1021 3615 1077 3672 port
1091 3613 1117 3656 to
1130 3601 1238 3660 another,
1250 3616 1277 3649 0¹

169 3684 246 3745 along
254 3684 296 3734 the
306 3693 384 3736 coesto
395 3688 423 3736 ct*
431 3687 473 3737 the
482 3704 577 3753 powers
586 3697 611 3739 at
622 3705 686 3742 wara
703 3689 727 3748 2,
736 3689 789 3739 that
800 3690 830 3738 all
842 3690 1010 3741 merchandize
1018 3691 1066 3741 and
1077 3689 1167 3748 effeots,
1177 3687 1277 3746 belong·

168 3768 215 3829 ing
227 3777 252 3818 to
266 3767 306 3818 the
319 3771 425 3835 subjecte
437 3773 465 3821 ot'
478 3788 573 3836 powers
585 3780 610 3822 at
621 3788 677 3832 wer,
690 3773 738 3822 and
750 3773 851 3838 shipped
864 3774 890 3825 in
901 3776 996 3826 nentral
1008 3775 1105 3834 vessels,
1117 3773 1180 3822 shall
1191 3773 1220 3819 be
1230 3785 1273 3818 en·

168 3851 240 3915 tirely
253 3853 317 3911 free3
335 3856 465 3919 excepting
473 3857 622 3906 contrnbnnd
631 3857 715 3918 goede,
726 3859 843 3922 (crunon,
853 3867 961 3919 morters,
969 3861 1084 3916 muskets,
1093 3857 1186 3922 pistols‚
1195 3855 1270 3909 flium,

173 3936 295 3996 marchen,
309 3937 389 4004 &c.’')
421 3939 485 3989 Vide
496 3947 521 3990 et
536 3940 649 3990 Grotiurn
661 3941 752 4006 dejure
765 3943 821 3992 belli
833 3952 859 3992 et
868 3944 943 4008 pacis,
955 3944 970 3992 l.
981 3943 1015 3991 iii.
1025 3959 1045 3991 o
1054 3943 1069 3990 i.
1082 3944 1106 3990 3.
1139 3939 1200 3989 Not.

205 4019 249 4084 (2)
270 4019 334 4069 Vide
346 4021 494 4072 Robinson's
505 4024 616 4089 lioperto,
628 4024 684 4074 Vol.
696 4025 720 4074 ii.
733 4040 756 4088 p.
770 4027 832 4084 3683
850 4041 905 4075 cnse
916 4026 945 4074 oi
953 4024 994 4074 the
1006 4023 1085 4087 Polly,
1094 4022 1189 4088 Lasky.

205 4103 250 4168 (3)
270 4103 335 4154 Vide
347 4112 361 4136 ‘⁸
371 4105 411 4155 the
431 4108 479 4157 law
491 4109 520 4158 oi
532 4109 633 4159 natione
649 4109 810 4170 investigated
822 4109 848 4159 in
861 4125 876 4158 a
887 4108 994 4173 popular
1005 4123 1108 4158 manner
1120 4109 1151 4173 by
1164 4105 1277 4157 william

165 4185 238 4236 John
251 4187 366 4248 Dnanc,”
378 4189 555 4256 Philadelphir,
569 4195 642 4242 1809.
676 4191 760 4242 Letter
771 4193 820 4242 viii.

204 4272 248 4336 (4)
269 4279 283 4304 “
292 4273 332 4322 'l'o
344 4275 463 4326 ascertain
476 4278 543 4327 what
551 4268 695 4328 constitutos
707 4277 748 4327 the
760 4275 877 4326 bloclrade
889 4277 918 4327 ci
931 4292 979 4341 any
990 4278 1057 4342 place
1070 4293 1097 4326 or
1108 4284 1169 4342 port,
1181 4277 1199 4326 it
1211 4277 1232 4327 is
1250 4283 1275 4326 to

134 4351 143 4373 '
163 4359 197 4406 be
210 4356 359 4408 understood
372 4366 396 4409 tc
408 4362 438 4409 be
449 4361 477 4412 in
488 4363 550 4414 such
563 4379 577 4412 r
589 4363 761 4428 predicament,
778 4363 852 4413 when
870 4363 911 4414 the
923 4363 1040 4426 omniling
1050 4379 1132 4428 power
1144 4362 1190 4412 hes
1201 4363 1274 4411 taken
