3078 5258
681 1293 858 1370 PARS
901 1291 972 1367 ΙΙ.

518 1537 579 1600 ΒΕ
603 1537 873 1600 PRAECEPTIS
897 1531 1144 1600 ECCLESIAE.

740 2004 881 2065 CAPUT
902 2003 926 2063 Ι.

605 2218 651 2260 DE
685 2221 799 2261 ntlssn
835 2221 1058 2262 AUDIENDA.

332 2390 358 2444 1.
380 2387 478 2444 quen
490 2383 568 2460 leges
582 2385 787 2445 ecclesiasticas
808 2404 871 2459 quae
893 2405 993 2446 omnes
1016 2385 1193 2462 adstringunt
1204 2383 1313 2452 fideles,
1326 2397 1370 2439 sex

291 2485 447 2562 prasertim
460 2494 718 2558 recensenturque
731 2495 872 2562 praecepta
879 2485 1019 2544 Ecclesiae
1033 2485 1090 2544 dici
1102 2493 1319 2545 consueverunt

291 2683 316 2743 1.
339 2683 460 2744 Sacrum
475 2682 577 2742 Missae
591 2683 718 2744 officium
731 2683 881 2744 dominicis
895 2684 1032 2759 testisque
1045 2692 1206 2742 reverenter
1215 2682 1319 2740 audito.

292 2782 332 2843 ll.
354 2784 477 2843 Peccata
490 2794 538 2842 tua
550 2784 671 2862 singulis
685 2784 784 2843 saltem
799 2785 880 2844 annis
894 2786 1037 2842 confitere.
1066 2808 1069 2814 ·

292 2881 347 2941 111.
370 2883 488 2942 Sacram
508 2883 719 2942 Eucharistiam
742 2884 842 2942 saitem
856 2883 946 2942 semel
959 2885 988 2942 in
1002 2900 1086 2950 anno,
1101 2882 1176 2940 circa
1194 2879 1300 2938 festum
1313 2877 1374 2937 Pas·

410 2981 482 3047 chae,
496 2980 611 3038 sumito.

292 3075 344 3134 IV.
368 3075 439 3136 Dies
450 3076 554 3154 jejunii
567 3086 595 3136 et
607 3079 781 3137 abstinentia
795 3089 915 3138 servato.

292 3176 329 3232 V.
351 3173 489 3234 Decimas
503 3177 663 3252 pastoribus
678 3177 753 3246 dato,
767 3179 813 3236 vel
826 3179 903 3238 aliud
916 3179 951 3238 ad
964 3178 1199 3238 sustentationem
1214 3177 1375 3237 subsidium.

293 3274 348 3333 Vl.
370 3275 590 3336 Matrimonium
604 3287 702 3336 eontra
714 3278 856 3338 Ecclesiae
870 3280 988 3338 vetitum
1001 3265 1062 3339 noli
1075 3277 1225 3336 celebrare.
1318 3329 1321 3348 ,

331 3480 361 3532 2.
385 3474 426 3533 Ut
449 3475 594 3552 praecipua
614 3476 682 3534 fidei
695 3477 831 3553 mysteria
844 3477 981 3544 colantur,
995 3486 1023 3534 et
1036 3474 1206 3536 infidelium
1219 3473 1380 3532 memoriam

292 3585 473 3642 revocentur,
488 3574 549 3633 dies
565 3576 679 3647 quidam
694 3577 728 3634 ab
745 3577 817 3654 ipsis
837 3577 879 3635 rei
896 3576 1055 3634 christiauae
1076 3574 1201 3632 exordiis
1216 3575 1289 3631 sacri
1302 3569 1382 3630 habiti

293 3681 370 3738 sunt,
386 3674 478 3742 iisque
492 3673 668 3731 celebrandis
688 3676 782 3734 dicati.
825 3676 874 3734 Sic
897 3676 958 3734 dies
978 3675 1079 3734 natalis
1093 3672 1204 3732 Christi
1217 3672 1346 3737 Domini,
1359 3677 1383 3724 et

293 3772 354 3829 dies
381 3772 597 3828 resurrectionis
621 3773 655 3828 ab
674 3775 873 3845 antiquissimo
894 3785 1021 3851 tempore
1040 3774 1174 3832 celebrari
1200 3785 1379 3830 consuevere.

294 3869 441 3944 Equidem
456 3870 697 3946 sapientissimam
711 3881 738 3928 et
754 3874 962 3932 sanctissimam
976 3871 1212 3932 consuetudinem
1231 3868 1383 3930 hancoesti·

295 3971 392 4038 mabit,
408 3973 583 4045 quicumque
597 3989 695 4029 secum
708 3975 880 4047 reputaverit
889 3982 1139 4050 quamopportuue
1148 3973 1185 4029 sit
1194 3970 1228 4027 ad
1238 3970 1384 4028 hominum

295 4071 325 4126 in
339 4067 436 4127 Deum
450 4071 645 4146 provocandos
661 4070 787 4138 effeetus,
802 4071 877 4129 etad
899 4074 962 4148 ipsa
980 4071 1130 4131 recolenda
1142 4071 1290 4147 mysteria.
1330 4065 1385 4124 Alii

295 4167 382 4224 etiam
396 4171 490 4225 statuti
504 4178 572 4226 sunt
584 4168 645 4228 dies
661 4173 765 4243 quibus
779 4181 939 4230 smictorum
960 4173 1076 4230 virtutes
1089 4177 1383 4231 commemorarentur,

296 4274 327 4322 ut
341 4263 397 4321 Dei
408 4266 497 4340 gratia
510 4268 539 4324 in
553 4285 653 4328 eorum
668 4271 818 4348 triumphis
827 4269 997 4341 laudaretur,
1012 4279 1040 4328 et
1052 4269 1151 4328 fideles
1165 4268 1200 4326 ad
1213 4286 1264 4326 eos
1279 4267 1385 4330 imitan-

296 4363 349 4421 dos
364 4363 561 4423 excitarentur.
