3076 5260
279 479 338 536 ³86
446 474 502 534 DE
523 473 882 534 OBLIGATIONIBUS
903 471 1195 532 CLERIOORUM.

281 645 324 702 rio
337 644 491 702 habentur:
514 641 630 713 quodsi
648 642 714 712 quis
734 639 862 698 ordinem
875 639 952 698 huno
965 657 1033 696 casu
1046 641 1199 708 inverterit,
1216 649 1320 714 putans
1341 656 1372 695 se

283 742 380 800 horam
394 741 538 807 recitasse,
553 759 639 812 qnam
652 737 787 815 deinceps
801 739 880 797 novit
899 757 930 795 ee
950 738 1092 806 omisisse,
1106 738 1241 814 supplere
1261 747 1376 814 oportet

283 859 344 912 quae
366 849 432 897 sunt
451 839 567 906 omissa,
591 840 661 910 quin
684 837 720 895 ad
732 838 922 895 recitationem
945 838 1072 894 iteratam
1086 846 1220 894 teneatur.
1264 838 1314 894 Sic
1338 836 1375 892 ob

283 957 396 996 causam
411 955 531 1010 tequam,
547 937 624 1010 quod
637 937 747 995 scilicet
759 955 825 994 curn
844 936 909 1003 alio,
924 936 974 1008 qui
987 935 1101 994 alteram
1114 923 1224 1012 partem
1233 937 1292 1012 jam
1306 953 1374 1011 per·

282 1037 375 1103 solvit,
399 1035 485 1096 simul
498 1046 625 1094 oraturus
649 1037 696 1103 sit,
716 1034 783 1093 licet
794 1045 902 1110 partem
916 1035 993 1092 illam
1007 1037 1230 1110 praetermittere,
1249 1044 1281 1092 ut
1293 1033 1374 1091 dein·

283 1154 352 1212 ceps
377 1136 517 1192 recitetur.
560 1135 762 1192 Missionarius
788 1151 863 1204 equo
885 1143 982 1190 vectus
1009 1135 1116 1208 optime
1139 1134 1206 1193 lacit
1227 1131 1374 1190 recitando

283 1233 413 1300 Laudes3
434 1233 608 1292 Matutinunr
622 1232 769 1308 deinceps,
784 1249 872 1304 quum
886 1231 962 1289 domi
976 1231 1069 1300 suerit,
1083 1252 1120 1290 ex
1132 1232 1204 1290 libro
1216 1231 1353 1290 lecturus.

326 1337 372 1390 14.
394 1331 488 1390 Debet
500 1333 623 1404 quisque
646 1333 719 1390 serie
739 1329 900 1388 continuata
919 1331 1007 1388 officii
1020 1341 1128 1406 partem
1149 1332 1289 1408 integram
1302 1332 1374 1388 reoi-

284 1443 359 1488 tare:
381 1450 448 1490 nam
461 1432 499 1489 ita
512 1448 579 1489 sane
600 1429 659 1488 vult
678 1431 820 1496 Ecclesia,
841 1439 933 1504 partes
954 1429 1079 1505 singulas
1099 1432 1183 1489 certis
1196 1431 1374 1506 temporibus

285 1530 448 1608 adsignans.
471 1530 594 1588 Peccant
608 1531 692 1607 igitur
704 1529 859 1594 venialiter,
870 1528 918 1600 qni
932 1538 1037 1586 temere
1051 1529 1221 1605 abrumpunt
1233 1529 1374 1596 officium,

286 1640 317 1684 ut
329 1629 470 1700 colloquia
479 1629 626 1695 misceant,
640 1629 685 1686 vel
699 1626 850 1686 mundanae
863 1626 1028 1704 indulgeant
1039 1628 1150 1686 laetitia.
1181 1627 1240 1685 Sed
1254 1629 1280 1684 si
1293 1647 1378 1700 aeqna

285 1728 322 1783 sit
344 1727 425 1793 ratio,
448 1727 526 1785 nulla
547 1726 600 1786 erit
622 1727 720 1803 culpa;
741 1735 808 1802 puta
830 1726 855 1782 si
878 1725 942 1798 quis
963 1725 1117 1795 advenerit,
1141 1728 1305 1793 consilinm,
1330 1728 1377 1784 vel

284 1843 380 1901 opem,
395 1825 542 1902 petiturus.
585 1826 673 1884 Nulla
694 1827 778 1884 etiam
798 1824 907 1882 videtur
926 1825 1010 1900 culpa
1029 1825 1139 1902 singula
1160 1835 1297 1883 noctnma
1316 1825 1377 1883 dis-

285 1925 378 1983 tinctis
406 1937 565 2000 temporum
589 1925 740 1983 intervallis
762 1925 898 1991 recitare;
927 1943 993 1982 narn
1016 1925 1084 1984 olim
1108 1935 1318 1982 consueverunt
1337 1925 1378 1982 ita

285 2022 384 2090 dividi,
399 2033 427 2082 et
439 2023 576 2082 hodierne
589 2023 764 2082 consuetudo
778 2023 970 2100 indulgentie,
988 2025 1078 2100 magis
1099 2044 1185 2097 quam
1203 2025 1289 2100 legis,
1312 2042 1377 2099 spe·

284 2123 358 2179 ciem
373 2120 526 2198 praesesert.
568 2122 602 2180 ld
615 2131 691 2179 tanto
704 2123 796 2198 magis
810 2121 844 2178 de
865 2121 995 2180 Laudum
1011 2142 1027 2178 a
1040 2123 1181 2182 Matutino
1195 2124 1375 2198 separatione

286 2220 437 2278 dicendum
452 2232 504 2278 est.
533 2219 711 2280 contradicit
724 2232 817 2279 tamen
832 2222 928 2288 Aaou
949 2231 979 2278 et
998 2215 1242 2298 noctuma'plnres
1256 2231 1377 2280 censent

283 2337 347 2376 esse
361 2320 478 2377 omnino
492 2320 577 2378 simul
589 2320 739 2378 recitanda.

326 2420 372 2472 15.
395 2416 559 2491 Optandum
579 2418 704 2492 prosectd
728 2429 759 2476 ut
777 2419 904 2477 officium
926 2422 1033 2498 integre
1057 2432 1085 2478 et
1107 2422 1207 2479 devote
1230 2423 1374 2489 recitetur,

284 2515 379 2572 animo
393 2513 428 2570 ad
441 2513 537 2572 Deum
551 2526 664 2573 evecto:
679 2535 732 2575 nec
743 2519 819 2575 enim
834 2518 889 2576 alia
900 2521 1008 2578 ratione
1018 2522 1149 2578 meritum
1162 2522 1285 2596 quisque
1299 2518 1376 2596 apud

287 2613 382 2672 Deum
396 2613 578 2689 comparabit.
621 2612 766 2673 Oaeterum
779 2618 938 2688 inquiritur,
951 2629 1046 2676 utrum
1059 2621 1148 2696 culpae
1162 2622 1290 2678 mortalis
1308 2637 1375 2676 reus

286 2712 435 2772 habendus
449 2714 495 2780 sit,
510 2714 571 2785 qui,
585 2731 622 2770 ex
635 2713 776 2772 voluntate
789 2716 900 2772 muneri
914 2718 1111 2786 satisfaciendi,
1125 2719 1267 2795 integrum
1279 2719 1377 2776 recitat

286 2811 422 2880 officium,
434 2813 503 2884 quin
517 2830 579 2870 earn
592 2813 696 2870 mentis
710 2814 901 2879 attentionem,
916 2823 944 2869 et
957 2813 1106 2870 voluntatis
1117 2817 1252 2876 affectum
1266 2818 1376 2875 studeat

286 2909 429 2968 adhibere.
472 2911 574 2967 Plures
587 2909 737 2978 affirmant,
752 2910 951 2982 adducuntque
962 2913 992 2969 in
1006 2911 1131 2970 medium
1144 2913 1289 2974 decretum
1311 2935 1376 2974 con·

285 3007 344 3062 cilii
357 3007 557 3064 Lateranensis
571 3007 637 3074 IV,
649 3026 705 3078 quo
719 3007 843 3066 districte
857 3012 1019 3086 praecipitur
1028 3011 1137 3069 clericis
1152 3012 1180 3068 in
1194 3013 1298 3071 virtute
1311 3016 1376 3071 obe·

284 3103 407 3171 dientiae,
429 3111 449 3138 ‘⁴
458 3113 490 3160 ut
501 3103 629 3161 divinum
643 3103 768 3162 officium
781 3117 951 3167 nocturnum
972 3110 1075 3189 pariter
1087 3119 1115 3168 et
1127 3109 1274 3180 diurnum,
1290 3132 1376 3184 quan·

284 3212 345 3261 tum
362 3204 403 3260 eis
418 3202 526 3261 dederit
538 3203 629 3271 Deus,
644 3203 769 3262 studiose
780 3206 921 3264 celebrent
933 3212 1037 3283 pariter
1049 3217 1077 3266 et
1089 3209 1188 3266 devote
1199 3203 1248 3266 :'’¹
1268 3222 1298 3268 et
1309 3211 1376 3269 illud

286 3303 447 3361 Tridentini
461 3302 495 3362 de
510 3304 664 3371 canonicis,
683 3303 834 3376 dequibus
846 3306 928 3381 jubet
946 3318 978 3366 ut
990 3308 1195 3383 compellantur
1216 3312 1277 3368 “in
1290 3311 1375 3369 choro

287 3401 321 3459 ad
335 3401 512 3478 psallendum
527 3403 661 3469 instituto,
675 3403 802 3478 hymnis,
824 3415 852 3461 et
872 3405 988 3464 canticis
1008 3405 1065 3464 Dei
1078 3424 1183 3465 nomen
1204 3420 1373 3476 reverenter,

287 3500 428 3568 distincte,
442 3501 600 3573 devoteque
613 3498 777 3559 laudarem
797 3503 869 3560 Haee
883 3504 997 3576 quidem
1010 3507 1129 3582 probant
1142 3507 1286 3567 Ecclesiae
1300 3527 1375 3567 men·

287 3609 345 3657 tem
359 3619 434 3666 esse,
447 3609 479 3656 ut
491 3600 593 3658 divinae
607 3610 741 3658 canantur
759 3602 856 3660 laudes
880 3605 975 3662 animo
996 3605 1044 3681 pio
1066 3614 1095 3662 et
1115 3605 1234 3673 devoto;
1256 3607 1309 3665 sed
1328 3609 1374 3666 rix

286 3715 441 3774 possumus
453 3698 535 3755 nobis
549 3698 666 3756 suadere
686 3700 779 3775 legem
800 3701 836 3759 ed
858 3703 945 3762 animi
958 3705 1139 3762 attentionem
1153 3716 1181 3762 et
1193 3705 1373 3768 devotionem

288 3796 456 3875 pertingere,
470 3814 560 3868 quum
581 3797 751 3856 exteriorem
770 3803 957 3861 reverentiam
975 3802 1138 3876 cultumque
1161 3803 1268 3862 directe
1288 3806 1374 3882 respi-

288 3898 351 3954 ciat.
394 3895 530 3953 Putemus
544 3894 649 3953 idcirco
663 3915 728 3954 eum
749 3899 798 3969 qui
819 3900 959 3976 integrum
978 3902 1075 3958 recitat
1088 3903 1225 3971 officium,
1246 3905 1372 3976 quamvis

288 3994 394 4066 absque
408 3996 456 4071 pio
467 3995 567 4055 animae
581 4005 669 4063 motu,
681 4005 709 4054 ot
722 4015 847 4074 congrua
856 4001 1016 4086 attentione,
1029 4019 1046 4058 a
1058 4000 1142 4078 culpa
1151 4003 1264 4061 mortali
1274 4004 1371 4062 eximi:

287 4094 457 4165 ceteroquin
470 4094 560 4153 fructu
573 4095 707 4154 orationis
720 4114 824 4154 carere.
947 4103 950 4107 '

329 4193 375 4246 16.
397 4190 455 4256 Qui
467 4193 565 4250 recitat
576 4193 702 4253 officium
717 4215 783 4254 cum
797 4197 886 4264 socio,
901 4199 984 4256 etiam
1004 4207 1084 4257 extra
1096 4199 1227 4268 chorum,
1241 4201 1372 4259 satisfacit

354 4385 397 4450 (1)
418 4385 652 4450 capuanensis
663 4395 708 4444 cel.
719 4396 806 4446 misse.
892 4399 934 4462 (2)
948 4396 1015 4448 Sese·
1025 4398 1091 4448 xxiv.
1103 4415 1156 4464 cap.
1167 4399 1211 4450 aii.
1224 4399 1307 4450 derel.
