3076 5260
273 497 332 552 368
421 489 477 548 DE
499 485 859 549 OBLIGATIONIBUS
880 483 1213 544 RELIGIOSORUM.

275 655 520 715 communitatibus
533 651 694 712 facultatem
707 651 774 710 fecit
793 649 944 709 concilium
959 646 1161 708 Tridentinum
1174 650 1251 707 bona
1264 649 1369 706 immo·

273 755 339 814 bilia
351 745 543 830 possidendi.¹

312 857 362 912 rt.
380 851 496 930 Singuli
511 851 651 929 Religiosi
663 852 692 908 vi
701 851 760 909 voti
769 850 939 926 paupertatis
949 867 1043 906 rerum
1053 849 1224 927 proprietate
1241 846 1367 922 spolian-

278 963 330 1020 tur,
345 950 415 1010 adeo
429 961 461 1010 ut
473 951 544 1010 nihil
551 971 602 1009 suo
616 951 731 1009 nomine
745 949 890 1025 possidere
907 955 1020 1020 queant,
1034 967 1087 1006 nec
1098 945 1260 1005 dominium
1272 945 1365 1002 ullum

274 1047 434 1112 sueroere.2
473 1051 523 1109 Ex
543 1051 659 1127 speciali
672 1048 788 1120 quidem
809 1048 841 1105 S.
865 1047 968 1124 Ignatii
989 1043 1125 1114 instituto,
1150 1047 1201 1118 qui
1223 1044 1368 1120 simplicia

273 1159 338 1208 vota
350 1151 380 1208 in
393 1151 525 1208 societate
539 1149 609 1207 Jesu
622 1149 778 1205 emiserunt
790 1146 951 1205 dominium
964 1165 1049 1205 omne
1062 1164 1155 1202 rerum
1166 1143 1369 1220 temporalium

273 1267 332 1308 nou
345 1243 505 1325 abjiciunt‚³
518 1248 568 1306 sed
586 1247 645 1325 juri
664 1248 826 1304 renuntiant
844 1245 879 1304 de
902 1265 933 1302 re
948 1247 1042 1318 aliqua
1061 1242 1236 1320 disponendi
1259 1244 1366 1314 absque

276 1349 440 1424 Superioris
452 1349 555 1406 venia:
577 1354 722 1430 nequeunt
734 1357 827 1402 tamen
839 1343 1035 1424 Conriiutoree
1045 1342 1190 1424 formati,
1203 1343 1255 1415 qui
1261 1341 1368 1398 seilicet

278 1445 435 1506 solemnius
449 1465 480 1503 se
492 1447 623 1524 ligarunt,
633 1445 789 1503 dominium
809 1438 939 1512 habere,⁴
951 1445 1007 1502 nisi
1021 1463 1070 1501 eos
1091 1443 1266 1501 eSooietate
1281 1441 1369 1496 eonti-

280 1546 485 1625 geritlegitime
500 1545 612 1603 dimitti.
654 1543 906 1619 Dispensationem
929 1543 1082 1616 aliquando
1104 1541 1198 1599 datam
1222 1557 1286 1596 esse
1301 1557 1369 1595 eon·

279 1653 333 1702 stat
345 1644 407 1701 aliis
420 1645 470 1716 qui
483 1652 548 1701 vote
560 1643 699 1701 solemnia
713 1643 875 1708 emiserant,
886 1661 949 1699 eam
959 1641 1119 1718 postulante
1132 1659 1228 1698 rerum
1241 1638 1369 1697 necessi·

276 1751 341 1810 tate,
354 1742 395 1800 uti
407 1743 436 1800 in
451 1743 529 1818 regni
545 1743 649 1800 Gallici
663 1741 810 1798 eversione
824 1731 943 1798 evenit³

317 1846 368 1899 72.
382 1841 518 1900 Plurimis
528 1841 668 1916 Ecclesiae
678 1839 870 1896 sanctionibus
878 1839 936 1896 voti
943 1838 1114 1914 paupertatis
1123 1838 1166 1894 vis
1175 1837 1336 1913 explicatur
1344 1845 1373 1892 et

280 1940 444 1999 inculcatur.
487 1949 507 1976 ‘⁴
515 1937 702 1997 Prohibemus
716 1935 840 1994 districte
850 1938 880 1994 in
892 1937 993 1994 virtute
1004 1935 1170 1994 obedientiae
1181 1937 1234 1994 sub
1251 1936 1372 1993 obtesta-

280 2040 357 2098 tione
365 2037 453 2097 divini
462 2038 573 2116 judicii,
585 2038 693 2109 nequis
703 2034 906 2093 monachorum
916 2037 1061 2112 proprium
1076 2035 1268 2106 aliquomodo
1278 2033 1371 2110 possi·

280 2135 353 2206 deat,
366 2179 391 2195 ..
405 2179 412 2194 .
427 2136 511 2196 Unde
525 2139 550 2195 si
564 2135 718 2209 quidquam
732 2134 816 2191 alicui
835 2135 918 2192 suerit
930 2134 1089 2210 specialiter
1108 2134 1294 2200 destinatum,
1313 2151 1371 2190 non
1453 2205 1456 2212 Ι

280 2245 433 2313 presumat
444 2235 512 2294 illud
526 2237 664 2311 accipere,
673 2233 724 2290 sed
734 2233 824 2290 abbati
834 2232 879 2290 vel
886 2234 972 2310 priori
985 2209 1192 2309 assigneturd'6
1232 2232 1278 2290 Ita
1287 2231 1372 2289 Inno-

275 2336 386 2392 centius
404 2335 458 2392 111.
501 2333 650 2392 Consonat
669 2331 820 2390 concilium
843 2332 1065 2400 Tridentinum3
1088 2332 1242 2390 “Nemini
1260 2331 1372 2408 regula·

274 2433 358 2499 rium,
373 2441 430 2490 tam
443 2433 578 2498 virorum,
593 2448 678 2502 quam
695 2430 857 2499 mulierum,
871 2430 957 2489 liceat
970 2434 1043 2490 bona
1063 2430 1222 2489 immobilia
1243 2430 1290 2487 vel
1309 2448 1369 2487 mo-

274 2531 352 2598 bilia,
367 2530 466 2604 quovis
490 2528 575 2588 modo
598 2529 632 2585 ab
655 2529 696 2586 eis
720 2529 867 2600 acquisita,
896 2539 1041 2604 nmquam
1061 2532 1185 2608 propria,
1208 2539 1259 2587 aut
1284 2530 1371 2586 etiam

276 2631 391 2690 nomine
405 2638 559 2688 conventus
573 2628 731 2706 possidere,
745 2627 791 2685 vel
805 2637 919 2697 tenere;
940 2629 991 2687 sed
1004 2631 1097 2688 statim
1111 2647 1146 2687 ea
1158 2629 1304 2704 superiori
1318 2637 1372 2685 tra·

276 2727 385 2797 dantur,
400 2729 607 2800 conventuique
618 2721 883 2804 incorporentur.’'⁷

315 2834 364 2888 73.
386 2828 524 2903 Religiosi
539 2827 676 2886 beneficia
689 2827 834 2894 habentes,
848 2845 885 2884 ex
901 2829 966 2904 jure
986 2836 1015 2884 et
1035 2827 1251 2892 consuetudine,
1269 2845 1372 2884 eorum

275 2925 400 2982 redditus
414 2925 610 2982 administrare
624 2925 717 2982 valent
736 2926 766 2983 in
786 2927 831 2982 sui
850 2927 1085 2984 sustentationem
1106 2936 1135 2982 et
1154 2925 1264 3000 inpios
1281 2943 1371 2982 usus:

273 3021 324 3078 sed
337 3032 456 3096 peceant
468 3039 518 3078 eos
538 3021 729 3096 impendendo
751 3025 781 3081 in
803 3043 873 3080 usus
895 3025 1040 3101 profanos,
1054 3024 1099 3082 vel
1120 3025 1303 3101 propinquis,
1321 3025 1372 3097 qui

310 3209 352 3276 (l)
372 3207 436 3258 Sese.
450 3225 505 3258 xxv.
517 3225 570 3273 cap.
582 3209 615 3258 iii.
628 3209 657 3258 do
669 3211 830 3271 Regularibus
842 3220 866 3260 et
876 3211 1035 3262 Monialibus

310 3296 353 3361 (2)
369 3295 397 3344 ln
410 3295 468 3359 ipsis
481 3295 613 3359 primordiis
626 3296 741 3344 Ecclesia>
759 3296 857 3360 plurimi
874 3307 969 3360 propter
984 3298 1110 3348 Christum
1128 3315 1153 3346 se
1170 3297 1262 3346 divitiis
1280 3299 1372 3361 spolia·

275 3389 346 3430 runt:
364 3378 440 3428 “The
453 3379 559 3429 exercise
571 3380 599 3427 ol
607 3380 699 3444 charity
711 3381 759 3429 and
771 3391 896 3444 contempt
909 3382 937 3430 os
945 3383 986 3430 the
999 3383 1073 3430 world
1086 3386 1110 3431 in
1122 3399 1171 3446 any
1184 3383 1372 3452 extraordinary

278 3463 372 3526 degree,
381 3481 407 3514 as
420 3465 493 3514 when
505 3481 560 3513 men
574 3481 634 3526 gave
646 3481 678 3528 up
690 3464 751 3514 their
764 3465 843 3514 whole
855 3474 930 3514 estate
943 3475 967 3514 to
977 3467 1017 3515 the
1029 3466 1118 3515 service
1130 3468 1158 3514 ol
1167 3467 1231 3525 God,
1246 3483 1273 3514 or
1286 3483 1330 3516 use
1349 3469 1378 3515 of

280 3550 322 3600 the
333 3567 399 3615 poor,
410 3565 461 3600 was
472 3551 574 3600 another
586 3549 656 3611 thing
668 3551 720 3599 that
732 3567 791 3612 gave
804 3567 860 3600 men
878 3551 918 3600 the
930 3551 1113 3600 denomination
1132 3552 1179 3600 end
1198 3551 1250 3600 title
1267 3552 1296 3600 ol
1310 3568 1378 3601 esee·

280 3634 349 3684 ties.”
383 3635 507 3696 Binqham
519 3634 739 3698 Antiq.l.vii.ci.
773 3635 800 3682 S.
813 3635 981 3696 Augustinum
999 3651 1056 3684 eum
1073 3635 1125 3684 suis
1136 3635 1228 3684 clericis
1240 3635 1297 3684 vitae
1309 3652 1376 3685 com·

280 3717 362 3768 munis
373 3719 491 3768 rationem
501 3718 582 3768 iniisse
592 3718 701 3769 abdicato
713 3719 863 3784 proprietatis
871 3721 926 3784 jure
934 3720 1028 3779 fatetur,
1037 3720 1116 3769 citatis
1123 3720 1161 3769 his
1170 3719 1248 3768 vorbis
1258 3737 1264 3768 :
1275 3727 1290 3750 ‘⁶
1301 3720 1379 3770 Volui

280 3803 400 3854 heterein
416 3803 461 3852 ista
478 3803 551 3852 domo
568 3802 675 3867 episcopi
691 3820 773 3870 meum
792 3804 963 3854 monasterium
981 3804 1130 3856 elericorum.
1165 3805 1232 3854 Eece
1249 3805 1376 3868 quomodo

280 3887 391 3938 vivimus.
425 3886 496 3937 Nulli
507 3886 562 3936 licet
578 3887 603 3936 in
620 3885 733 3935 societate
751 3887 838 3936 hebere
850 3887 938 3950 aliquid
952 3887 1100 3952 proprium.”
1134 3887 1212 3938 Serm.
1226 3888 1286 3938 xlix.
1299 3889 1328 3937 de
1341 3888 1377 3939 di-

281 3975 362 4023 versis.
397 3973 459 4024 Vide
471 3973 603 4035 Bingham,
617 3971 772 4036 Antiquities,
785 3974 800 4022 l.
812 3973 851 4022 vii.
864 3990 884 4022 c.
897 3972 921 4021 ii.

311 4058 352 4120 (³)
373 4057 436 4106 Vide
444 4057 648 4106 constitutionem
661 4055 770 4117 Gregorii
781 4055 851 4104 Xlll.
884 4063 899 4086 “
910 4055 1062 4106 decendente
1072 4055 1208 4106 Domino.”

315 4141 355 4204 (4)
375 4140 475 4192 Lessius
486 4142 516 4191 de
527 4142 541 4191 J
545 4141 624 4209 ustitia
636 4149 660 4190 et
668 4143 730 4206 jure,
742 4157 763 4190 c.
775 4141 808 4189 iv.
821 4145 834 4200 ς
851 4144 871 4190 l.
884 4139 948 4190 Dub.
958 4157 980 4188 v.

314 4225 356 4288 (6)
377 4225 440 4274 Vide
453 4225 563 4276 Garriere
575 4228 605 4276 de
616 4227 631 4276 J
634 4227 715 4276 ustitia
724 4236 750 4276 ct
756 4229 820 4293 jure,
833 4225 889 4277 Vol.
901 4226 917 4274 i.
928 4243 978 4292 par.
993 4227 1014 4274 1.
1027 4231 1041 4286 ς
1059 4230 1079 4276 Ι.
1090 4241 1111 4276 e.
1123 4226 1154 4274 iv.

314 4308 357 4372 (6)
378 4305 440 4370 Gap.
451 4309 483 4356 vi.
494 4310 524 4358 de
536 4311 609 4360 Statu
622 4311 735 4360 monach.

316 4393 358 4460 (7)
378 4391 441 4440 Sem.
453 4407 511 4441 xxv.
521 4409 574 4458 cap.
583 4394 607 4442 ii.
625 4395 655 4444 de
667 4395 728 4457 Reg.
739 4404 764 4446 et
775 4395 844 4446 Mon.
