3078 5258
702 1151 844 1261 oieu'r
867 1199 922 1261 111.

577 1421 616 1460 nit
637 1418 925 1461 lmunrnure‘rlotttt
947 1416 1061 1458 mevit.

313 1587 362 1642 32.
383 1582 631 1641 lucraremur-10
645 1579 818 1639 authentica
827 1578 924 1656 legum
937 1599 971 1638 ea
983 1579 1087 1638 dicitur
1099 1595 1162 1650 quae
1176 1578 1210 1636 ab
1220 1578 1283 1655 ipso
1292 1581 1365 1656 legis

272 1683 358 1740 latore
372 1681 568 1757 proficiscitur,
583 1679 628 1737 vel
642 1679 698 1737 alio
719 1679 864 1755 potestatis
884 1679 1013 1757 ejusdem
1031 1676 1155 1736 haeredc.
1197 1678 1248 1736 Sic
1268 1680 1366 1738 Ponti-

273 1782 342 1840 fices
362 1781 441 1859 leges
461 1798 538 1848 suas,
559 1778 605 1838 vel
627 1778 809 1837 decessorum
823 1796 949 1847 suorum,
971 1779 1030 1836 imo
1043 1785 1072 1835 et
1091 1777 1277 1836 conciliorum
1291 1799 1366 1837 oecu·

274 1882 461 1948 meniconim,
475 1879 721 1939 constitutionibus
735 1879 795 1936 suis
809 1876 900 1935 solent
913 1877 1105 1953 interpretari:
1128 1875 1179 1933 sed
1198 1884 1227 1934 et
1239 1878 1368 1937 institue-

274 1989 339 2040 mnt
351 1989 455 2038 coetum
465 1979 607 2052 quendam
621 1977 728 2039 dictum
742 1986 762 2014 “
775 1978 806 2035 S.
821 1978 1069 2054 congregationem
1079 1975 1193 2034 concilii
1203 1975 1369 2038 Tridentini

274 2077 491 2154 interpretum‚”
505 2079 586 2154 cujus
600 2086 644 2135 est
663 2076 803 2135 declarare
818 2094 935 2136 sensum
955 2095 1098 2134 canonum
1118 2075 1367 2147 Tridentinorum,

275 2185 303 2234 et
323 2177 388 2235 lites
408 2175 443 2234 dc
469 2193 504 2234 eo
529 2185 604 2234 ortas
630 2174 773 2244 dirimere,
795 2175 940 2252 pontificia
966 2175 1179 2234 confirmatione
1203 2177 1368 2236 accedente.

275 2275 344 2335 Vim
357 2276 429 2352 legis
442 2275 526 2334 habet
538 2273 699 2334 authentica
718 2275 920 2351 interpretatio,
934 2276 986 2332 rite
1005 2275 1199 2352 promulgata:
1221 2294 1285 2348 quae
1300 2275 1369 2335 verd

274 2375 453 2451 promulgata
465 2393 524 2433 non
538 2382 591 2442 est,
605 2393 640 2433 eo
653 2393 744 2447 usque
758 2375 832 2431 valet
845 2385 984 2446 quatenus
998 2375 1027 2434 iu
1040 2374 1103 2451 lege
1113 2375 1175 2452 jam
1188 2393 1292 2433 seusus
1301 2395 1371 2435 con·

274 2473 430 2532 tiuebatur:
452 2473 530 2546 quod
550 2473 659 2547 siquid
676 2473 818 2551 adjectum
838 2473 931 2542 fuerit,
952 2493 1010 2532 non
1030 2474 1134 2550 obligat
1153 2475 1369 2535 conscientiam.

274 2571 470 2650 Interpretatio
491 2574 589 2651 legum
608 2571 786 2633 doctrinalis
813 2583 909 2632 esest
930 2593 993 2646 quae
1020 2574 1117 2632 nititur
1134 2574 1371 2652 jurisperitorum

275 2691 428 2743 consensu,
442 2674 492 2747 qui
504 2675 601 2751 magui
615 2676 716 2733 merito
729 2675 770 2743 fit,
785 2674 914 2748 quamvis
928 2692 986 2732 non
997 2682 1103 2731 certam
1114 2662 1372 2735 obtineatauctori·

274 2784 371 2833 tatem.
413 2772 600 2834 Consuetudo
619 2775 732 2854 publica
751 2786 780 2834 et
798 2775 965 2833 universalis
985 2773 1104 2832 habetur
1123 2774 1209 2831 etiam
1230 2777 1373 2852 “optima

275 2873 373 2949 legum
386 2867 574 2950 interpres.''¹

316 2973 365 3027 33.
388 2970 422 3027 ln
441 2971 504 3046 lege
527 2969 695 3045 explicanda
716 2973 816 3030 obvius
838 2975 988 3031 verborum
1008 2989 1110 3029 seusus
1130 2972 1296 3031 retinendus
1319 2985 1373 3042 est,

277 3068 350 3124 serie
373 3068 507 3125 orationis
527 3067 603 3124 haud
623 3069 762 3146 neglecta.
804 3071 853 3129 Sic
874 3071 923 3132 lex
946 3071 1094 3130 anathema
1116 3072 1259 3130 intentans
1280 3073 1307 3130 ei
1326 3074 1374 3148 qui

276 3165 413 3224 violentas
427 3183 527 3224 manus
541 3165 650 3227 clericis
664 3169 802 3244 injecerit,
817 3172 919 3229 merito
942 3181 1075 3230 censetur
1096 3189 1163 3230 eum
1184 3172 1269 3230 etiam
1292 3191 1375 3232 eom·

277 3265 364 3343 plecti
374 3265 424 3338 qui
437 3265 493 3325 telo
506 3267 635 3343 percutit.

317 3369 367 3425 34.
390 3374 408 3402 ‘⁶
421 3365 478 3425 Ubi
490 3366 538 3425 lex
550 3386 609 3425 non
622 3367 779 3446 distinguit,
791 3388 883 3442 neque
893 3388 946 3429 noe
955 3369 1162 3447 distinguemus
1171 3361 1220 3427 :”²
1238 3381 1375 3428 censetur

277 3466 549 3527 scilicetlexomues
557 3485 651 3526 rerum
662 3487 744 3530 casus
752 3469 912 3546 complecti,
922 3471 971 3542 qui
980 3469 1071 3528 verbis
1080 3469 1373 3545 comprehenduntur.

317 3571 367 3626 35.
389 3566 761 3644 “Intelligentiadictorum
782 3589 820 3627 ex
840 3571 932 3627 causis
956 3579 1000 3627 est
1022 3568 1193 3627 assumenda
1206 3559 1374 3628 dicendi.'’³

279 3667 321 3723 Ut
333 3666 397 3737 quis
411 3676 535 3724 mentem
554 3668 648 3742 legem
662 3669 778 3727 ferentis
798 3678 907 3736 noscat,
928 3677 1040 3745 oportet
1057 3678 1089 3726 ut
1107 3688 1168 3728 rem
1188 3668 1223 3726 de
1238 3687 1294 3741 qua
1307 3687 1374 3746 age·
1475 3745 1480 3756 Ι

277 3765 359 3822 batur
372 3772 551 3840 perspectam
563 3763 682 3822 habeat:
705 3785 781 3844 saepe
801 3769 879 3826 enim
902 3768 1035 3844 specialis
1056 3765 1134 3826 inest
1151 3768 1195 3825 vis
1217 3769 1311 3838 verbis
1335 3786 1373 3826 ex

279 3863 431 3923 occasione
444 3880 478 3920 ea
490 3861 663 3939 proferendi.

318 3968 367 4022 36.
388 3961 423 4024 ln
445 3963 511 4042 lege
534 3981 593 4022 non
615 3963 682 4022 licet
704 3966 893 4042 argumentari
915 3986 932 4024 a
953 3967 1024 4044 pari,
1047 3966 1106 4024 imo
1127 3984 1181 4024 uec
1202 3966 1367 4024 afortiori:

279 4079 367 4135 quum
381 4064 459 4122 euim
471 4064 519 4122 lex
533 4063 654 4140 pendeat
674 4083 711 4122 ex
730 4065 842 4124 arbitrio
862 4084 925 4123 eam
938 4066 1064 4133 ferentis,
1078 4065 1182 4140 poterit
1201 4064 1371 4144 contingere

279 4161 352 4219 utin
366 4178 396 4218 re
409 4162 470 4238 pari
482 4161 681 4224 nolucriteam
700 4165 759 4224 vim
778 4164 892 4222 habere.
934 4166 983 4224 Sic
1003 4166 1157 4241 suspensio
1180 4183 1243 4238 quae
1264 4174 1372 4224 statuto

317 4332 359 4398 (l)
380 4331 443 4397 Cap.
454 4332 504 4383 viii.
516 4332 546 4384 dc
557 4303 700 4386 comuettid.
825 4340 867 4406 (2)
886 4337 953 4400 Lege
964 4338 1005 4388 vii.
1016 4337 1046 4389 de
1052 4335 1150 4404 public.
1163 4339 1192 4388 in
1203 4353 1256 4389 rem
1268 4338 1373 4389 actione.

582 4416 624 4483 (3)
643 4417 703 4483 Cap.
715 4419 746 4470 vi.
757 4418 787 4470 de
798 4420 854 4472 verb
865 4420 955 4490 signis.
