3076 5260
271 517 331 574 364
423 511 480 572 DE
502 505 861 570 OBLIGATIONIBUS
881 505 1216 566 RELIGIOSORUM.

273 678 446 740 obstantibus
469 673 730 743 consuetudinibus,
745 673 912 753 privilegiis,
926 683 987 732 616.
1022 673 1367 732 Exeommunicationem

275 777 361 856 Papa
369 785 538 838 reservatam
548 773 791 848 contrahitquiad
803 773 909 834 malum
922 772 1009 831 finem
1023 767 1203 848 ingreditur.¹
1223 771 1367 848 Episcopi

275 878 305 936 in
317 876 450 936 omnibus
463 875 642 934 monasteriis
655 875 710 933 sibi
724 874 859 950 subjectis
882 870 1033 939 ordinaria,
1052 871 1083 930 in
1105 871 1167 930 aliis
1186 869 1257 928 verb
1281 869 1365 928 Sedis

277 975 451 1052 Apostoliee
478 975 653 1041 auctoritate,
680 963 1125 1032 6166666616666611166616116162
1139 971 1226 1047 juxta
1245 969 1370 1028 Triden-

277 1076 368 1134 tiuum
381 1073 523 1132 decretum
534 1072 704 1133 custodiunt.

316 1177 365 1231 61.
386 1173 529 1248 Episcopi
551 1173 581 1230 iu
601 1171 712 1229 casibus
733 1169 902 1228 necessariis
923 1174 1045 1245 possunt
1063 1167 1175 1244 ingredi
1195 1167 1370 1226 monasteria

276 1289 333 1328 sue
347 1271 514 1338 dioecesseo3
529 1270 580 1328 sed
588 1271 671 1347 juxta
684 1267 926 1327 constitutionem
941 1266 1073 1344 Gregorii
1088 1267 1173 1325 XIII.
1189 1265 1317 1334 Dubiis,
1330 1270 1368 1324 23

277 1367 457 1437 Decembris,
486 1373 575 1437 1581,
597 1386 715 1428 neeesse
738 1377 835 1428 estut
863 1375 883 1401 “
894 1367 1018 1432 Psalmi,
1041 1375 1099 1424 tam
1121 1367 1274 1424 seculares
1300 1363 1369 1444 (sive

279 1468 419 1545 episcopi,
432 1468 492 1526 sive
506 1466 673 1526 cardinales
687 1466 755 1544 sint)
770 1485 855 1540 quam
868 1465 1025 1542 Regulares
1039 1464 1231 1540 Ingrediantur
1243 1465 1372 1522 comitati
1478 1513 1481 1520 .

279 1568 377 1644 paucis
390 1567 531 1644 personis,
546 1567 639 1638 iisque
652 1567 821 1632 senioribus,
842 1575 870 1622 et
882 1563 1034 1640 religiosis,
1049 1565 1102 1622 sub
1117 1583 1203 1640 poena
1215 1565 1245 1622 iu
1259 1564 1370 1639 episco-

280 1683 331 1741 pos
345 1665 577 1724 contrafacientes
591 1663 730 1730 interdicti
744 1683 779 1722 eo
792 1665 857 1740 ipso
870 1663 905 1720 ab
915 1663 1046 1738 ingressu
1059 1663 1198 1720 Ecclesiae
1212 1681 1266 1738 pro
1279 1663 1373 1739 prima

278 1764 351 1830 vice,
372 1782 424 1839 pro
442 1763 569 1822 secunda
590 1763 788 1840 suspensionis
811 1760 1070 1828 aPontificalibus,
1091 1771 1120 1818 et
1141 1781 1158 1818 6
1180 1761 1299 1830 diuinis,
1320 1781 1372 1838 pro

280 1860 370 1929 tertia,
393 1873 422 1918 et
440 1863 620 1920 ulterioribus
641 1861 954 1926 excommunicationis,
976 1859 1141 1934 privationis
1163 1861 1371 1937 cujuscumque

282 1959 369 2018 officii
382 1969 411 2018 et
423 1956 621 2019 ministerii.‘’³

321 2063 369 2116 62.
401 2056 482 2116 “Ex
505 2056 715 2116 Constitutione
738 2055 893 2115 Alexandri
912 2055 980 2114 1111.
995 2054 1100 2124 Felici,
1125 2061 1161 2114 10
1182 2058 1371 2125 Novembris,

285 2160 373 2224 1661,
387 2156 494 2233 prelati
508 2156 664 2234 Regulares
683 2175 741 2214 non
762 2165 883 2232 possunt
901 2154 1013 2230 ingredi
1032 2155 1190 2213 clausuram
1204 2157 1374 2215 monialium

282 2257 338 2314 sibi
351 2255 551 2332 subjectarum.
585 2255 609 2314 1.
631 2255 699 2314 Nisi
712 2254 803 2314 semel
816 2257 846 2314 in
859 2273 933 2312 anno
946 2271 983 2312 ex
997 2273 1082 2312 causa
1092 2255 1262 2312 visitationis
1276 2255 1372 2314 localis

281 2352 417 2410 faciendae
431 2373 483 2430 per
495 2373 526 2410 66
544 2356 632 2429 16666,
647 2373 705 2413 666
726 2373 778 2431 per
797 2354 972 2420 substitutos,
991 2372 1056 2411 eum
1077 2353 1238 2412 6661616666
1255 2363 1375 2428 quatuor

281 2449 448 2508 monialium
459 2469 496 2508 ex
509 2451 668 2510 senioribus
678 2453 762 2510 unica
771 2450 829 2519 die,
838 2461 903 2526 post
912 2462 1016 2519 ortum,
1030 2462 1058 2510 et
1068 2461 1283 2512 ante.oocasum
1296 2453 1374 2520 solis,

282 2548 359 2608 nulla
371 2557 485 2625 sumpta
496 2549 526 2607 in
539 2551 710 2609 monasterio
729 2550 894 2609 resectione.
937 2550 977 2608 Et
996 2558 1061 2608 tunc
1075 2553 1100 2608 si
1113 2551 1251 2610 Visitator
1265 2553 1302 2610 611
1315 2551 1374 2609 Ge-

284 2649 396 2717 neralis,
417 2649 509 2725 possit
530 2667 629 2708 secum
652 2649 754 2708 ducere
776 2649 847 2708 duos
870 2649 965 2708 socios
988 2651 1032 2707 sui
1056 2649 1192 2708 Ordinis:
1214 2652 1240 2708 si
1263 2652 1335 2710 alius
1359 2671 1375 2708 a

286 2747 431 2816 Generali,
450 2767 541 2808 unum
560 2757 678 2817 tantum,
699 2767 855 2821 numquam
878 2749 908 2805 in
930 2757 994 2806 6616
1015 2749 1192 2816 visitationis,
1214 2751 1375 2808 abinvicem

283 2844 443 2922 separandi.
476 2846 517 2907 ll.
539 2847 572 2904 Si
585 2850 621 2907 ob
643 2848 776 2907 clausurae
790 2845 957 2915 custodiam,
972 2856 1019 2904 aut
1031 2848 1067 2904 ob
1080 2848 1163 2906 aliam
1176 2858 1330 2924 urgentem
1343 2867 1374 2906 ao

284 2945 473 3002 necessariam
496 2965 612 3004 oausam
632 2946 738 3022 pluries
758 2947 788 3002 in
810 2964 885 3004 anno
904 2945 1014 3022 ingredi
1034 2965 1107 3022 opus
1127 2947 1242 3015 habent,
1263 2946 1376 3024 ingredi

283 3040 387 3097 debent
399 3058 455 3097 una
468 3060 534 3100 cum
548 3043 686 3118 episcopo
699 3043 868 3110 dioeeeseos,
883 3045 929 3101 vel
946 3061 1069 3120 persona
1082 3046 1276 3104 ecclesiastica
1288 3065 1376 3104 6666-

218 3211 229 3231 .
282 3136 334 3194 lari
356 3138 391 3196 ab
410 3137 511 3197 eodem
532 3140 692 3216 specialiter
711 3141 851 3217 deputata.
893 3142 948 3200 111.
970 3142 1170 3202 visitationem
1193 3146 1376 3220 personalem

284 3255 418 3314 peragere
432 3237 535 3297 debent
547 3238 582 3297 ad
595 3249 684 3298 crates
697 3250 776 3299 extra
789 3251 869 3317 septa
887 3243 1060 3310 monasterii,
1075 3241 1173 3301 itidem
1185 3262 1239 3320 per
1252 3245 1375 3320 seipsos,

284 3347 313 3392 et
325 3354 383 3394 non
396 3355 448 3413 per
460 3335 677 3397 6611611161οεῖΜ

325 3439 373 3492 63.
395 3437 488 3496 Extra
500 3456 581 3496 suam
595 3437 743 3496 dioecesIm
756 3439 884 3520 episcopi
904 3455 1002 3513 poenas
1025 3439 1170 3498 incurrunt
1191 3461 1207 3497 a
1223 3442 1291 3518 jure
1305 3441 1375 3499 latas

283 3534 308 3591 si
322 3533 428 3608 absque
440 3536 555 3595 11666116
569 3535 1036 3605 0611666161666666666666116,
1054 3539 1246 3616 ingrediantur
1260 3558 1376 3598 monas·

285 3633 386 3690 terium
399 3653 406 3689 :
422 3643 442 3669 “
453 3635 505 3692 661)
515 3634 617 3692 iisdem
631 3637 725 3712 poenis
738 3635 914 3694 interdicitur
926 3635 1092 3713 hujusmodi
1105 3639 1252 3715 ingrersus
1262 3641 1379 3713 quibus·

261 3727 263 3732 ’
284 3748 408 3802 eumque
426 3732 568 3806 personis,
583 3734 668 3791 etiam
689 3735 721 3792 S.
737 3735 774 3792 R.
788 3735 826 3794 E.
843 3733 1053 3804 cardinalibus,
1067 3735 1184 3814 Legatis
1205 3737 1331 3806 6161616,
1346 3751 1376 3798 61

285 3825 458 3890 Nunoiis.’'⁵

323 3933 372 3990 61.
393 3937 414 3965 “
424 3928 459 3987 16
472 3930 583 3988 casibus
602 3931 803 3998 necessariis,”
818 3931 911 3990 danda
929 3941 974 3989 est
991 3933 1123 3992 licentia:
1145 3936 1170 3992 si
1184 3945 1278 3994 autem
1293 3933 1376 3993 detur

318 4145 359 4207 (1)
379 4143 449 4194 Decr.
463 4147 489 4194 S.
501 4149 529 4197 G.
543 4147 698 4200 (16666666
714 4149 785 4197 1602.

318 4225 360 4290 (2)
371 4225 436 4277 Sese.
449 4244 506 4277 xxv.
518 4247 571 4295 cap.
583 4248 606 4280 v.
619 4233 649 4281 de
661 4232 722 4295 Iieg.
734 4240 759 4281 et
771 4231 872 4282 Monial.

318 4310 636 4442 (6131166161111666116
651 4317 741 4368 Ρ66111.
750 4335 800 4382 par.
808 4317 832 4378 ii,
846 4321 859 4377 §
872 4319 919 4368 clx.
1057 4320 1099 4385 (4)
1115 4319 1214 4368 Ibidem.

317 4395 359 4459 (b)
402 4391 407 4402 '
425 4409 472 4444 em.
