3146 5266
553 505 609 562 DE
630 503 744 562 LEGE
766 501 967 564 NATURAE.
1266 517 1304 572 59

213 684 289 734 certo
302 691 333 730 se
346 672 436 748 ligant
447 668 565 735 saedere,
586 686 643 742 quo
655 670 766 743 possint
784 688 948 746 permanere
969 672 1122 750 conjuncti.
1165 675 1262 734 Nemo
1275 678 1305 736 in

214 776 330 832 alterum
348 772 413 848 jure
426 779 532 828 naturae
555 768 624 840 quid
636 767 718 835 valet,
733 768 784 825 sed
804 787 902 826 omnes
923 772 1026 847 pariter
1036 771 1117 830 liberi
1129 784 1216 831 sunt:
1238 785 1305 832 atta·

213 891 279 930 men
293 871 414 929 servitus
424 871 489 946 jure
502 869 629 943 gentium
642 864 755 924 inducta
767 880 819 924 est.
861 868 985 945 Imperia
997 870 1081 929 etiam
1094 873 1178 930 variis
1191 873 1306 932 rationi·

214 974 266 1030 bus
287 969 447 1036 constituta,
467 966 632 1024 homiuibus
645 965 681 1022 ad
701 985 791 1024 unum
810 966 856 1023 vel
874 967 968 1042 plures
990 987 1085 1027 rerum
1098 971 1306 1031 solicitudinem

215 1080 244 1128 et
268 1068 461 1127 auctoritatem
486 1066 728 1132 transferentibus,
754 1075 786 1123 ut
810 1069 956 1126 communi
980 1069 1188 1144 prospiceretur
1212 1071 1304 1130 saluti.

215 1169 296 1226 Deus
321 1166 467 1243 potestatis
492 1164 651 1240 regiminis,
678 1183 857 1238 quacumque
877 1168 982 1225 ratione
1004 1167 1129 1244 legitima
1148 1187 1186 1227 ex
1208 1171 1306 1247 populi

216 1268 357 1325 voluntate
377 1272 551 1331 exerceatur,
565 1262 664 1320 merito
688 1263 846 1322 censendus
868 1274 912 1322 est
931 1276 1036 1335 auctor,
1050 1285 1138 1339 quum
1159 1269 1307 1327 instinctus

216 1385 273 1439 quo
287 1365 341 1422 sibi
354 1364 396 1420 sic
410 1363 561 1420 considunt
573 1365 608 1420 ab
620 1381 656 1420 eo
669 1363 819 1420 derivetur.
861 1365 990 1422 Potestas
1010 1385 1143 1442 suprema
1155 1368 1185 1424 in
1196 1367 1307 1444 legibus

216 1464 340 1523 ferendis
363 1471 521 1529 exercetur,
536 1463 566 1519 in
588 1461 692 1520 mendo
715 1461 823 1530 ordine,
838 1473 867 1520 et
887 1465 918 1522 in
938 1464 1108 1522 ulciscendis
1122 1466 1231 1542 injuriis
1245 1484 1307 1538 quae

218 1564 295 1641 genti
313 1562 384 1620 fiunt
397 1563 431 1618 ab
444 1561 538 1619 aliena
557 1562 675 1629 ratione,
690 1560 736 1620 vel
755 1561 785 1618 in
804 1563 954 1638 puniendis
968 1564 1073 1624 civium
1093 1565 1256 1632 sceleribus,
1270 1581 1306 1622 ne

219 1662 295 1719 salus
309 1661 435 1718 omnium
448 1661 628 1736 periclitetur.

259 1765 289 1818 8.
311 1759 425 1817 Divisio
438 1777 528 1816 rerum
548 1778 610 1831 quae
627 1761 693 1835 jure
707 1759 833 1834 gentium
846 1760 960 1818 inducta
972 1770 1024 1828 est,
1041 1761 1099 1837 juri
1118 1770 1222 1818 naturae
1243 1779 1309 1818 con·

219 1860 337 1917 veniens
356 1867 425 1926 erat,
440 1877 528 1930 quum
550 1857 643 1916 ordini
662 1866 691 1914 et
711 1859 776 1932 paci
798 1859 910 1934 generis
932 1859 1049 1916 humani
1068 1859 1109 1915 sic
1129 1859 1308 1916 consulatur:

220 1968 391 2034 quapropter
402 1959 472 2014 ratio
485 1957 570 2014 dictat
583 1975 645 2014 earn
659 1955 837 2024 servandam,
851 1975 904 2014 nec
918 1957 1023 2028 absque
1036 1957 1171 2034 injustitia
1183 1957 1291 2014 violari.

260 2061 288 2114 9.
311 2057 438 2128 Quisque
452 2065 568 2114 caeteros
592 2056 723 2113 homines
744 2055 827 2113 debet
846 2055 948 2114 affectu
961 2057 1106 2132 prosequi,
1121 2073 1228 2128 eosque
1242 2065 1311 2114 trao-

219 2165 275 2213 tare
289 2157 421 2232 benigne,
435 2174 493 2228 qua
504 2154 592 2211 vellet
603 2154 710 2210 ratione
730 2155 765 2208 ab
784 2156 820 2218 iis
832 2154 939 2210 haberi.
982 2155 1072 2230 Igitur
1084 2155 1311 2214 subveniendum

220 2254 421 2331 indigentibus,
449 2261 478 2310 et
499 2251 563 2308 data
585 2252 744 2318 occasione,
767 2252 926 2325 prestanda
944 2263 1011 2310 sunt
1035 2255 1131 2311 omnia
1152 2253 1311 2312 dilectionis

221 2353 322 2411 officia.
365 2351 452 2410 Fides
465 2353 497 2409 in
515 2350 675 2426 promissis,
695 2360 724 2407 et
736 2350 838 2406 veritas
851 2351 881 2407 in
900 2350 982 2408 dictis
1000 2352 1137 2409 servanda
1156 2363 1208 2409 est.
1251 2353 1313 2410 Sibi

221 2471 280 2529 prae
293 2453 380 2509 altero
394 2453 514 2523 quisque
528 2448 651 2507 consulit
666 2449 696 2505 in
709 2449 744 2505 iis
758 2467 821 2522 quae
834 2450 945 2523 utrique
957 2461 1023 2508 sunt
1034 2452 1130 2527 paria:
1153 2451 1203 2508 sed
1212 2453 1312 2510 anirnae

221 2552 348 2625 corporis
361 2550 494 2608 utilitates
518 2547 675 2621 quaerendae
696 2558 769 2615 sunt,
793 2558 822 2606 et
834 2550 992 2608 maximum
1005 2550 1118 2608 alterius
1131 2551 1313 2609 commodum

221 2650 281 2706 levi
305 2658 401 2708 nostro
427 2647 617 2706 emolumento
651 2646 818 2721 plerumque
845 2648 1067 2706 anteferendum.
1116 2648 1190 2706 Haec
1227 2650 1314 2708 veluti

224 2766 341 2804 summa
353 2755 421 2803 sunt
433 2747 522 2820 capita
532 2745 603 2821 legis
616 2755 732 2802 naturae.

267 2850 314 2903 10.
336 2845 426 2922 Legis
439 2845 568 2902 naturalis
581 2845 624 2900 vis
639 2845 673 2900 ab
687 2853 789 2900 aeterna
799 2843 856 2901 Dei
869 2843 933 2919 lege
947 2841 1095 2910 derivabit,
1110 2861 1194 2915 quarn
1208 2843 1312 2902 violare

223 2945 385 3004 censendus
399 2953 443 3000 est
462 2944 644 3016 quicumque,
665 2942 773 3000 lumine
795 2944 912 3001 rationis
932 2942 1094 3019 affulgente,
1117 2942 1315 3020 cupiditatibus

224 3045 317 3120 pravis
332 3043 505 3114 obsequitur.
547 3043 703 3100 Peccatum
716 3041 821 3100 idcirco
834 3041 954 3099 admittit
966 3061 1023 3100 non
1036 3061 1113 3100 mere
1130 3041 1316 3121 pbilosophi-

226 3161 302 3211 cttm,
318 3142 396 3215 quod
408 3141 524 3198 rationis
538 3139 737 3197 dictaminibus
757 3141 922 3217 refragetur,
937 3140 988 3198 sed
1008 3140 1220 3218 theologicum,
1234 3142 1316 3214 quale

225 3243 333 3300 scilicet
345 3240 472 3318 theologi
485 3247 653 3314 agnoscunt,
668 3247 697 3294 et
709 3239 738 3296 in
758 3240 815 3298 Dei
828 3239 1017 3298 offensionem
1036 3241 1162 3307 incurrit,
1176 3259 1241 3298 nam
1256 3241 1317 3315 ejus

225 3341 397 3396 voluntatem
410 3337 651 3412 transgrediendo,
667 3336 734 3394 dum
753 3339 854 3396 rationi
872 3346 1019 3414 repugnat,
1040 3339 1193 3396 Auctorem
1214 3346 1318 3395 naturae

227 3447 357 3496 censetur
369 3436 472 3495 laedere
486 3455 519 3494 ac
533 3453 677 3512 spernere,
688 3434 754 3494 licet
766 3437 801 3495 dc
815 3437 880 3511 ipso
892 3437 986 3493 forsan
1005 3455 1063 3493 non
1072 3438 1188 3510 cogitet.
1231 3435 1319 3491 Dam-

229 3545 294 3593 nata
312 3545 355 3593 est
376 3535 482 3593 idcirco
504 3534 660 3610 propositio
680 3547 744 3604 quae
764 3534 934 3592 contrarium
955 3534 1110 3588 asserebat:
1136 3533 1320 3588 “Peccatum

230 3633 471 3709 philosophicum,
485 3651 537 3690 seu
550 3632 667 3700 morale,
683 3641 726 3688 est
739 3640 816 3688 actus
830 3630 971 3688 humanus
984 3627 1201 3687 disconveniens
1215 3638 1319 3688 naturae

230 3732 356 3790 rationali
364 3742 482 3790 etreotae
495 3732 615 3789 rationi:
637 3731 828 3806 theologicum
838 3727 905 3788 verti
916 3739 944 3786 et
953 3729 1069 3787 mortale
1079 3739 1123 3788 cst
1135 3731 1320 3807 transgressio

230 3829 316 3888 libera
328 3831 432 3889 divinae
452 3831 534 3907 legis.
575 3828 814 3905 Philosophicum
834 3829 1016 3902 quantumvis
1036 3847 1129 3906 grave,
1151 3831 1180 3886 in
1199 3829 1258 3894 illo,
1273 3830 1322 3898 qui

230 3928 325 3986 Deum
339 3931 386 3987 vel
399 3931 510 4004 ignorat
532 3929 578 3986 vel
591 3927 626 3985 de
640 3927 705 3985 Deo
719 3937 781 3985 actu
794 3945 853 3986 non
865 3929 978 4004 cogitat,
998 3936 1042 3983 est
1060 3943 1145 4002 grave
1164 3933 1321 4001 peccatum,

230 4025 282 4084 sed
295 4045 353 4086 non
367 4038 412 4085 cst
425 4027 535 4084 offensa
554 4027 621 4093 Dei,
635 4043 727 4096 neque
747 4035 894 4102 peccatum
914 4025 1030 4083 mortale
1051 4023 1209 4081 dissolvens
1228 4024 1323 4080 amici·

231 4125 300 4183 tiam
314 4126 382 4194 Dei,
396 4144 490 4198 neque
504 4144 589 4201 poena
609 4132 711 4180 aeterrm
724 4115 891 4200 dignum.”²
930 4121 1075 4193 Equidem
1088 4121 1242 4198 Apostolus
1256 4121 1324 4180 dicit

230 4223 376 4282 interitum
400 4242 515 4283 manere
536 4231 699 4300 peccatores
723 4224 824 4294 quibus
847 4220 943 4278 divina
962 4220 1010 4278 lex
1032 4238 1090 4279 non
1107 4230 1151 4278 est
1168 4221 1323 4298 proposita,

432 4426 474 4491 (l)
488 4426 512 4474 2.
524 4425 606 4477 damn.
616 4427 653 4476 ab.
666 4425 737 4475 Alex.
745 4423 796 4474 viii.
807 4423 847 4474 die
863 4419 896 4470 24
906 4422 973 4486 Aug.
986 4423 1057 4472 1690.
