3146 5266
257 463 295 520 46
464 456 521 516 DE
543 451 835 530 consumunt
854 452 1140 516 SORUPULOSA.

258 624 406 702 scrupulos
419 624 483 696 quis
496 624 584 681 vitare
596 619 697 687 studet,
712 621 839 680 inlatam
854 622 929 680 viam
949 639 1076 698 praeceps
1088 631 1167 692 ruat;
1185 624 1250 702 jugi
1271 626 1348 684 enim

258 724 393 784 dominici
406 732 542 798 pertesus
561 721 642 780 facile
659 719 708 777 fiet
726 720 829 780 diaboli
849 739 957 779 sertus.
998 721 1063 780 Imo
1082 723 1220 799 contingit
1231 733 1263 782 ut
1277 742 1348 797 quos

259 823 431 884 conscientia
442 823 519 900 angit
531 821 566 879 de
579 820 635 880 levi
655 837 833 893 quacumque
854 820 961 897 pcccati
981 821 1089 889 umbra,
1111 823 1207 897 gravia
1221 823 1350 896 quaedam

260 923 360 981 delicta
380 941 437 980 uon
457 923 514 981 sint
532 917 712 979 solicitudiui.
754 919 804 977 Sic
823 919 858 978 de
878 937 962 996 prece
982 919 1105 993 quadam
1123 922 1231 980 omissa
1243 924 1353 999 angitur

258 1022 435 1096 mulierque
449 1021 558 1080 occulta
570 1018 689 1076 aliorum
702 1019 829 1087 crimina,
840 1019 1013 1077 conscientie
1024 1019 1101 1076 haud
1114 1038 1177 1078 eam
1191 1021 1348 1088 mordente,

259 1120 364 1197 pandit.
397 1121 444 1178 De
456 1139 487 1178 re
499 1119 644 1178 levissima
656 1117 701 1174 die
714 1118 867 1178 Dominica
879 1117 1040 1195 peragenda
1050 1118 1147 1187 heret,
1162 1120 1211 1192 qui
1225 1121 1350 1193 alioquin
1405 1119 1408 1124 '

260 1220 371 1296 injustis
385 1219 570 1278 contractibus
584 1215 707 1289 quotidie
721 1217 841 1275 ditescit.

303 1324 350 1376 12.
372 1317 556 1377 Conscientia
566 1314 712 1394 perpleao
728 1316 829 1388 dicitur
850 1315 969 1390 quando·
984 1316 1047 1388 quiq
1068 1333 1106 1372 ex
1126 1316 1256 1374 alterutra
1276 1325 1353 1392 parte
1422 1325 1427 1338 ¹

261 1427 340 1493 putat
352 1417 451 1475 adesse
464 1425 621 1493 peccatum,
636 1414 706 1474 adeo
718 1425 750 1473 ut
762 1417 870 1474 utillum
890 1417 927 1472 sit
938 1412 1088 1490 effugium.
1119 1415 1168 1473 Sic
1181 1415 1239 1472 filia
1259 1415 1355 1472 forsan

261 1528 357 1574 censet
370 1536 401 1575 se
414 1524 602 1592 peccaturam,
616 1515 641 1571 si
654 1515 740 1590 patris
752 1514 899 1572 latibulum
914 1514 990 1571 hosti
1004 1515 1140 1586 quaerenti
1153 1513 1274 1591 detegat,
1289 1533 1354 1572 cum

263 1625 339 1672 certo
353 1616 416 1672 vitae
438 1613 618 1671 discrimine:
631 1613 710 1669 sede
731 1622 827 1670 contra
843 1621 1021 1688 peccaturam
1038 1631 1069 1670 se
1090 1613 1169 1670 novit
1181 1612 1355 1671 mentiendo.

263 1713 312 1770 Sic
325 1723 354 1770 et
366 1713 460 1770 nutrix
473 1712 616 1770 existimat
625 1728 656 1767 se
666 1719 843 1786 peccaturam
853 1712 976 1769 Missam
986 1728 1044 1768 non
1055 1709 1194 1769 audiendo
1208 1710 1252 1769 die
1263 1711 1355 1779 festo3

265 1812 316 1870 sed
338 1832 354 1869 a
376 1811 549 1888 periclitante
569 1808 714 1870 discedere
733 1810 865 1886 religioni
884 1810 971 1869 ducit.
1005 1810 1246 1883 Quotiescumque
1266 1811 1357 1868 menti

264 1913 371 1986 peccati
393 1911 551 1989 periculum
570 1929 608 1969 ex
628 1917 746 1983 utraque
767 1920 846 1987 parte
867 1919 991 1986 apparet,
1012 1909 1125 1968 libertas
1147 1907 1357 1983 quodammodo

263 2009 368 2068 tollitur
381 2012 496 2078 arbitrii,
509 2009 629 2083 ideoque
643 2026 701 2068 non
714 2018 854 2087 peccatur,
874 2010 899 2067 si
912 2009 1009 2068 minus
1022 2008 1099 2082 quod
1112 2008 1224 2068 videtur
1235 2009 1357 2086 eligatur

265 2107 380 2166 malum.
