3076 5260
291 493 351 552 866
478 489 535 550 DE
555 487 795 550 PARENTUM
816 486 1187 551 OBLlGATIONlBUS.

290 651 415 720 modi·'’¹
456 654 534 716 Hinc
546 655 702 716 concilium
720 653 923 714 Tridentinum
941 651 1111 712 anathemoti
1125 653 1251 730 subjecit
1263 653 1378 736 eosqui

294 753 590 830 “quomodocumque
616 753 762 830 coegerint
786 753 909 826 aliquam
934 753 1086 828 virginem,
1112 751 1159 808 rel
1183 750 1312 818 viduam,
1338 759 1385 808 aut

293 853 376 914 eliam
390 871 600 928 quamcumque
613 851 763 910 mulierem
775 852 902 918 invium,
916 859 1106 927 preterquam
1115 850 1266 908 incasibus
1280 850 1383 926 injure

293 952 448 1030 expressis,
463 951 499 1010 ad
511 949 724 1030 ingrediendum
738 951 950 1017 monasterium,
965 946 1010 1006 vel
1023 948 1059 1006 ad
1077 947 1292 1024 suscipiendum
1306 947 1385 1006 habi-

295 1061 356 1110 tum
374 1051 581 1128 cujuscumque
603 1049 776 1126 Religionis,
796 1046 842 1105 vel
864 1046 900 1106 ad
913 1046 1097 1108 emittendam
1117 1046 1385 1122 professionem...

294 1147 389 1208 Simili
402 1167 517 1224 quoque
531 1147 700 1208 anathemati
713 1146 827 1223 subjicit
838 1163 899 1212 eos,
915 1147 964 1218 qui
978 1153 1102 1204 sanctam
1115 1145 1271 1220 virginum,
1280 1144 1328 1201 vel
1340 1143 1386 1200 ali·

293 1263 372 1306 arum
392 1245 544 1306 mulierum
556 1245 729 1304 voluntatem
742 1243 798 1302 veli
818 1244 987 1319 accipiendi,
1001 1243 1047 1302 vel
1060 1244 1118 1302 voti
1136 1241 1295 1310 emittendi,
1317 1259 1385 1314 quo·

293 1361 353 1418 quo
375 1343 462 1404 modo
482 1346 544 1404 sine
563 1345 641 1422 justa
662 1361 750 1402 causa
774 1336 1003 1418 impedierint.”²
1043 1342 1108 1400 Nec
1128 1340 1232 1399 dehent
1253 1350 1385 1418 parentes

295 1459 399 1522 cogere
412 1443 488 1504 lilios
500 1443 712 1502 matrimonium
725 1441 797 1499 inire
810 1439 947 1510 volentes,
961 1439 995 1498 ad
1015 1458 1079 1498 eam
1099 1439 1268 1498 electionem
1284 1439 1386 1498 facien·

296 1540 361 1603 dm
375 1561 438 1615 que
451 1542 505 1602 sibi
518 1540 601 1600 fuerit
612 1529 737 1617 probata,
751 1557 818 1598 nam
839 1547 858 1573 “
867 1555 989 1612 quorum
1002 1557 1098 1610 ¹unum
1120 1556 1223 1615 corpus
1244 1547 1299 1606 est,
1313 1555 1386 1596 unus

296 1639 380 1698 debet
391 1657 455 1698 esse
468 1649 497 1698 et
516 1638 661 1708 animus,”
676 1639 718 1698 uti
736 1635 932 1696 animadvertit
942 1636 1071 1712 pontifex
1091 1636 1214 1695 tiliorum
1228 1637 1386 1695 libertatem

295 1730 469 1796 ιιίιιᾶίιιιιιιι.8
510 1735 654 1794 Οιιῑειιιιιι
667 1736 742 1794 filios
754 1734 836 1792 decet
847 1745 977 1812 parentes
994 1735 1154 1802 consulere,
1168 1754 1223 1794 nec
1243 1735 1280 1792 iis
1294 1735 1386 1792 invit's

295 1834 365 1911 quid
378 1845 484 1896 temere
497 1837 527 1894 in
539 1853 570 1892 re
583 1835 652 1892 tanti
664 1834 802 1894 momenti
814 1842 944 1892 statuere.

336 1937 386 1994 90.
407 1934 521 1994 Debent
528 1935 614 1993 etiam
623 1943 753 2010 parentes
766 1931 939 1990 mediocrem
952 1930 1051 1989 saltem
1065 1929 1197 1990 adhibere
1211 1930 1385 2007 diligentiam

297 2041 329 2090 ut
340 2034 415 2092 bono
427 2033 573 2108 nequirent
585 2033 687 2106 quibus
701 2030 849 2108 providere
862 2030 928 2088 filiis
947 2031 1074 2106 poesint;
1095 2030 1125 2088 in
1144 2030 1180 2087 iis
1200 2028 1270 2088 verd
1291 2030 1386 2107 elargi-

298 2129 379 2190 endis
393 2132 493 2192 merita
500 2131 632 2203 viresque
646 2130 823 2207 singulorum
836 2127 1002 2186 attendenda
1011 2137 1094 2186 suut:
1115 2147 1168 2188 nec
1182 2129 1263 2188 enim
1276 2130 1387 2187 robusto

299 2229 420 2300 homini,
434 2231 521 2304 quiet
533 2229 608 2288 vitiis
622 2229 658 2287 sit
670 2227 792 2296 deditus,
806 2226 1011 2304 suppeditanda
1024 2235 1091 2285 sunt
1103 2246 1165 2301 quas
1178 2226 1324 2304 prodigat,
1337 2245 1386 2286 nec

299 2327 412 2386 infirmo
438 2326 603 2404 deneganda
629 2327 735 2384 auxilia
759 2327 929 2384 necessaria.
970 2325 1006 2384 ln
1026 2326 1166 2384 bonorum
1191 2324 1387 2384 distributione

299 2439 363 2496 que
376 2425 408 2482 fit
420 2425 473 2482 sub
485 2433 617 2490 mortem,
630 2423 728 2499 legum
748 2433 777 2481 et
789 2424 1013 2491 consuetudinis,
1028 2425 1100 2483 sicut
1116 2433 1144 2481 ct
1156 2424 1390 2492 meritorum,ha·

299 2520 392 2580 benda
402 2531 446 2582 est
457 2521 538 2580 ratio.
579 2520 633 2580 Jns
647 2521 731 2580 civile
744 2521 835 2598 exigit
846 2531 878 2579 nt
891 2531 971 2597 pater
989 2522 1055 2580 liliis
1069 2523 1130 2581 suis
1149 2533 1320 2581 testamento
1330 2541 1389 2599 pro·

300 2620 412 2690 videat;
434 2630 453 2658 ‘⁶
464 2621 522 2681 nisi
534 2620 630 2680 forsan
642 2621 832 2696 probabuntur
845 2621 957 2698 ingrati,
972 2631 1001 2678 et
1018 2622 1097 2697 ipsas
1117 2621 1289 2680 nominatim
1302 2623 1389 2698 ingra-

299 2720 427 2780 titudinis
437 2740 536 2782 causas
545 2729 676 2798 parentes
685 2721 914 2780 suoinseruerint
922 2715 1276 2793 testamento,'’⁴alioquin
1283 2721 1389 2779 irritum

301 2819 418 2878 habetur
427 2829 626 2879 testamentum
639 2811 1009 2892 tamquaminofficiosurn.6
1048 2819 1102 2877 Jus
1113 2837 1266 2878 commune
1276 2820 1390 2878 liberam

299 2915 434 2990 relinquit
446 2918 608 2976 facultatem
621 2917 696 2976 bena
708 2936 759 2976 sua
772 2937 824 2994 pro
845 2917 958 2974 arbitrio
977 2915 1180 2976 distribuendi:
1202 2918 1253 2976 sed
1269 2917 1392 2976 naturale

295 3014 345 3088 jus
358 3011 470 3072 videtur
481 3013 623 3090 postulare
636 3023 667 3071 ut
679 3016 845 3072 necessarie
866 3033 966 3074 eorum
985 3017 1183 3076 sustentationi
1202 3017 1307 3074 saltem
1327 3035 1390 3074 cou-

299 3101 433 3168 sulatur.⁶
473 3109 634 3170 cousuevit
655 3112 724 3169 olim
749 3113 778 3170 in
803 3111 948 3188 plerisque
969 3113 1095 3192 Europae
1121 3115 1217 3192 regnis
1244 3113 1392 3173 haeredites

299 3209 384 3268 tribui
396 3208 456 3268 filio
468 3209 569 3288 majori
581 3217 659 3280 nant,
673 3219 785 3288 gravata
798 3219 892 3269 tamen
899 3211 999 3288 legatis
1010 3223 1038 3270 et
1045 3215 1179 3274 oneribus
1188 3213 1218 3272 iu
1225 3223 1391 3273 ceterorum

300 3308 466 3367 utilitatem:
489 3309 540 3368 sed
552 3308 628 3385 apud
640 3327 692 3368 nos
706 3310 838 3368 omnibus
851 3310 917 3368 filiis
937 3319 966 3368 et
984 3311 1095 3370 filiabus
1115 3313 1209 3390 portio
1222 3311 1327 3370 eadem
1339 3312 1392 3368 hae·

300 3405 425 3466 reditatis
439 3409 593 3484 contingit:
616 3425 702 3480 aquo
715 3426 795 3466 more
808 3409 858 3466 vix
870 3407 978 3466 discedi
992 3419 1086 3486 potest
1094 3412 1199 3483 absque
1213 3411 1391 3483 querelarum

301 3515 330 3563 et
342 3505 489 3564 discordie
503 3506 677 3566 discrimine.
719 3506 753 3563 Si
765 3506 839 3565 tilius
853 3508 927 3566 male
940 3526 972 3566 se
981 3510 1112 3586 gesserit,
1120 3519 1148 3566 et
1157 3510 1285 3568 moribus
1299 3509 1390 3567 adhuc

337 3689 380 3756 (l)
400 3688 426 3737 S.
437 3689 586 3748 lhommt.
598 3693 621 3741 2.
631 3706 673 3754 qu.
684 3689 730 3740 cis.
742 3697 784 3739 ert
796 3705 819 3738 v.
854 3690 927 3757 Rerp.

337 3777 374 3836 (2)
392 3772 459 3822 Sese.
470 3789 529 3822 xxv.
541 3789 593 3838 oep.
605 3773 673 3822 xviii.
684 3772 714 3822 de
726 3771 786 3835 Reg.
795 3781 819 3822 et
828 3773 897 3823 Mon.

338 3857 381 3924 (3)
399 3857 460 3924 Cap.
469 3858 499 3907 de
511 3865 581 3922 uupt.
591 3857 658 3906 xxxi.
670 3864 753 3920 quest
763 3857 788 3906 ii.
799 3874 826 3908 n.
836 3861 860 3906 3.
1062 3860 1104 3925 (4)
1123 3859 1189 3909 Nor.
1201 3875 1256 3910 cxv.
1266 3876 1319 3925 cap.
1331 3859 1361 3908 iii

339 3946 382 4011 (o)
403 3943 481 3995 Auth.
493 3941 542 3994 Sat
551 3941 630 4004 lodie,
643 3940 673 3994 0.
684 3941 715 3991 de
726 3941 795 3992 inoff.
804 3950 859 3993 test.

336 4031 379 4096 (θ)
398 4030 475 4080 “The
487 4029 578 4080 writers
587 4045 619 4079 on
631 4028 729 4090 penerel
735 4028 783 4078 lew
796 4029 867 4077 sllow
879 4027 932 4078 thet
943 4037 1040 4093 parents
1052 4045 1109 4094 may
1121 4029 1217 4094 dispone
1228 4031 1258 4080 of
1266 4030 1329 4080 their
1340 4045 1392 4094 pro·

302 4121 371 4177 perty
383 4129 409 4162 es
417 4114 475 4178 they
486 4115 567 4178 plesse
578 4113 638 4164 efter
648 4111 775 4178 providing
787 4112 823 4162 for
834 4112 875 4161 the
886 4128 1014 4177 nacammy
1026 4113 1196 4164 meintenuuoe
1206 4115 1234 4163 of
1244 4114 1307 4164 their
1320 4114 1395 4166 infant

302 4195 417 4255 children,
429 4198 478 4246 end
490 4198 518 4247 of
525 4198 595 4248 those
602 4199 682 4249 edults
694 4198 750 4247 who
762 4213 802 4247 are
814 4203 858 4246 not
869 4197 922 4246 uble
931 4205 956 4246 to
964 4197 1062 4262 provide
1070 4198 1110 4248 for
1118 4197 1289 4248 themselves.”
1308 4197 1393 4248 Kent's

303 4277 400 4329 Oomm.
416 4279 468 4328 Vol.
480 4280 504 4328 it
513 4296 537 4345 p.
548 4284 571 4332 d
582 4281 636 4331 Lec
657 4283 728 4332 xxix.
764 4281 826 4330 Vide
843 4290 868 4331 et
885 4281 998 4332 Grotium
1015 4282 1045 4332 de
1059 4283 1115 4346 jure
1132 4281 1196 4332 Belli
1213 4289 1237 4332 et
1249 4282 1329 4342 Pacis,
1342 4284 1355 4332 l.
1370 4281 1392 4330 ii

302 4386 323 4422 ο,
336 4363 376 4414 vii.
387 4379 412 4414 n.
424 4365 447 4413 ³.
458 4371 483 4414 et
492 4362 647 4425 Bleckstone,
658 4367 675 4416 l.
688 4367 704 4416 i.
715 4383 741 4416 ιι.
751 4367 829 4434 448„
