3078 5258
272 517 332 573 212
492 511 548 570 DE
569 505 746 570 JEJUNIO
766 509 825 570 ET
845 507 1148 569 ABSTINENTIA.

273 687 401 738 octavam
422 685 532 753 partem
554 677 647 734 unciae
662 673 761 755 (quam
781 693 897 752 parvam
919 675 1068 732 materiam
1089 674 1195 732 habent
1215 673 1357 754 theologi)

273 787 381 836 tautum
389 775 552 835 comederit.
578 775 636 842 Qui
644 773 1192 850 duasintegrasrelectionessompserit,
1200 777 1359 851 gravipec

272 877 327 934 cati
339 893 403 934 reus
417 892 532 948 quoque
543 875 678 934 noscitur.
721 871 877 931 Venialiter
887 881 979 930 autem
989 881 1097 947 peccat,
1108 873 1158 945 qui
1168 892 1286 949 parvum
1295 874 1359 946 quid

272 983 351 1033 extra
363 973 518 1051 prandendi
533 984 645 1049 tompus
658 991 715 1031 una
725 981 772 1028 aut
785 972 871 1029 altera
879 973 941 1030 vioe
952 972 1122 1038 comederit3
1144 972 1190 1030 vel
1200 973 1249 1044 qui
1260 971 1359 1045 aliqua·

271 1083 353 1132 tenus
366 1073 485 1132 excedat
497 1073 526 1130 in
539 1073 699 1150 vespertina
712 1071 920 1130 collatiunoula.
962 1070 1043 1129 Duas
1056 1072 1155 1128 uncias
1165 1070 1236 1128 ultra
1248 1089 1359 1128 conces·

211 1238 223 1251 Ν
271 1191 316 1230 sas
331 1191 388 1232 nou
401 1190 465 1230 esse
479 1191 593 1249 gravem
604 1188 756 1228 excessum
770 1172 866 1246 plures
880 1169 979 1227 dicunt
992 1169 1126 1246 theologi.

309 1275 359 1330 48.
381 1269 577 1350 Dispensatio
601 1271 765 1346 Superioris
786 1287 868 1342 aequa
889 1287 926 1326 ex
946 1287 1031 1327 causa
1050 1285 1188 1326 concessa
1207 1279 1359 1328 excusata

266 1371 388 1448 jejunio.
430 1371 589 1449 Legislator
602 1379 696 1446 potest
704 1369 819 1442 quidem
833 1369 939 1441 absque
950 1387 1035 1426 causa
1045 1368 1221 1444 dispensare,
1233 1369 1357 1441 quamvis

271 1480 388 1546 peccet:
411 1471 462 1529 sed
475 1471 524 1544 qul
538 1471 572 1528 ab
585 1471 648 1546 ipso
661 1469 790 1527 derivant
802 1467 984 1545 diepensandi
1006 1467 1177 1534 facultatem,
1199 1486 1233 1525 ea
1252 1468 1291 1526 uti
1314 1485 1358 1524 ne·

270 1571 446 1641 queuntuisi
461 1569 539 1646 justa
558 1567 746 1627 intercedente
766 1585 860 1636 causa,
882 1586 971 1639 quum
991 1584 1025 1624 ea
1043 1565 1206 1650 conditione
1226 1583 1359 1624 concessa

270 1669 449 1744 intelligatur.
492 1667 633 1744 Episcopi
647 1668 676 1725 in
690 1667 750 1723 suis
763 1665 934 1726 dioecesibus
954 1685 1006 1744 pro
1020 1667 1132 1725 casibus
1152 1666 1359 1742 particularibus

270 1765 434 1843 dispensare
447 1776 578 1843 possunt,
592 1785 650 1824 nou
664 1763 729 1823 verb
752 1774 874 1842 prototo
892 1765 1019 1834 dioecesi,
1034 1783 1122 1838 quum
1146 1766 1201 1842 ipsi
1223 1773 1359 1838 nequeant

272 1867 433 1944 Superioris
445 1867 539 1944 legem
551 1867 689 1933 relaxare,
704 1867 802 1924 uisieo
812 1867 1025 1932 consentientet
1046 1866 1096 1937 qui
1105 1865 1170 1941 jure
1184 1863 1359 1940 presumitur

270 1967 354 2034 velle,
377 1975 408 2026 ut
427 1965 638 2025 occurrentibus
656 1965 842 2038 quorumdam
863 1965 1076 2023 necessitatibus
1097 1964 1277 2031 subveniant,
1303 1981 1357 2021 nou

270 2065 336 2122 verb
349 2074 381 2122 ιιι
392 2065 525 2123 omnibus
538 2066 631 2140 legem
644 2065 780 2122 relaxent.
822 2063 865 2120 Ita
878 2064 932 2122 fert
950 2065 1130 2123 communior
1149 2072 1177 2120 et
1189 2064 1358 2138 probabilior

271 2163 419 2230 sententia,
434 2172 505 2222 teste
515 2163 673 2221 Benedicto
688 2155 787 2220 X1V.l
828 2163 950 2221 Parochi
958 2164 1018 2222 suis
1026 2162 1144 2220 subditis
1155 2163 1244 2220 simili
1254 2164 1355 2220 ratione

270 2263 496 2339 dispensationes
510 2262 679 2330 concedunt,
694 2262 955 2320 exconsnetudine.
972 2331 976 2338 ¹
998 2261 1249 2338 Inhisproviociis
1259 2262 1360 2318 habent

270 2363 399 2437 episcopi
407 2379 444 2418 ex
453 2363 566 2420 Summi
575 2361 722 2420 Pontificio
730 2361 849 2428 indulto,
859 2371 1026 2437 potestatem
1041 2369 1060 2396 ‘⁶
1069 2359 1262 2436 dispensandi,
1271 2379 1358 2433 quan·

270 2461 307 2518 do
320 2458 456 2536 expedire
469 2459 617 2527 videbitur,
638 2478 725 2536 super
737 2477 788 2516 esu
811 2462 949 2528 carnium,
965 2479 1093 2528 ovnmm,
1114 2469 1143 2517 et
1154 2461 1359 2518 lacticiniorum

270 2569 397 2638 tempore
407 2557 583 2637 jejuniorum
596 2567 624 2616 et
637 2558 890 2634 quadragesime?
933 2560 1008 2619 Eanr
1023 2560 1114 2618 solent
1127 2560 1211 2618 etiarn
1223 2559 1358 2634 impertiri

270 2659 467 2730 missionariis,
481 2661 532 2732 qui
545 2659 663 2737 singulis
677 2677 728 2735 pro
738 2676 823 2716 causa
836 2677 927 2732 aequa,
937 2678 993 2718 non
1008 2677 1075 2718 vero
1084 2659 1215 2717 omnibus
1229 2657 1358 2715 fidelibus

270 2779 329 2820 suoe
343 2780 417 2820 curm
431 2761 602 2828 commissis,
617 2759 859 2836 dispensationem
873 2761 984 2835 possint
993 2758 1160 2817 concedere.
1203 2757 1249 2816 De
1263 2775 1359 2815 neces·

270 2863 352 2920 sitate
375 2859 491 2936 petendi
513 2859 754 2935 dispensationem
778 2877 835 2934 prae
859 2859 948 2917 oculis
968 2857 1097 2916 habenda
1119 2867 1163 2915 est
1184 2857 1215 2916 S.
1237 2857 1360 2914 Thomae

270 2957 414 3016 doctrina:
437 2957 501 3012 “Si
528 2975 614 3014 causa
635 2967 680 3013 est
699 2956 827 3023 evidens,
843 2976 893 3034 per
912 2958 1040 3034 seipsum
1061 2956 1137 3014 licite
1158 2966 1251 3033 potest
1272 2956 1359 3013 homo

269 3059 362 3113 statuti
376 3054 582 3112 observantiam
597 3058 750 3130 preterire,
761 3057 917 3130 praesertim
930 3056 1133 3114 consuetudine
1144 3056 1358 3122 interveniente,

267 3155 312 3212 vel
326 3157 350 3212 si
365 3171 423 3211 non
437 3163 535 3229 posset
553 3152 588 3212 de
602 3153 677 3211 facili
689 3172 820 3211 recursus
843 3155 878 3212 ad
891 3156 1076 3233 Superiorem
1096 3155 1203 3213 haberi.
1246 3156 1279 3212 Si
1292 3173 1360 3212 vero

267 3273 353 3312 causa
373 3254 410 3310 sit
429 3251 522 3320 dubia,
546 3253 628 3312 debet
647 3254 750 3326 aliquis
770 3252 806 3312 ad
827 3254 1011 3331 Superiorem
1033 3273 1188 3322 recurrere,
1209 3255 1258 3328 qui
1274 3255 1361 3312 habet

267 3365 436 3432 potestatem
450 3353 480 3411 in
493 3352 593 3411 talibus
607 3346 841 3430 dispensandi.’'²

307 3459 356 3513 49.
372 3451 564 3532 lmpotentia,
583 3454 643 3511 sive
651 3453 792 3534 physica,
803 3453 863 3510 sive
874 3453 999 3512 moralis
1014 3475 1029 3511 a
1038 3454 1150 3530 jejunio
1160 3463 1287 3510 excusat.
1311 3453 1360 3511 Sic

266 3562 437 3614 excusantur
450 3552 565 3622 infirmi,
587 3554 690 3626 quibus
706 3553 851 3632 jejunium
871 3571 955 3629 grave
968 3554 1102 3611 damnum
1116 3553 1263 3610 allaturum
1278 3571 1360 3612 vero·

268 3655 360 3712 simile
375 3663 426 3710 est.
469 3653 542 3709 Item
563 3654 612 3724 qui
632 3653 807 3728 experientia
817 3663 929 3710 ‘norunt
942 3671 972 3710 se
992 3671 1076 3730 grave
1099 3661 1303 3710 nocumentum
1324 3671 1361 3710 cx

263 3752 375 3830 jejunio
389 3749 525 3807 derivare.
570 3759 588 3785 ‘⁶
600 3749 670 3808 ldeo
690 3753 773 3808 etiam
794 3761 973 3821 excusantur,
994 3752 1043 3824 qui
1063 3751 1190 3808 laborant
1210 3751 1283 3808 febri
1306 3763 1360 3810 ter·

268 3853 352 3919 tiana,
367 3849 411 3908 vel
424 3859 567 3923 quartana,
582 3850 627 3906 vel
641 3851 689 3921 qui
703 3851 738 3906 ab
745 3867 779 3906 ea
792 3850 954 3908 immediate
968 3851 1180 3908 convaluerunt.
1223 3850 1299 3908 ltem
1312 3851 1361 3909 de-

266 3952 337 4009 biles
361 3950 409 4023 qui
430 3969 487 4007 una
507 3951 569 4008 vice
592 3949 756 4006 alimentum
779 3949 925 4007 sufficiens
948 3969 1006 4008 non
1028 3959 1148 4026 possunt
1170 3967 1316 4008 sumere..
1331 3993 1359 4009 ..

267 4050 339 4107 Item
365 4059 541 4124 pregnantes
564 4058 592 4106 et
613 4049 759 4116 lactantes,
783 4049 885 4120 quibus
912 4048 1062 4121 aliquando
1084 4049 1248 4125 permittunt
1271 4050 1361 4108 etiam

264 4164 373 4214 carnes,
388 4148 413 4204 si
426 4165 497 4222 puer
510 4149 547 4206 sit
565 4148 705 4218 infirmus,
726 4157 773 4206 aut
791 4148 818 4206 ei
838 4148 985 4206 immineat
997 4149 1154 4226 periculum
1176 4147 1360 4215 infirmitatis,

265 4245 310 4302 vel
323 4243 348 4302 si
363 4255 453 4302 mater
465 4248 502 4302 sit
514 4245 625 4304 debilis.
638 4289 645 4305 .
658 4290 665 4305 .
679 4291 686 4306 .
710 4249 774 4306 loro
787 4256 964 4325 praegnantes
979 4260 1136 4324 peccarent,
1152 4247 1176 4303 si
1194 4246 1302 4322 pluries
1313 4249 1360 4325 je·

302 4413 344 4478 (l)
364 4411 392 4461 ln
404 4409 484 4461 Bulla.
499 4411 599 4462 Prodt'it
608 4413 787 4480 jamdudum.
935 4417 978 4481 (2)
998 4415 1020 4466 2.
1032 4417 1077 4466 Sue.
1090 4430 1131 4478 qu.
1141 4413 1221 4464 cxlvii.
1233 4421 1277 4462 art.
1290 4413 1325 4464 iv.
