3146 5266
587 1429 919 1505 TRACTATUS
947 1429 975 1502 Ι.

436 1687 508 1749 DE
544 1684 798 1750 ACTlBUS
830 1681 1126 1748 HUMANlS.

688 2181 830 2241 cnrur
850 2183 878 2271 1„

542 2398 582 2438 DE
604 2396 734 2437 HUMANA
754 2397 871 2438 aarum
892 2395 1036 2438 urtone,

281 2577 308 2630 l.
330 2572 431 2632 Saone
451 2592 564 2634 morum
585 2574 735 2652 disciplina
754 2585 831 2634 actus
852 2576 1002 2635 hominum
1015 2573 1139 2650 respicit,
1161 2587 1244 2643 quos,
1265 2566 1330 2626 Deo

242 2681 363 2738 auctore,
378 2672 480 2748 dirigit,
494 2682 525 2729 nt
537 2674 595 2751 legi
609 2675 643 2731 ab
664 2675 728 2750 ipso
743 2673 813 2732 datae
828 2675 1005 2742 conveniant,
1022 2671 1181 2749 justissime
1204 2668 1329 2738 alioquin

242 2769 403 2828 damnandi.
445 2771 490 2829 Ab
503 2771 548 2828 his
562 2773 647 2849 igitur
660 2772 772 2830 initium
787 2771 889 2830 ducere
904 2772 996 2829 solent
1008 2768 1143 2844 theologi,
1158 2765 1329 2838 inquirentes

241 2869 309 2941 quid
321 2869 442 2926 babeant
454 2871 630 2947 probandum
644 2872 690 2928 vel
700 2869 929 2947 improbandum,
944 2889 980 2928 ex
1001 2869 1103 2928 divinae
1124 2865 1196 2945 legis
1211 2865 1327 2924 auctori·

240 2977 303 3031 tate,
348 2969 541 3044 Physicorum
555 2979 599 3027 est
612 2979 689 3027 actus
703 2981 786 3046 prout
799 2972 829 3028 in
842 2989 873 3028 se
888 2979 954 3028 sunt
973 2979 1118 3046 spectare:
1143 2965 1328 3043 philosopho·

239 3086 300 3125 rum
315 3085 375 3134 eos,
390 3068 496 3126 ratione
510 3070 654 3146 magistra,
666 3069 858 3146 perpendere:
882 3069 1079 3146 theologorum
1093 3077 1197 3134 autem,
1211 3065 1328 3122 rationis

239 3165 436 3224 dictaminibus
460 3166 612 3244 adjungere
639 3167 696 3225 Dei
718 3169 844 3245 jubentis
871 3168 1149 3239 auctoritatemque
1175 3175 1204 3222 et
1229 3183 1329 3222 norma

239 3265 341 3342 nocendi
353 3275 456 3340 pateat,
467 3275 496 3322 et
507 3267 660 3324 necessitas
674 3267 895 3344 obtemperandi.
939 3267 1009 3326 Non
1019 3276 1112 3324 autem
1123 3283 1223 3324 omnes
1236 3263 1329 3321 homi·

238 3383 307 3422 num
321 3372 398 3421 acuis
406 3365 552 3442 subjacent
564 3365 631 3442 legi,
643 3365 757 3438 quidam
769 3369 846 3426 enim
860 3368 973 3425 fiuntab
981 3365 1098 3424 homine
1107 3365 1147 3424 nil
1157 3363 1327 3426 advertente,

238 3463 284 3520 vel
296 3463 374 3520 nullo
382 3473 478 3521 utente
490 3465 639 3522 voluntatis
654 3466 782 3524 arbitrio:
805 3467 846 3522 uti
856 3485 919 3536 quae
929 3464 1131 3522 dormientibus
1143 3462 1309 3535 contingunt
1320 3478 1327 3524 ς

241 3560 357 3631 quidam
384 3572 449 3618 sunt
471 3572 547 3620 actus
571 3562 721 3628 naturales,
745 3563 786 3618 uti
813 3561 969 3637 respiratio,
995 3558 1139 3636 sanguinis
1166 3575 1218 3635 per
1243 3574 1329 3614 venas

241 3677 357 3726 cursus;
380 3660 425 3717 alii
439 3671 531 3720 autem
546 3644 715 3719 deliberante
729 3661 835 3719 ratione
849 3660 929 3728 fiunt,
944 3660 993 3734 qui
1008 3657 1126 3737 proinde
1139 3659 1248 3737 legibus
1268 3660 1328 3735 regi

238 3768 366 3834 possunt.
410 3758 511 3818 Verbis
527 3762 559 3818 S.
575 3759 698 3819 Thomae
713 3760 866 3821 discrimen
879 3760 953 3818 istud
966 3759 1107 3837 explicare
1117 3761 1207 3838 juvat.

278 3863 307 3916 2.
331 3867 350 3894 ‘⁶
361 3859 525 3928 Actionum,
537 3879 600 3934 quae
610 3861 645 3918 ab
658 3859 774 3919 homine
789 3870 916 3938 aguntur,
928 3860 982 3918 illae
994 3859 1061 3917 solae
1076 3859 1189 3934 proprie
1200 3856 1330 3915 dicuntur

239 3955 381 4026 humanae,
396 3978 459 4031 quae
474 3969 541 4017 sunt
553 3960 673 4036 propriae
684 3960 820 4029 hominis,
835 3961 1014 4032 inquantum
1029 3965 1072 4014 est
1084 3956 1182 4016 homo.
1226 3955 1329 4014 Differt

240 4065 333 4115 autem
350 4057 440 4117 homo
462 4059 497 4116 ab
520 4058 723 4118 irrationalibus
751 4059 884 4117 creaturis
905 4059 935 4115 in
956 4057 1022 4125 hoc,
1047 4055 1124 4129 quod
1146 4065 1190 4114 est
1212 4075 1328 4117 suorum

240 4165 351 4215 actuum
372 4157 516 4216 dominus.
560 4157 645 4216 Unde
668 4159 725 4216 illae
749 4159 817 4215 solae
840 4157 963 4215 actiones
987 4165 1121 4214 vocantur
1142 4157 1255 4233 proprie
1276 4156 1328 4214 hu·

240 4273 341 4322 mane,
367 4274 488 4329 quarum
511 4257 600 4316 homo
626 4267 670 4316 est
692 4257 834 4316 dominus.
877 4257 933 4315 Est
959 4265 1052 4314 autem
1079 4255 1168 4314 homo
1195 4253 1328 4314 dominus

240 4371 355 4414 suorum
369 4365 482 4415 actuum
497 4375 548 4434 per
567 4357 704 4416 rationem
725 4367 752 4414 et
772 4356 961 4414 voluntatem:
983 4354 1058 4413 unde
1079 4363 1107 4412 et
1125 4355 1244 4412 liberum
1259 4353 1329 4410 arbi·

240 4453 322 4512 trium
337 4473 401 4513 esse
416 4454 519 4514 dicitur
531 4456 648 4515 facultas
662 4457 812 4515 voluntatis
827 4467 855 4514 et
873 4455 999 4514 rationis.
1042 4452 1101 4511 Illae
1116 4471 1187 4528 ergo
1206 4452 1329 4509 actiones

766 4549 805 4606 ga
