3068 5256
252 481 291 537 et
499 539 502 544 ,
540 470 597 530 DE
618 470 778 531 TERTIO
799 467 1050 530 PRAEOEP'FO.

252 641 357 700 retibus
370 647 474 706 autem,
488 656 591 713 magno
600 656 664 696 cum
672 636 778 704 labore,
789 636 903 712 piscari,
915 645 990 695 certe
998 635 1160 694 habendum
1173 647 1217 710 est
1226 640 1341 696 servile.

253 739 404 815 ingruente
417 739 583 796 necessitate
597 737 695 803 alceia,
710 753 830 807 quorum
844 735 926 810 copia
939 732 1106 807 quibusdam
1116 736 1184 793 anni
1195 745 1346 811 tempesta-

252 839 325 896 tibus
339 837 465 904 habetur,
488 836 591 912 piscari
613 836 731 894 indulsit
750 832 900 906 aliquando
913 831 1048 890 Pontifex
1068 832 1167 890 diebus
1190 833 1347 892 dominicis

253 937 384 1002 festisve3
405 954 440 991 ea
452 945 545 992 tamen
559 934 721 992 conditione
734 942 765 991 ut
784 932 954 1010 pauperibus
974 941 1002 988 et
1014 932 1199 989 vicinioribus
1214 933 1345 990 ecclesiis

253 1035 413 1111 portionem
427 1034 548 1109 piscium
562 1025 683 1091 darent.1

292 1136 342 1191 74.
364 1133 553 1190 Prohibentur
566 1133 651 1189 etiam
663 1131 726 1206 lege
749 1129 888 1187 Ecclesia
911 1129 1041 1201 quaedam
1061 1147 1148 1204 opera
1171 1128 1304 1196 forensia,
1319 1141 1350 1187 ut

255 1240 321 1290 sunt
341 1239 492 1298 mercatus,
516 1232 660 1308 placitum,
677 1228 819 1305 judicium
840 1226 875 1284 ad
898 1236 1030 1294 mortem,
1050 1227 1096 1285 vel
1118 1225 1153 1284 ad
1173 1246 1300 1304 prauam,
1323 1238 1351 1286 et

256 1329 388 1406 strepitis
410 1329 502 1386 omnis
519 1328 673 1406 judicialis
695 1345 798 1403 nempe
821 1335 921 1383 omnes
944 1325 1068 1383 actiones
1094 1343 1158 1398 quae
1185 1325 1221 1382 ad
1247 1345 1349 1384 causas

255 1428 364 1493 civiles,
378 1427 424 1483 vel
437 1427 641 1484 ecclesiasticas
655 1427 807 1502 pertinent.
850 1423 938 1480 Nulla
951 1431 1044 1482 autem
1058 1433 1086 1480 et
1104 1425 1183 1482 irrita
1196 1433 1350 1484 censentur

255 1524 426 1602 actajudicii
439 1525 485 1581 die
499 1526 651 1583 Dominica
670 1524 759 1589 sacta3
780 1542 814 1579 v:
837 1541 873 1597 g:
895 1523 1011 1580 testium
1030 1522 1134 1590 citatio,
1149 1521 1194 1578 vel
1214 1541 1347 1589 examen,

255 1624 300 1681 vel
313 1624 453 1680 sententia
467 1617 600 1698 prolata.²
639 1623 771 1679 Attamen
794 1621 819 1677 si
841 1621 999 1694 perieulum
1022 1620 1169 1678 immineat
1188 1639 1225 1676 ne
1242 1621 1350 1679 debitor

255 1721 301 1777 vel
319 1721 389 1778 latro
409 1720 506 1795 fugiat,
528 1721 621 1779 statim
643 1719 744 1777 confici
767 1727 874 1790 queunt
892 1718 1062 1776 documenta
1083 1719 1253 1776 necessaria.
1297 1720 1346 1777 Sic

255 1820 429 1877 facinorosus
445 1822 565 1892 quisque
579 1839 674 1877 coram
688 1818 851 1893 magistratu
866 1818 1033 1875 constitutus
1053 1825 1147 1893 potest
1158 1818 1188 1874 in
1201 1836 1347 1876 carcerem

256 1918 339 1986 trudi,
353 1917 489 1994 deinceps
499 1919 679 1995 judicandus,
694 1918 829 1975 instructo
843 1911 955 1974 interim
964 1915 1074 1991 judicio
1087 1916 1254 1974 summario.

295 2021 345 2075 75.
367 2016 484 2073 Bellum
503 2035 636 2072 exercere
657 2015 755 2072 diebus
769 2015 849 2071 sestis
862 2015 980 2072 vetitum
994 2023 1053 2072 est:
1076 2014 1153 2086 qnod
1175 2015 1259 2072 etiam
1280 2025 1350 2073 tem·

256 2131 326 2190 pore
336 2111 483 2169 Adventus
497 2122 526 2169 et
537 2112 767 2189 Quadragesimae
781 2111 849 2170 olim
861 2105 1060 2188 prohibitum.³
1100 2111 1352 2172 Caetemmneces·

257 2213 338 2269 sitate
350 2219 468 2287 urgente
491 2212 616 2283 quolibet
628 2211 673 2268 die
696 2221 852 2280 exercetur,
867 2220 926 2268 tum
947 2210 1136 2288 aggrediendo
1149 2211 1273 2280 hostem,
1289 2225 1350 2270 tum

257 2328 288 2366 se
302 2309 425 2377 tuendo;
445 2310 486 2366 sic
501 2312 596 2368 omnia
606 2330 668 2382 quae
683 2309 718 2366 ad
730 2311 836 2368 bellum
850 2310 1007 2386 gerendum
1019 2311 1181 2368 necessaria
1195 2321 1271 2380 sunt,
1287 2311 1351 2368 fieri

257 2416 422 2486 possunteo
432 2408 607 2477 imminente,
621 2428 656 2467 v:
678 2428 712 2482 g:
735 2428 852 2480 aggeres
865 2410 968 2473 extrui
978 2410 1067 2468 fovere
1081 2409 1141 2467 sodi
1154 2419 1208 2468 etc.
1252 2411 1351 2467 Excu-

259 2505 314 2562 sari
327 2505 412 2562 etiam
423 2502 552 2562 ridentur
565 2503 780 2561 exercitationes
791 2498 926 2561 militares
941 2522 1003 2577 quae
1017 2512 1146 2580 tempore
1161 2507 1239 2580 pacis
1252 2505 1353 2563 diebus

260 2603 339 2661 sestis
362 2603 424 2661 fieri
449 2596 573 2660 solent:⁴
602 2603 652 2660 sed
673 2603 703 2659 in
723 2601 867 2678 plerisque
898 2603 1013 2660 statibus
1036 2602 1179 2661 foederatis
1209 2623 1302 2662 mores
1327 2615 1355 2661 et

259 2721 360 2760 sensus
374 2703 479 2760 civium
493 2704 526 2759 ab
540 2705 619 2762 omni
632 2701 796 2778 hujusmodi
810 2701 1011 2759 exercitatione
1025 2700 1123 2758 diebus
1139 2700 1289 2760 dominicis
1304 2705 1349 2760 ab·

259 2801 391 2860 horrent:
413 2821 479 2859 nam
490 2803 643 2879 etpublicae
654 2802 755 2858 letitie
765 2796 871 2858 indicia
881 2811 942 2872 qu'ae
957 2800 1146 2857 anniversaria
1158 2800 1203 2858 die
1216 2802 1351 2860 libertatis

260 2908 429 2973 recuperata
452 2898 511 2956 dari
534 2901 635 2966 solent,
659 2900 774 2956 nonnisi
787 2899 833 2956 die
854 2900 985 2973 sequenti
998 2887 1175 2974 praestantur,
1192 2901 1301 2973 quoties
1321 2901 1353 2956 in

261 2995 338 3052 diem
352 2995 534 3052 Dominicam
553 2996 691 3057 inciderit.

228 3143 231 3148 .
300 3097 350 3150 76.
372 3093 542 3167 Emptiones
556 3101 584 3149 et
595 3093 771 3151 venditiones
791 3097 929 3153 mercium
943 3098 973 3154 in
993 3096 1114 3173 publicis
1128 3097 1251 3155 officinis
1265 3099 1349 3156 etiam

256 3192 320 3266 jure
334 3192 472 3248 canonico
484 3202 628 3250 vetantur:
650 3193 677 3249 ei
690 3202 784 3251 tamen
797 3194 1001 3253 consuetudine
1015 3195 1142 3271 pluribus
1157 3183 1192 3254 'in
1205 3197 1289 3254 rebus
1303 3197 1350 3253 de·

260 3297 389 3365 rogatum
403 3301 455 3347 est.
498 3291 537 3348 Iis
550 3291 634 3366 igitur
647 3293 697 3364 qui
711 3293 929 3350 invalescentem
940 3283 1174 3352 consuetudinem¹
1186 3304 1352 3367 sequuntur,

261 3387 391 3447 molestia
403 3407 460 3446 non
480 3397 523 3446 est
535 3389 616 3447 facile
630 3389 794 3459 inferenda;
816 3410 905 3463 quum
925 3391 1028 3450 damna
1047 3410 1110 3464 quar
1131 3394 1181 3450 eis·
1193 3411 1229 3450 ex
1243 3394 1354 3450 arctiori

260 3488 436 3547 observantia
448 3489 594 3558 orirentur,
607 3509 664 3547 una
677 3507 743 3546 cum
766 3488 978 3557 consuetudine,
993 3483 1147 3549 aienubm
1170 3492 1351 3568 presulibus,

262 3586 385 3655 inducta,
400 3606 449 3645 eos
463 3607 479 3644 a
492 3588 577 3664 culpa
589 3589 737 3648 videantur
749 3607 894 3647 excusare.

298 3756 339 3821 (l)
360 3755 391 3805 C.
402 3755 436 3805 iii.
448 3756 478 3804 de
489 3757 563 3806 seriis.

298 3842 340 3907 (2)
361 3840 424 3890 Gan.
437 3841 600 3907 conquestus.
635 3843 670 3893 Et
680 3846 695 3893 l.
705 3850 735 3896 ut
746 3845 775 3894 in
786 3843 833 3907 die,
846 3846 907 3896 cod.
918 3847 948 3898 de
956 3847 1030 3896 seriis.
1064 3853 1079 3878 “
1089 3847 1129 3910 By
1139 3855 1230 3898 statute
1239 3847 1283 3906 -29,
1295 3847 1351 3897 Car.

260 3927 286 3976 ii.
298 3943 318 3976 c.
331 3929 355 3984 7,
366 3935 482 3976 noarrest
498 3943 544 3976 can
562 3929 592 3976 be
609 3929 687 3989 mede,
699 3946 744 3979 nor
760 3947 857 3996 process
876 3933 959 3983 served
977 3940 1045 3998 upon
1061 3949 1075 3982 a
1093 3932 1204 3996 Sueday,
1221 3940 1307 3996 except
1318 3933 1355 3981 for

260 4016 365 4069 traeson,
375 4011 465 4074 selony‚
477 4027 504 4060 or
515 4013 603 4062 breach
620 4015 648 4063 of
662 4014 703 4064 the
720 4015 818 4079 peace.”
852 4017 999 4067 Blackstone
1016 4019 1032 4068 l.
1044 4019 1078 4068 iii.
1095 4034 1120 4068 n.
1138 4017 1197 4066 290.
1212 4013 1215 4024 ’
1230 4015 1354 4068 “'Aftera

261 4092 387 4154 negligent
392 4109 484 4158 escape,
495 4095 536 4144 the
548 4097 744 4163 defendantmay
752 4101 782 4149 be
794 4101 867 4150 misen
879 4117 912 4151 on
923 4117 938 4151 a
949 4101 1078 4165 sancey?
1113 4101 1209 4166 Chitty,
1221 4100 1280 4152 ibid.
1289 4105 1354 4152 note·

298 4174 341 4239 (3)
360 4176 445 4226 Extra.
457 4176 485 4227 de
496 4182 586 4244 tregua
597 4188 696 4248 etpace,
707 4185 769 4233 Cen.
779 4189 879 4253 tregua.

298 4259 351 4324 (4),
361 4259 446 4326 Mayol
456 4263 548 4328 Expos.
561 4264 595 4315 iii.
606 4281 676 4329 pree.
689 4277 732 4318 art.
741 4269 776 4319 iii.
