3078 5258
278 450 339 506 226
476 445 593 506 sultis
613 441 935 507 EGOLESIASTIOI
956 441 1140 504 FONTES.

280 609 458 672 Bullnrt'um
470 613 555 672 etiam
568 611 717 672 Benedicti
730 611 814 672 XIV.
825 611 923 670 Bullas
936 613 1008 689 ejus,
1022 611 1052 669 in
1062 615 1082 668 4
1093 618 1185 668 tomos
1195 607 1355 674 distributas,

278 711 402 770 exhibet.
443 709 570 790 Regulo
593 710 786 772 Concellcriae
809 707 999 789 Apostolicor,
1019 708 1140 768 Joannis
1161 708 1262 766 XXII.
1273 709 1356 785 jussu,

248 879 250 889 Α
278 810 383 886 scripto
397 812 569 888 consignatae
582 820 657 880 sunt,
672 829 735 882 quae
755 811 847 868 solent
859 829 875 868 a
890 809 1016 885 quolibet
1029 809 1169 866 Pontifice
1187 807 1323 873 renovari,
1335 813 1358 862 et

278 907 414 984 deinceps
427 910 487 968 vim
498 909 570 986 legis
583 911 709 968 obtinere
723 909 758 967 iis
771 909 801 968 in
814 909 898 967 rebus
918 909 948 966 in
962 908 1064 980 quibus
1077 926 1129 984 per
1141 913 1222 984 pacta
1235 925 1285 964 seu
1299 921 1357 964 con·

279 1006 402 1065 cordata
415 1007 450 1065 iis
464 1017 577 1066 nonest
596 1001 786 1085 derogatum.¹
827 1007 899 1073 Quae
918 1006 1011 1066 adbuc
1028 1015 1109 1064 extra
1121 1023 1225 1080 eorpus
1234 1005 1305 1082 Juris
1318 1021 1357 1058 va·

278 1114 379 1182 gantur
392 1106 564 1164 Pontificum
583 1107 797 1165 constiutioner
817 1105 931 1182 plenam
944 1105 1003 1164 vim
1022 1103 1136 1173 habent,
1150 1104 1207 1164 nisi
1220 1111 1356 1162 consuetu·

279 1203 344 1260 dine
358 1203 442 1261 luerit
453 1205 495 1262 eis
509 1199 700 1282 derogatum.2

321 1305 367 1360 12.
392 1301 661 1380 Congregotr‘ones,
683 1321 734 1360 seu
755 1311 843 1361 ooetus
858 1300 1052 1362 cardinalium
1065 1302 1194 1360 emittere
1216 1298 1305 1358 solent
1316 1297 1356 1354 de·

279 1401 444 1460 clarationes
467 1412 496 1459 et
517 1401 628 1460 decreta
650 1421 687 1462 ex
710 1401 859 1459 Pontificio
886 1401 1059 1470 auctoritate,
1082 1419 1176 1472 eoque
1199 1398 1355 1474 plerumque

280 1499 498 1572 consultaque
518 1499 636 1578 proinde
657 1502 715 1559 vim
735 1501 849 1576 plenam
870 1500 998 1558 obtinent
1016 1500 1046 1558 in
1059 1499 1179 1577 singulis
1200 1498 1309 1554 casibus
1325 1495 1356 1552 de

280 1598 383 1668 quibus
397 1600 496 1676 agitur.
538 1598 642 1656 Utrum
662 1609 754 1656 autent
774 1599 833 1655 virn
852 1597 924 1676 legis
944 1599 1110 1656 universalis
1124 1597 1246 1655 habeant
1258 1604 1357 1653 contro·

280 1695 403 1763 vertitur,
418 1697 548 1769 quamvis
562 1696 682 1754 dubitari
694 1706 817 1769 nequeat
829 1716 863 1754 ea
879 1697 975 1774 magni
988 1715 1052 1754 esse
1066 1696 1214 1754 momenti.
1249 1692 1357 1752 Constat

281 1793 339 1850 vim
351 1793 424 1870 legis
437 1795 472 1853 iis
486 1795 673 1863 tribuendam,
686 1796 712 1852 si
725 1796 859 1854 Pontifex
879 1795 1039 1872 specialiter
1053 1796 1173 1872 jusserit
1184 1813 1219 1852 ea
1231 1790 1356 1851 servanda

280 1891 396 1964 ubique.
439 1894 473 1951 Si
484 1913 538 1955 usu
551 1903 664 1971 recepta
676 1894 788 1963 fuerint,
802 1894 869 1951 eatis
883 1913 983 1951 omnes
997 1893 1132 1972 obligant.

324 1991 370 2048 18.
393 1990 615 2069 congregationi
636 1992 672 2049 de
685 1992 873 2071 Propaganda
892 1990 964 2050 Fide
984 2000 1185 2051 concesserunt
1199 1989 1354 2053 Pontifices,

280 2095 312 2144 ut
324 2089 387 2164 ejus
400 2089 511 2148 decreta
524 2090 686 2151 Cardinalis
705 2092 831 2167 prefecti
850 2091 1056 2172 subscriptione
1076 2091 1195 2158 munita,
1209 2091 1269 2148 vim
1290 2086 1355 2144 Con-

281 2187 435 2245 stitutionis
448 2189 621 2265 Apostolicae
634 2189 765 2247 habeant.
807 2188 1007 2248 cardinalibus
1020 2199 1114 2246 autern
1123 2189 1224 2266 viginti
1236 2207 1289 2246 sex
1300 2203 1356 2243 con·

281 2293 344 2351 stat,
365 2286 466 2358 quibus
479 2285 592 2364 negotia
605 2288 797 2347 ecclesiastiea
815 2289 845 2346 in
864 2287 936 2347 locis
956 2289 1127 2347 missionum
1146 2286 1288 2345 tractanda
1299 2300 1356 2341 con·

281 2382 443 2441 creduntur.

324 2483 371 2536 14.
393 2478 507 2558 Corpus
516 2481 600 2558 juris,
615 2481 728 2542 decreto
743 2482 871 2544 Gratiani
884 2493 1013 2560 excepto,
1028 2483 1063 2542 de
1077 2501 1134 2557 quc
1148 2501 1233 2559 supra
1245 2483 1355 2559 egimus,

281 2579 387 2654 ubique
400 2580 459 2641 vim
472 2580 587 2649 obtinet,
601 2581 657 2641 nisi
669 2581 761 2640 obstet
774 2583 961 2651 consuendo,
971 2583 1017 2640 vel
1030 2599 1104 2641 nova
1117 2581 1277 2641 constitutio
1290 2580 1356 2638 Pon·

283 2677 379 2737 tificia.

318 2851 361 2914 (l)
375 2850 523 2914 Nupsrrimc
533 2851 564 2900 de
575 2853 664 2913 regulis
672 2852 711 2902 his
722 2860 813 2902 veteres
821 2852 941 2903 refricavit
948 2851 1213 2918 calumniasllullerus,
1220 2864 1290 2914 quem
1300 2859 1360 2908 egre·

282 2933 322 2993 gie
333 2933 446 2984 refutem
456 2934 585 2997 episeopus
597 2933 816 2999 Garolopolitanus.
851 2997 855 3003 Δ

317 3019 359 3082 (2)
380 3014 411 3063 G.
421 3015 442 3064 si
454 3017 629 3068 Romanorum·
641 3016 704 3066 Dist.
715 3017 766 3068 xix·
777 3017 833 3068 vide
845 3017 872 3068 S.
886 3018 1044 3084 Alplronounr
1056 3018 1096 3069 li.
1108 3033 1135 3070 n.
1149 3019 1205 3070 104·
