3068 5256
623 1156 764 1216 CAPUT
785 1158 839 1216 IX.

489 1373 534 1409 DE
562 1373 711 1417 QUINTO
739 1372 967 1412 PRAECEP'I'O.

642 1520 668 1568 N
671 1536 702 1568 on
715 1520 816 1569 occides.

566 1681 625 1755 §L
648 1682 696 1740 De
718 1702 889 1742 uonrcrnro.

223 1848 272 1902 98.
294 1845 341 1902 Du
363 1845 547 1902 animantium
569 1846 711 1902 occisione
731 1864 789 1901 non
802 1845 849 1901 hic
863 1845 907 1920 agi
926 1846 1016 1916 liquet
1036 1863 1073 1902 ex
1087 1863 1122 1901 eo
1146 1845 1223 1917 quod
1245 1847 1275 1904 in

185 1943 279 2000 cibum
294 1944 404 2000 homini
416 1962 553 2000 concessa
572 1943 676 2000 fuerint
695 1956 761 2018 post
780 1943 917 2000 diluvium
930 1937 1026 2022 :llsed
1046 1951 1153 1998 vetatur
1172 1945 1279 2000 navita

185 2041 316 2115 eripiatur
339 2042 459 2109 homini,
489 2043 598 2116 privata
623 2043 791 2117 cujusquam
824 2041 984 2098 voluntate:
1015 2051 1139 2098 attamen
1164 2042 1277 2117 publica

184 2141 343 2197 auctoritate
355 2141 441 2196 licere
456 2139 607 2210 aliquando
621 2150 740 2196 mortem
754 2140 867 2207 inferre,
891 2159 926 2196 ex
951 2140 1081 2215 plurimis
1102 2140 1174 2214 legis
1198 2159 1278 2199 sane·

187 2237 306 2294 tionibus
321 2257 384 2310 quae
398 2248 517 2294 mortem
529 2238 703 2295 inserendam
711 2247 844 2305 statuunt,
853 2239 1030 2312 exploratum
1038 2247 1090 2294 est.
1122 2238 1223 2295 Scelus
1237 2248 1280 2296 est

186 2337 308 2392 immane
322 2338 418 2404 vitam,
434 2356 520 2408 quam
535 2335 611 2392 dedit
626 2336 716 2403 Deae,
732 2346 836 2392 temere
858 2335 973 2404 tollere3
995 2333 1071 2408 quod
1091 2345 1208 2410 augetur
1221 2355 1278 2409 quo

186 2435 234 2505 qui
247 2434 383 2492 occiditur
396 2436 489 2510 magis
505 2434 556 2490 fuit
569 2435 712 2501 innoxius
728 2445 755 2490 et
768 2435 938 2492 interfectori
947 2435 1084 2512 sanguine
1098 2436 1277 2510 conjunctus,

184 2533 230 2589 vel
252 2533 385 2608 dignitate
408 2543 437 2590 et
458 2534 559 2589 virtute
586 2533 711 2599 illustria
735 2535 781 2589 vel
803 2534 871 2590 alias
898 2534 1058 2608 reipublicae
1086 2535 1273 2591 necessarius.

185 2631 274 2687 Abele
290 2633 397 2698 occiso,
420 2631 513 2688 Caino
536 2631 674 2706 flagitium
694 2633 873 2706 exprobravit
886 2631 985 2687 Deus:
1008 2631 1105 2686 “Vox
1128 2633 1273 2705 sanguinis

186 2727 279 2784 fratris
293 2730 332 2784 tui
347 2730 448 2784 clamat
459 2729 493 2785 ad
506 2749 551 2787 me
566 2728 600 2785 de
615 2723 737 2785 terra.’'²
777 2729 818 2784 Ut
834 2729 964 2784 homines
983 2747 999 2783 a
1012 2736 1087 2782 tanto
1098 2728 1217 2782 crimine
1232 2729 1277 2784 ab·
1343 2803 1348 2814 ⁸

95 2831 98 2838 '
185 2827 342 2893 horrerent,
358 2829 445 2884 vetuit
458 2828 535 2885 Deus
550 2829 616 2884 Noe
630 2837 658 2883 et
671 2828 732 2902 ejus
746 2827 867 2901 posteris
887 2845 923 2882 ne
944 2844 974 2882 se
995 2823 1179 2880 animantium
1200 2834 1278 2901 pote·

184 2934 246 2981 rent
258 2926 407 3002 sanguine,
422 2927 575 2998 mortisque
589 2946 702 3000 poenam
717 2924 802 2981 caedis
813 2925 868 2980 reis
882 2922 1045 2981 intentavit:
1068 2922 1278 2996 “Quicumque

185 3023 315 3081 effuderit
324 3026 482 3083 humanum
493 3026 671 3100 sanguinem,
683 3023 815 3081 fundetur
824 3025 939 3100 sanguis
950 3017 1073 3080 itlius.”³
1113 3021 1185 3080 Haec
1196 3041 1280 3099 poena

186 3124 312 3180 omnium
326 3125 384 3180 sere
398 3124 524 3200 gentium
533 3125 643 3198 legibus
654 3124 835 3196 moribusque
846 3123 1052 3198 comprobatur,
1065 3121 1175 3193 quoties
1186 3121 1279 3180 caedes
1313 3155 1316 3160 -

186 3239 221 3277 ex
235 3223 341 3296 praevio
356 3224 475 3280 consilio
488 3231 593 3298 patrata
607 3231 667 3288 est3
689 3241 798 3279 carcere
816 3222 958 3288 diuturno,
973 3220 1019 3276 vel
1039 3221 1093 3277 alia
1115 3219 1280 3297 hujusmodi

187 3338 278 3394 poena,
293 3318 403 3377 caedem
417 3321 451 3378 de
466 3341 522 3392 qua
540 3321 635 3376 minus
649 3319 830 3376 deliberatum
845 3329 888 3376 est
900 3313 1057 3376 manente*
1098 3319 1280 3384 Mandantes‚

187 3417 361 3494 adjuvantes
371 3419 587 3476 etconsulentes
597 3418 696 3475 eadem
706 3419 968 3495 plectunturpoena.
1010 3416 1281 3472 Exoommunicatio
1343 3463 1346 3470 .

188 3525 280 3574 autern
294 3517 381 3574 fertur
394 3519 423 3574 in
437 3537 503 3576 eum
517 3518 567 3590 qui
581 3516 740 3574 infidelibus
754 3517 869 3573 mandat
881 3524 912 3572 ut
923 3514 1070 3571 hominem
1085 3512 1282 3570 Christianum

189 3614 327 3682 occidunt,
341 3617 435 3688 iisque
447 3617 595 3692 pollicetur
607 3607 795 3672 mercedem.⁵

223 3787 264 3852 (l)
285 3785 349 3839 Gen.
360 3789 394 3839 ix.
405 3791 427 3839 3.
581 3791 622 3855 (⁸2)
642 3789 741 3848 Ibidem,
753 3789 785 3837 iv.
799 3791 837 3837 10.
1001 3788 1043 3854 (3)
1063 3788 1165 3844 Ibidem.
1178 3787 1211 3835 ix.
1225 3789 1247 3836 6.

223 3871 264 3936 (4)
285 3874 350 3923 “All
363 3874 459 3923 murder
472 3873 552 3922 which
565 3874 626 3922 shall
638 3876 666 3922 be
678 3874 831 3936 perpetuated
841 3875 873 3935 by
886 3889 970 3922 means
982 3873 1010 3920 ol
1024 3873 1118 3935 poison.
1131 3887 1158 3918 or
1170 3873 1201 3933 by
1215 3871 1285 3932 lying

188 3956 214 4004 in
230 3957 296 4016 weit,
308 3973 335 4006 or
346 3959 377 4021 by
391 3975 440 4022 any
459 3959 529 4008 other
539 3959 599 4007 kind
617 3959 644 4006 ol
659 3957 743 4018 wilful,
761 3958 888 4006 deliberato
906 3957 954 4005 and
966 3954 1139 4018 premeditated
1152 3954 1247 4015 liturg,
1259 3969 1286 4002 or

189 4039 269 4089 which
281 4042 342 4092 shall
354 4044 384 4091 be
395 4043 535 4092 committed
550 4043 575 4091 in
588 4042 628 4092 the
637 4042 797 4105 perpetratIon
809 4057 836 4089 or
847 4048 949 4102 attempt
965 4047 989 4086 to
1002 4046 1137 4102 perpetrate
1148 4053 1197 4102 any
1206 4055 1286 4098 arsen,

189 4140 253 4189 rapa,
264 4128 374 4190 robbory‚
392 4143 419 4176 or
436 4128 558 4191 burglary,
570 4128 633 4177 shall
644 4129 673 4176 ba
684 4127 784 4174 deemcd
802 4126 899 4174 murder
913 4127 943 4174 of
955 4125 996 4173 the
1008 4125 1059 4174 first
1077 4125 1180 4186 degree:
1192 4125 1240 4174 and
1252 4125 1285 4174 all

190 4209 258 4259 other
276 4212 349 4260 kinds
360 4212 389 4260 ol
402 4213 499 4262 murder
517 4212 580 4262 shall
598 4214 627 4261 be
646 4211 747 4260 daemed
764 4211 861 4260 murder
872 4211 901 4258 ol
914 4211 955 4260 the
972 4210 1061 4260 second
1073 4210 1285 4273 degree-Erery

189 4311 283 4359 person,
294 4297 373 4360 guilty
385 4297 417 4346 ol
431 4298 529 4346 murder
541 4299 567 4346 in
579 4297 620 4346 the
631 4297 684 4345 first
694 4297 788 4358 degree,
798 4295 861 4345 shall
871 4295 946 4346 suffer
956 4294 1052 4346 death.”
1087 4295 1161 4346 Laws
1173 4296 1201 4344 os
1207 4295 1289 4344 Penn-

190 4379 310 4441 aylvania,
322 4380 416 4442 Digest
429 4389 472 4430 art
486 4381 600 4431 Marder.

230 4463 269 4526 (5)
288 4463 319 4512 G.
332 4465 381 4514 Pro
392 4465 503 4525 humani,
514 4467 545 4516 de
556 4465 689 4516 homicidio
701 4465 728 4514 in
738 4467 760 4512 6.
