3146 5266
650 1120 791 1179 CAPUT
811 1123 866 1181 IV.

630 1349 669 1387 DE
692 1349 889 1391 renouatum.

248 1545 299 1597 27.
314 1539 505 1598 lanonrnnm
519 1537 652 1613 quadarn
662 1537 825 1606 uincibilia,
839 1539 968 1613 quadam
978 1535 1166 1598 invincibilia
1180 1537 1298 1598 dicitur:

210 1637 264 1697 sed
277 1657 339 1710 quae
352 1638 423 1694 liunt
435 1658 472 1694 ex
485 1639 616 1696 alterutra
628 1639 783 1696 voluntaria
799 1657 856 1696 non
877 1649 952 1707 sunt,
968 1639 1023 1696 nisi
1044 1638 1139 1696 forsan
1153 1639 1182 1696 in
1203 1658 1297 1706 causa,

209 1738 235 1793 si
250 1737 409 1812 ignorantia
421 1737 497 1794 vinci
513 1739 643 1812 potuerit.
682 1737 729 1794 Ea
750 1739 836 1814 igitur
856 1738 1014 1816 ignorantia
1034 1736 1176 1795 vincibilis
1197 1736 1299 1797 dicitur

210 1853 275 1908 quae
290 1836 373 1893 vitari
386 1836 479 1910 potuit
492 1855 523 1892 ac
537 1835 640 1902 debuit,
655 1838 798 1894 consuetis
813 1835 848 1892 ad
868 1838 1014 1894 veritatem
1036 1834 1221 1910 detegendam
1236 1837 1299 1892 sub·

210 1933 294 1991 sidiis
308 1931 449 1992 adhibitis.
488 1934 780 1993 Invincibilisdicitur
801 1953 866 2008 qnae
887 1935 947 1992 tolli
961 1952 1019 1991 non
1039 1933 1141 2010 potuit,
1156 1931 1302 2010 diligentia
1367 2005 1372 2014 Ι

209 2033 304 2090 debita
316 2034 456 2110 impensa.
496 2033 581 2090 Hanc
603 2033 687 2109 culpa
707 2052 805 2092 vacare
827 2043 945 2102 constat,
959 2051 1049 2106 quum
1062 2032 1214 2090 voluntatis
1235 2051 1301 2092 con·

207 2150 334 2199 sensum,
357 2134 465 2205 absque
487 2152 544 2206 quo
566 2143 715 2209 peccatum
739 2151 797 2191 non
817 2143 871 2201 est,
895 2134 982 2198 tollat,
1005 2141 1177 2209 quapropter
1200 2132 1300 2190 meritb

208 2230 276 2289 dicit
296 2231 328 2288 S.
352 2231 501 2289 Thomas:
534 2232 640 2289 “nulla
661 2233 820 2308 ignorantia
842 2231 1013 2290 invincibilis
1037 2241 1081 2288 est
1103 2229 1300 2307 peccatum.’'¹

209 2329 359 2388 Vincibilis
374 2333 534 2408 ignorantia
547 2331 592 2387 vel
608 2341 652 2387 est
664 2329 815 2408 affectata,
838 2331 951 2405 quando
972 2331 1081 2388 scilicet
1094 2330 1158 2403 quis
1169 2330 1299 2389 consultd

210 2431 311 2486 omittit
324 2428 500 2506 diligentiam
514 2429 707 2503 studiumque,
730 2450 766 2488 ne
780 2451 832 2488 sua
852 2449 969 2488 munera
989 2429 1097 2497 discat;
1119 2429 1164 2486 vel
1177 2431 1298 2507 rupina,

211 2529 321 2598 quando
334 2530 454 2606 negligit
466 2531 620 2602 inquirere,
635 2528 716 2586 taedio
729 2530 843 2598 laboris,
858 2530 905 2586 vel
926 2531 1045 2588 incuria.
1085 2527 1196 2586 Psaltes
1218 2529 1301 2588 allec-

211 2635 296 2684 tatam
310 2628 390 2703 impii
404 2630 592 2704 ignorantiam
608 2628 719 2685 videtur
739 2627 943 2705 descripsisse:
968 2638 987 2664 “
997 2628 1088 2686 noluit
1101 2627 1257 2704 intelligere
1270 2639 1302 2684 ut

210 2725 284 2781 bene
306 2721 448 2800 ageret.’'²
473 2727 519 2784 De
539 2727 666 2786 vincibili
688 2728 847 2803 ignorantia
866 2729 964 2785 scribit
983 2727 1178 2801 Augustinus:
1203 2726 1301 2782 “Non

210 2823 259 2880 tibi
274 2823 423 2900 deputatur
432 2825 466 2882 ad
478 2826 590 2902 culpam
601 2825 676 2897 quod
688 2826 792 2883 invitus
803 2828 926 2904 ignoras
941 2824 991 2882 sed
1005 2823 1081 2897 quod
1091 2821 1212 2899 negligis
1226 2843 1302 2899 qua·

209 2940 268 2979 rere
284 2923 360 2995 quod
372 2917 535 3003 ignoras.’'³
575 2925 732 2996 Utramque
746 2924 880 2984 describit
901 2925 933 2982 S.
949 2925 1096 2982 Thomas:
1121 2921 1301 3002 “Contingit

209 3031 302 3079 autem
317 3025 498 3097 quandoque,
513 3023 591 3096 quod
612 3024 674 3081 talis
689 3025 847 3101 ignorantia
867 3024 971 3082 directe
985 3033 1013 3081 et
1026 3041 1121 3100 perse
1142 3032 1186 3079 est
1199 3024 1297 3082 volun·

209 3122 294 3178 taria:
318 3124 393 3181 sicut
405 3143 470 3181 cum
483 3123 586 3195 aliquis
600 3141 651 3179 sua
664 3133 765 3204 sponte
779 3125 870 3182 nescit
882 3123 998 3196 aliquid,
1009 3132 1041 3180 ut
1052 3121 1168 3180 liberius
1182 3133 1281 3198 peccet
1292 3145 1299 3181 ε

208 3229 237 3276 et
249 3220 312 3278 talis
326 3223 483 3298 ignorantia
504 3221 615 3279 videtur
636 3242 738 3299 augam
760 3224 947 3282 voluntarium
968 3233 998 3280 et
1017 3230 1184 3299 peccatum:
1208 3239 1244 3280 ex
1259 3224 1300 3280 iu·

209 3321 333 3377 tentione
346 3323 424 3379 enim
438 3322 588 3380 voluntatis
603 3321 637 3378 ad
658 3322 834 3398 peccandum
855 3324 995 3400 provenit,
1018 3319 1094 3393 quod
1117 3319 1219 3390 aliquis
1240 3321 1300 3378 vult

208 3419 303 3477 subire
316 3421 481 3496 ignorantiae
495 3419 629 3478 damnum
643 3431 759 3498 propter
770 3422 927 3480 libertatem
941 3419 1087 3498 peccandi.
1122 3417 1300 3489 Quandoque

210 3535 277 3574 vero
290 3518 456 3594 ignorantia,
468 3539 531 3592 quae
545 3529 588 3576 est
601 3539 686 3577 causa
698 3521 819 3595 peccati,
831 3537 889 3576 non
902 3529 946 3574 est
958 3518 1062 3574 directe
1074 3514 1239 3583 voluntaria,
1251 3515 1300 3573 sed

211 3615 356 3684 indirecte,
378 3618 422 3674 vel
441 3638 493 3696 per
513 3618 663 3677 accidens:
687 3627 756 3696 puta
769 3637 834 3677 cum
855 3617 958 3689 aliquis
979 3635 1037 3675 non
1053 3613 1113 3673 vult
1133 3612 1257 3672 laborare
1270 3616 1301 3674 in

209 3714 313 3783 studio,
328 3735 364 3774 ex
378 3735 436 3790 quo
449 3719 577 3791 sequitur
590 3736 656 3777 eum
676 3737 739 3776 esse
761 3709 956 3796 ignorantem:
979 3716 1025 3774 vel
1045 3735 1110 3774 cum
1124 3713 1227 3788 aliquis
1241 3716 1301 3774 vult

209 3813 303 3872 bibere
317 3817 415 3874 vinum
424 3816 618 3883 immoderate,
641 3837 677 3876 ex
698 3837 755 3890 quo
775 3819 903 3892 sequitur
924 3837 990 3876 eum
1003 3815 1145 3880 inebriari,
1156 3821 1185 3869 et
1197 3812 1300 3871 discre-

209 3913 284 3970 tione
298 3933 409 3972 carere:
433 3925 462 3973 et
474 3915 537 3973 talis
551 3917 709 3992 ignorantia
722 3916 855 3976 diminuit
867 3917 1066 3981 voluntarium,
1088 3921 1117 3970 et
1137 3928 1189 3986 per
1202 3928 1300 3969 conse·

210 4031 298 4084 quens
311 4023 471 4090 peccatum.
509 4013 586 4072 Cum
599 4019 676 4074 enim
690 4016 797 4088 aliquid
809 4035 867 4075 non
877 4015 1057 4091 cognoscitur
1066 4028 1130 4069 esse
1141 4019 1299 4087 peccatum,

243 4179 283 4246 (l)
299 4181 321 4230 1.
334 4184 357 4230 2.
370 4197 412 4246 qu.
424 4182 500 4232 lxxvi.
512 4167 556 4234 ait.
568 4184 593 4234 ii.
611 4183 685 4252 Κεφ.

242 4279 649 4344 (a)1>s.1xxv.r.ueuxxxvi.
662 4241 806 4376 2202&
826 4250 991 4377 52qu
1007 4253 1107 4368 5313.

242 4387 283 4452 (a)
297 4385 326 4437 L.
339 4387 373 4436 rn.
385 4386 417 4436 ae
429 4386 471 4436 m.
483 4389 532 4437 aa.
544 4403 565 4438 a.
583 4388 636 4438 111.
