3076 5260
365 467 421 526 DE
443 467 708 529 FORENSIBUS
729 472 1099 536 OBLIGATIONIBUS.
1219 481 1276 536 381

187 649 250 687 cum
266 632 368 709 majori
380 632 543 706 reipublicae
557 635 657 701 civilis,
671 635 716 693 vel
730 635 889 696 christianae
902 641 1039 714 pernicie.
1081 640 1131 697 Sic
1144 639 1277 698 sacerdos

186 747 305 802 pravum
319 729 442 806 prodens
461 735 597 801 animum,
612 733 659 790 vel
679 753 765 809 prava
785 737 934 812 principia,
952 740 1047 797 statim
1067 736 1276 796 denuntiandus

186 836 229 882 est
242 828 388 904 episcopo,
402 847 439 886 ne
452 849 517 888 cum
530 832 687 888 animarum
701 830 805 890 damno
814 851 926 891 sacmm
933 836 1122 894 ministerium
1135 845 1276 902 exerceat,

186 941 221 982 eo
235 927 421 1000 perniciosius
436 945 492 998 quo
505 929 653 986 occultius.
696 928 820 994 Quodsi
841 951 925 1008 grave
940 951 996 990 non
1010 935 1048 990 sit
1060 933 1166 1010 publici
1179 933 1277 992 damin

185 1021 346 1093 discrimen,
361 1023 532 1100 disceptatur
543 1035 637 1083 utrum
651 1038 783 1103 peccetur
796 1031 890 1088 statim
910 1031 1070 1090 accusando
1082 1049 1173 1098 reum,
1188 1033 1276 1090 omis·

184 1139 215 1176 sa
228 1123 385 1181 monitione
399 1141 435 1180 ex
449 1143 505 1196 qua
521 1131 649 1200 speretur
662 1125 778 1184 fructus
821 1129 1001 1204 Negantibus
1010 1129 1119 1187 videtur
1127 1129 1277 1204 suffragari

186 1219 218 1276 S.
234 1219 382 1279 Thomas:
406 1222 596 1280 “Dicendum
610 1223 766 1282 secundum
787 1226 868 1294 alios,
883 1225 960 1299 quod
973 1228 1003 1285 in
1021 1228 1199 1286 accusatione
1217 1246 1276 1286 non

185 1318 276 1393 agitur
289 1318 323 1376 ad
336 1319 563 1378 emendationem
575 1323 730 1395 peccantis,
750 1322 801 1379 sed
820 1323 856 1381 ad
867 1325 976 1383 bonum
990 1343 1152 1390 commune,
1167 1325 1277 1382 scilicet

181 1416 320 1491 justitiam
332 1417 553 1476 conservandam
567 1437 619 1494 per
631 1420 809 1494 punitionem
820 1420 1021 1495 delinquentis.
1063 1422 1104 1481 Et
1116 1421 1181 1479 ideo
1195 1441 1275 1481 accu-

185 1516 256 1572 satio
269 1516 299 1573 in
317 1516 429 1593 judicio
449 1518 523 1575 bona
544 1517 717 1574 conscicntia
739 1528 832 1594 potest
851 1519 924 1587 fieri,
945 1520 1056 1578 etiarnsi
1075 1520 1195 1577 monitio
1216 1538 1275 1578 non

185 1614 332 1688 pracedat.
384 1615 449 1672 Nec
470 1624 513 1672 est
532 1623 629 1673 contra
648 1625 822 1691 preceptum
844 1617 974 1686 Domini,
1001 1617 1078 1690 quod
1097 1616 1273 1694 intelligitur,

186 1711 300 1783 quando
313 1714 404 1788 agitur
416 1713 451 1770 ad
464 1713 691 1771 emendationem
705 1709 897 1791 peccantis.’'¹
937 1715 1082 1788 Equidem
1093 1734 1128 1772 eo
1141 1715 1275 1793 Evange-

186 1808 218 1867 lii
230 1809 294 1869 loco
309 1809 442 1869 Christus
456 1811 600 1870 Dominus
613 1813 757 1888 praecipue
778 1813 904 1885 loquitur
923 1814 959 1872 de
972 1821 1088 1890 peccato
1110 1814 1141 1870 in
1160 1831 1214 1871 nos
1228 1813 1277 1871 ad·
1310 1867 1313 1872 .

185 1908 283 1976 misso,
298 1907 374 1981 quod
387 1910 422 1968 ad
435 1909 578 1986 publicum
592 1911 711 1968 tribunal
724 1929 783 1969 non
795 1920 840 1968 est
852 1911 1047 1978 deferendum,
1061 1911 1118 1968 nisi
1131 1920 1197 1987 post
1206 1927 1275 1970 con·

185 2015 245 2064 atus
259 2007 294 2066 ad
314 2007 426 2067 fratrem
446 2009 628 2067 lucrandum:
650 2007 701 2066 sed
723 2009 904 2085 depereatis
927 2029 990 2084 quae
1012 2010 1042 2068 in
1064 2009 1275 2068 communitatis

186 2103 382 2165 detrimentum
396 2106 500 2165 cedunt
512 2107 581 2164 alias
603 2106 775 2176 dicendum3
796 2127 873 2184 saepe
893 2110 970 2167 enim
987 2108 1101 2185 plurimi
1113 2107 1231 2164 interest
1243 2117 1275 2166 ut

185 2206 278 2262 statim
291 2205 500 2272 denuntientur,
514 2214 543 2263 et
555 2206 706 2282 puniantur
718 2205 754 2263 ad
770 2224 863 2264 mores
877 2205 1042 2273 servandos,
1056 2204 1102 2262 vel
1122 2203 1276 2264 emendan-

184 2300 246 2360 dos.
290 2304 360 2363 Non
373 2305 458 2380 igitur
475 2305 562 2362 nimis
583 2303 667 2360 anxie
681 2303 892 2376 inquirendum,
913 2313 1007 2362 utrum
1026 2303 1135 2379 privata
1154 2303 1274 2362 monitio

184 2401 221 2456 sit
233 2401 445 2476 promittenda:
466 2419 542 2478 saepe
555 2403 632 2460 eninr
645 2401 762 2479 prodest
781 2403 922 2461 accusatio
941 2401 1063 2479 publicis
1076 2401 1213 2469 moribus,
1228 2402 1275 2459 vel

185 2499 345 2556 innocentis
355 2499 448 2555 samae.

227 2599 294 2652 116.
316 2593 437 2660 Quando
448 2595 512 2664 quis
523 2595 621 2664 nequit
633 2595 750 2668 probare
760 2595 904 2662 delictum,
913 2597 980 2653 licet
987 2593 1061 2652 certd
1072 2593 1142 2652 illud
1152 2597 1272 2661 noverit,

185 2708 244 2747 non
257 2697 366 2748 tenetur
378 2689 414 2746 ad
423 2689 493 2746 illud
506 2689 699 2757 deserendum,
714 2709 750 2748 ne
764 2693 826 2768 ipse
835 2692 977 2768 malignus
990 2690 1134 2749 videatur:
1157 2691 1209 2748 scd
1222 2694 1274 2748 im-

184 2788 312 2846 minente
325 2787 429 2844 damno
443 2787 565 2854 alterius,
579 2788 627 2845 vel
638 2789 812 2865 reipublice,
827 2789 911 2847 debet
924 2791 1101 2866 aliquatenus
1121 2788 1190 2847 illud
1203 2788 1274 2848 indi-

183 2903 259 2954 care,
273 2895 305 2944 ut
316 2893 449 2944 caveatur
462 2886 630 2962 periculum.

558 3168 643 3244 §lIl.
664 3169 712 3227 Du
733 3188 887 3229 assumus.

226 3371 293 3426 117.
315 3367 420 3425 Testes
434 3366 491 3425 duo
510 3367 611 3424 saltem
630 3368 798 3444 plerumque
819 3368 1000 3440 requiruntur
1018 3374 1050 3423 ut
1068 3385 1113 3424 res
1126 3366 1276 3443 injudicio

186 3467 301 3540 probata
313 3465 455 3523 habeatur.
497 3465 547 3522 Sic
560 3466 589 3524 in
601 3466 666 3542 lege
680 3468 768 3523 veteri
781 3466 816 3523 de
830 3485 916 3524 causa
928 3465 1067 3523 criminali
1079 3466 1275 3542 praecriptum

185 3572 246 3620 est:
269 3572 288 3599 “
300 3565 372 3622 Non
386 3564 470 3621 stabit
484 3564 561 3621 testis
575 3582 649 3622 unus
669 3573 766 3623 contra
786 3565 920 3636 aliquem,
936 3563 1071 3635 quicquid
1085 3562 1153 3621 illud
1166 3564 1276 3640 peccati

186 3669 214 3719 et
227 3661 361 3719 facinoris
375 3662 478 3720 suerit:
500 3661 551 3718 sed
564 3663 594 3719 in
607 3681 655 3721 ore
669 3663 790 3722 duorum
803 3673 852 3720 aut
870 3663 954 3719 trium
968 3662 1082 3720 testium
1096 3663 1178 3719 stabit
1190 3679 1275 3718 omne

186 3753 355 3817 verbum.'’²
395 3759 543 3818 Consonat
557 3761 606 3836 jus
626 3761 726 3819 civile:
750 3762 875 3819 “Unius
896 3761 1047 3836 responsio
1067 3761 1145 3818 testis
1159 3759 1276 3816 omnino

186 3876 244 3916 non
270 3849 447 3916 audiatur.”³
486 3859 618 3916 Attamen
641 3858 676 3916 ad
698 3858 912 3934 impediendum
934 3858 1145 3916 matrimonium
1170 3854 1276 3913 sufficit

185 3974 259 4014 unus
272 3957 361 4024 testis,
376 3958 426 4029 qui
435 3957 556 4032 probataev
567 3955 634 4014 fidei
647 3945 720 4014 sits
749 3957 798 4014 Sic
808 3966 836 4014 et
844 3957 967 4014 leviores
977 3973 1069 4031 poenae
1079 3956 1273 4027 imponuntur,

185 4073 243 4112 turo
257 4063 327 4112 teste
350 4055 520 4132 suffragante
539 4055 570 4111 in
592 4054 627 4111 iis
650 4055 806 4130 praesertim
828 4057 913 4112 rebus
933 4054 964 4110 in
986 4053 1087 4126 quibus
1108 4049 1203 4128 plures
1226 4053 1276 4110 vix

222 4252 264 4319 (l)
284 4255 314 4305 ln
325 4255 356 4304 iv.
365 4255 418 4305 dist.
430 4271 455 4304 x.
467 4262 510 4304 art.
519 4253 551 4304 iii.
565 4269 606 4318 qu.
618 4253 636 4303 i.
645 4253 675 4302 ad
687 4261 808 4316 quartum.
995 4252 1037 4317 (2)
1057 4250 1131 4301 Dent.
1140 4251 1191 4301 rix.
1203 4255 1241 4301 15.

182 4360 185 4368 ¹
222 4341 258 4399 (3)
279 4339 383 4390 Godiv.
396 4339 436 4388 20.
449 4341 473 4388 9.
841 4337 884 4402 (4)
903 4333 1263 4403 Cap.xxv.detputtsctlibur.j
