3076 5260
351 511 408 570 DE
430 511 696 574 FORENSIBUS
716 513 1088 580 OBLIGA'I'IONIBUS.
1208 527 1267 582 389

173 677 259 747 endo,
274 678 455 757 effringendo
469 700 622 751 carcerem,
637 681 759 756 doloque
772 691 801 741 et
813 684 841 741 vi
855 685 1000 744 moderata
1012 686 1127 756 utendo,
1143 688 1266 761 quesibi

173 779 321 836 consulat:
343 779 429 837 011101·
450 781 528 838 enim
549 781 667 840 naturali
685 783 750 859 jure
771 783 857 840 vitam
879 783 1020 854 servandi,
1043 787 1197 859 obicesque
1214 787 1267 846 sibi

173 876 302 952 objectos
316 877 388 936 tollit
401 878 508 952 absque
522 880 613 938 nimio
630 877 889 940 011000101100100.1
930 881 1073 944 Caeterum
1086 894 1216 961 peccaret
1227 885 1268 944 in·

173 975 322 1034 candendo
342 995 484 1035 carcerem
505 997 571 1037 cum
593 979 742 1038 manifesto
765 979 929 1039 discrimine
950 984 1048 1040 mortis
1069 984 1198 1051 aliorum,
1220 985 1266 1041 vel

172 1074 331 1133 occidendo
354 1076 501 1134 custodem
524 1079 570 1134 vel
590 1076 675 1136 alium
696 1097 878 1152 quemquam,
892 1089 923 1137 ut
942 1079 1083 1140 evaderet.
1125 1080 1210 1147 Quod
1231 1081 1267 1140 ad

173 1173 244 1232 alios
259 1175 358 1232 attinet
371 1175 420 1246 qui
440 1177 627 1234 instrumenta
639 1177 681 1235 illi
694 1177 875 1255 suppeditant
895 1178 997 1252 quibus
1014 1197 1155 1238 carcerem
1170 1179 1265 1238 effrin-

173 1283 230 1348 gat,
245 1273 291 1330 vel
303 1291 410 1344 equum
424 1293 481 1347 quo
495 1274 605 1342 evadat,
620 1277 708 1333 semel
727 1276 868 1334 coarcere
884 1295 1027 1353 egressus,
1041 1278 1088 1336 vel
1101 1278 1171 1337 alias
1185 1293 1266 1336 suam

172 1381 308 1446 praestant
320 1390 446 1447 operam,
458 1373 589 1430 videntur
598 1375 726 1432 excusari
738 1392 834 1450 posse,
846 1393 935 1446 quum
948 1376 1016 1450 tuga
1028 1376 1070 1434 illi
1083 1375 1265 1443 1100011100-

173 1487 228 1541 que
243 1489 359 1546 operam
372 1483 506 1547 prestant
514 1473 580 1551 jure
594 1490 646 1530 suo
661 1475 759 1532 utenti.
790 1473 925 1545 Plerique
940 1483 1034 1530 tamen
1046 1473 1181 1532 damnant
1193 1476 1265 1534 alios

172 1578 274 1644 preter
287 1588 368 1627 reum
382 1589 524 1629 carcerem
546 1570 739 1648 effringentes,
762 1572 807 1630 vel
826 1573 886 1630 rim
908 1571 1084 1640 adhibentes,
1098 1591 1187 1645 quum
1209 1574 1264 1649 ipsi

172 1668 282 1726 nullum
292 1671 342 1746 jus
356 1669 477 1727 habeant
489 1669 639 1728 resistendi
656 1671 802 1728 sententiar
823 1671 997 1737 executioni,
1012 1681 1041 1729 01
1054 1671 1183 1730 ordinem
1196 1672 1266 1748 pub-

171 1766 234 1824 lioae
244 1768 362 1842 justitiae
376 1769 494 1828 violent.

214 1869 281 1924 130.
304 1868 361 1934 Qui
379 1867 482 1944 injuste
496 1866 646 1926 damnatus
660 1876 703 1925 est
716 1876 809 1944 potest
828 1868 991 1925 executioni
1004 1869 1160 1936 sententia,
1175 1868 1203 1924 vi
1216 1866 1264 1924 ad·

173 1964 272 2032 hibita,
286 1967 427 2034 resistere,
442 1968 482 2024 uti
495 1965 578 2024 docet
591 1967 623 2024 S.
638 1967 780 2036 Thomas,
804 1985 892 2040 quum
914 1967 992 2024 enim
1012 1968 1173 2026 damnasset
1184 1983 1266 2024 reum

171 2065 348 2123 resistentem
364 2068 450 2144 justae
473 2067 630 2134 sententie,
652 2066 818 2143 subjunxit:
841 2066 936 2124 “Alio
957 2065 1043 2124 modo
1063 2065 1266 2123 condemnatur

173 2162 275 2236 aliquis
289 2165 413 2242 injustae
435 2172 465 2221 et
483 2164 537 2222 tals
554 2165 695 2241 judicium
715 2165 807 2222 simile
827 2172 871 2222 est
883 2165 1024 2222 violentias
1043 2165 1200 2224 latronum:
1221 2181 1266 2219 se-

173 2262 298 2323 eundum
319 2263 399 2332 illud,
414 2263 525 2321 Ezech.
547 2264 627 2321 xxii:
651 2264 819 2339 ‘Principes
843 2263 904 2339 ejus
927 2264 957 2320 in
979 2263 1076 2321 medio
1095 2263 1173 2320 illiu¹
1183 2262 1266 2334 quasi

171 2361 231 2436 lupi
252 2363 393 2438 rapientes
413 2362 536 2438 praedsm
551 2361 586 2418 ad
606 2361 810 2419 effundendum
830 2361 1020 2437 sanguinem!
1062 2361 1103 2419 Et
1115 2361 1180 2420 ideo
1192 2361 1267 2418 sicut

170 2461 239 2518 11001
250 2463 380 2521 resistere
400 2462 565 2528 latronibus,
580 2462 618 2518 ita
630 2462 698 2519 licet
709 2461 839 2518 resistere
853 2462 883 2518 in
897 2461 944 2518 tali
958 2478 1024 2518 casu
1038 2460 1120 2517 melis
1134 2459 1267 2534 principi·

171 2556 239 2626 bus,
253 2559 310 2617 nisi
322 2560 392 2618 forte
406 2569 520 2636 propter
529 2558 692 2619 scandalum
705 2558 861 2624 uitandum,
872 2578 937 2616 cum
948 2577 985 2633 ex
999 2559 1053 2617 hoe
1067 2557 1161 2628 aliqua
1173 2557 1266 2632 gravis
1340 2559 1341 2562 ’

175 2659 297 2716 turbatio
311 2651 502 2717 11ιοοι’0100.”2

216 2760 281 2814 131.
303 2757 437 2830 Plerique
465 2756 590 2831 theologi
610 2763 726 2811 censent
744 2772 824 2813 reum
845 2752 881 2809 ad
904 2755 1045 2812 mitiorem
1065 2771 1179 2828 poenam
1200 2747 1266 2808 sub·

172 2854 294 2914 eundem
308 2858 407 2924 teneri,
423 2875 506 2929 quam
524 2853 615 2931 judex
636 2854 685 2910 ob·
693 2854 801 2911 crimen
816 2853 895 2929 juste
915 2853 1090 2917 decreverit3
1111 2869 1165 2908 nec
1176 2867 1264 2926 posse

172 2973 236 3012 sam
263 2957 370 3026 absque
396 2963 512 3030 peccato
539 2952 668 3010 evadere.
711 2952 770 3018 Qui
790 2969 901 3009 carcere
923 2949 1108 3010 includendus
1132 2959 1191 3008 erat
1215 2965 1266 3024 per

170 3063 284 3129 tempus
305 3053 380 3110 haud
393 3052 566 3119 diuturnum,
581 3060 689 3126 peccat,
706 3052 789 3128 juxta
798 3051 872 3118 illos,
887 3051 1022 3128 fugiendo
1035 3069 1071 3108 ne
1085 3047 1262 3108 detineatur:

172 3153 221 3224 qui
236 3152 370 3210 muletam
383 3152 492 3208 solvere
507 3169 543 3208 ex
560 3150 667 3226 judicis
681 3150 821 3208 sententia
840 3159 959 3216 tenetur,
975 3150 1082 3225 peccati
1095 3165 1161 3206 rsus
1174 3156 1227 3214 est,
1241 3147 1267 3203 si

172 3269 234 3308 eam
258 3251 392 3308 detrectet
414 3250 534 3317 solvere,
558 3261 586 3305 01
605 3249 670 3305 dolo
694 3249 739 3304 vel
762 3249 791 3303 vi
811 3247 920 3304 evadat.
964 3247 1108 3305 Caeterum
1130 3245 1264 3304 existimo

172 3365 271 3425 poenas
285 3367 385 3407 omnes
398 3349 437 3405 ita
450 3348 541 3425 alege
555 3347 650 3413 010101,
664 3355 722 3404 010
738 3345 836 3422 judice
850 3344 974 3413 decerni,
989 3355 1019 3403 ut
1038 3329 1194 3422 irrogandas
1208 3343 1265 3399 sint

173 3467 190 3504 a
212 3450 328 3526 justitiae
355 3447 512 3514 ministrie;
532 3446 653 3518 ideoque
676 3445 810 3505 damnare
830 3463 889 3502 non
911 3443 1001 3503 audeo
1024 3462 1100 3509 eum,
1124 3442 1183 3514 qui,
1201 3441 1266 3517 jure

172 3545 265 3604 alieno
279 3548 379 3616 illeso,
394 3565 425 3604 00
439 3545 580 3612 subducit,
595 3544 750 3602 dummodo
764 3545 926 3601 tamensim
940 3563 998 3602 nou
1008 3543 1147 3608 adhibeat,
1154 3549 1183 3597 et
1195 3540 1264 3616 pub-

171 3645 258 3704 licum
273 3646 401 3704 ordinem
416 3665 473 3703 non
490 3645 644 3720 perturbet.

417 3875 483 3948 §V.
505 3875 553 3932 Du
575 3889 829 3930 oneranrromsus
849 3887 1013 3930 revocant.
1097 3854 1099 3864 ¹

222 4057 289 4111 132.
311 4053 473 4110 Advocatus
487 4052 571 4110 debet
584 4051 671 4128 probe
684 4068 769 4110 nosse
788 4050 878 4127 leges,
900 4058 929 4106 et
943 4047 1116 4125 judiciorum
1136 4045 1267 4112 sormarn,

173 4159 201 4207 01
222 4153 472 4211 instrumentorum
495 4149 737 4209 conficiendorum
760 4150 908 4217 rationem,
929 4156 961 4204 ut
981 4146 1128 4204 clientibus
1151 4161 1267 4220 operam

275 4339 315 4404 (1)
330 4337 393 4387 Vide
404 4337 561 4402 JonTaylor,
573 4338 646 4386 Duct.
657 4335 723 4386 Dub.
735 4335 751 4385 l.
763 4335 797 4384 iii.
809 4350 829 4383 c.
841 4338 865 4383 2.
876 4334 924 4383 rol.
938 4333 963 4384 ii.
976 4349 998 4398 p.
1011 4331 1051 4382 72.

277 4422 318 4490 (2)
338 4427 362 4474 2.
374 4427 399 4473 2.
409 4439 451 4488 qu.
461 4422 520 4473 lxix.
532 4431 575 4473 art.
586 4422 619 4472 ir.
647 4419 724 4486 Resp.

698 4516 756 4574 st*
