<?xml version="1.0" encoding="UTF-8"?>
<!DOCTYPE html PUBLIC "-//W3C//DTD XHTML 1.0 Transitional//EN"
    "http://www.w3.org/TR/xhtml1/DTD/xhtml1-transitional.dtd">
<html xmlns="http://www.w3.org/1999/xhtml" xml:lang="en" lang="en">
 <head>
  <title>
</title>
<meta http-equiv="Content-Type" content="text/html;charset=utf-8" />
  <meta name='ocr-system' content='tesseract 3.04.00' />
  <meta name='ocr-capabilities' content='ocr_page ocr_carea ocr_par ocr_line ocrx_word'/>
</head>
<body>
  <div class='ocr_page' id='page_1' title='image "./theologiaemoral03kenrgoog_0076.png"; bbox 0 0 3146 5266; ppageno 0'>
   <div class='ocr_carea' id='block_1_1' title="bbox 553 1495 988 1571">
    <p class='ocr_par' dir='ltr' id='par_1_1' title="bbox 553 1495 988 1571">
     <span class='ocr_line' id='line_1_1' title="bbox 553 1495 988 1571; baseline -0.007 -1"><span class='ocrx_word' id='word_1_1' title='bbox 553 1495 888 1571; x_wconf 82' lang='lat' dir='ltr'>TRAOTATUS</span> <span class='ocrx_word' id='word_1_2' title='bbox 917 1495 988 1570; x_wconf 93' lang='grc' dir='ltr'>ΙΙΙ.</span> 
     </span>
    </p>
   </div>
   <div class='ocr_carea' id='block_1_2' title="bbox 492 1747 1030 1812">
    <p class='ocr_par' dir='ltr' id='par_1_2' title="bbox 492 1747 1030 1812">
     <span class='ocr_line' id='line_1_2' title="bbox 492 1747 1030 1812; baseline 0 -2"><span class='ocrx_word' id='word_1_3' title='bbox 492 1749 562 1812; x_wconf 84' lang='lat' dir='ltr'>DE</span> <span class='ocrx_word' id='word_1_4' title='bbox 599 1747 767 1811; x_wconf 83' lang='lat' dir='ltr'>LEGE</span> <span class='ocrx_word' id='word_1_5' title='bbox 804 1748 1030 1812; x_wconf 83' lang='lat' dir='ltr'><strong>DIVINA.</strong></span> 
     </span>
    </p>
   </div>
   <div class='ocr_carea' id='block_1_3' title="bbox 615 2173 916 2428">
    <p class='ocr_par' dir='ltr' id='par_1_3' title="bbox 615 2173 916 2428">
     <span class='ocr_line' id='line_1_3' title="bbox 667 2173 855 2234; baseline 0.021 -4"><span class='ocrx_word' id='word_1_6' title='bbox 667 2173 811 2233; x_wconf 78' lang='lat' dir='ltr'><strong>CAPUT</strong></span> <span class='ocrx_word' id='word_1_7' title='bbox 831 2176 855 2234; x_wconf 89' lang='grc' dir='ltr'>Ι.</span> 
     </span>
     <span class='ocr_line' id='line_1_4' title="bbox 615 2387 916 2428; baseline 0.003 -3"><span class='ocrx_word' id='word_1_8' title='bbox 615 2387 655 2425; x_wconf 83' lang='lat' dir='ltr'>on</span> <span class='ocrx_word' id='word_1_9' title='bbox 675 2387 754 2427; x_wconf 77' lang='lat' dir='ltr'>enon</span> <span class='ocrx_word' id='word_1_10' title='bbox 775 2387 916 2428; x_wconf 70' lang='lat' dir='ltr'>urruns.</span> 
     </span>
    </p>
   </div>
   <div class='ocr_carea' id='block_1_4' title="bbox 217 2562 1311 4219">
    <p class='ocr_par' dir='ltr' id='par_1_4' title="bbox 217 2562 1311 3628">
     <span class='ocr_line' id='line_1_5' title="bbox 261 2562 1309 2645; baseline 0.002 -20"><span class='ocrx_word' id='word_1_11' title='bbox 261 2571 288 2625; x_wconf 91' lang='lat'>1.</span> <span class='ocrx_word' id='word_1_12' title='bbox 317 2568 529 2626; x_wconf 77' lang='lat' dir='ltr'>Consomnnm</span> <span class='ocrx_word' id='word_1_13' title='bbox 552 2562 653 2642; x_wconf 87' lang='lat' dir='ltr'>dirigat</span> <span class='ocrx_word' id='word_1_14' title='bbox 678 2575 789 2642; x_wconf 82' lang='lat' dir='ltr'>oportet</span> <span class='ocrx_word' id='word_1_15' title='bbox 813 2577 890 2626; x_wconf 86' lang='lat' dir='ltr'>actus</span> <span class='ocrx_word' id='word_1_16' title='bbox 915 2567 1055 2626; x_wconf 85' lang='lat' dir='ltr'>humanos</span> <span class='ocrx_word' id='word_1_17' title='bbox 1076 2569 1159 2645; x_wconf 86' lang='lat' dir='ltr'>juxta</span> <span class='ocrx_word' id='word_1_18' title='bbox 1184 2569 1309 2627; x_wconf 86' lang='lat' dir='ltr'>divinam</span> 
     </span>
     <span class='ocr_line' id='line_1_6' title="bbox 217 2666 1309 2743; baseline -0.001 -21"><span class='ocrx_word' id='word_1_19' title='bbox 217 2667 323 2740; x_wconf 82' lang='lat' dir='ltr'>legem,</span> <span class='ocrx_word' id='word_1_20' title='bbox 338 2685 400 2737; x_wconf 79' lang='lat' dir='ltr'>quae</span> <span class='ocrx_word' id='word_1_21' title='bbox 415 2673 458 2722; x_wconf 88' lang='lat' dir='ltr'>est</span> <span class='ocrx_word' id='word_1_22' title='bbox 476 2683 609 2740; x_wconf 85' lang='lat' dir='ltr'>suprema</span> <span class='ocrx_word' id='word_1_23' title='bbox 628 2683 725 2722; x_wconf 86' lang='lat' dir='ltr'>eorum</span> <span class='ocrx_word' id='word_1_24' title='bbox 745 2666 851 2743; x_wconf 84' lang='lat' dir='ltr'>regula.</span> <span class='ocrx_word' id='word_1_25' title='bbox 894 2667 967 2733; x_wconf 84' lang='lat' dir='ltr'>Lex,</span> <span class='ocrx_word' id='word_1_26' title='bbox 988 2687 1005 2722; x_wconf 87' lang='lat' dir='ltr'>a</span> <span class='ocrx_word' id='word_1_27' title='bbox 1025 2666 1141 2743; x_wconf 84' lang='lat' dir='ltr'>ligando</span> <span class='ocrx_word' id='word_1_28' title='bbox 1161 2667 1245 2732; x_wconf 86' lang='lat' dir='ltr'>dicta,</span> <span class='ocrx_word' id='word_1_29' title='bbox 1266 2676 1309 2722; x_wconf 88' lang='lat' dir='ltr'>est</span> 
     </span>
     <span class='ocr_line' id='line_1_7' title="bbox 221 2762 1310 2839; baseline -0.002 -20"><span class='ocrx_word' id='word_1_30' title='bbox 221 2781 323 2820; x_wconf 88' lang='lat' dir='ltr'>norma</span> <span class='ocrx_word' id='word_1_31' title='bbox 335 2772 410 2819; x_wconf 85' lang='lat' dir='ltr'>certa</span> <span class='ocrx_word' id='word_1_32' title='bbox 422 2771 449 2819; x_wconf 87' lang='lat' dir='ltr'>et</span> <span class='ocrx_word' id='word_1_33' title='bbox 461 2762 605 2839; x_wconf 86' lang='lat' dir='ltr'>fixejuxta</span> <span class='ocrx_word' id='word_1_34' title='bbox 618 2781 703 2835; x_wconf 85' lang='lat' dir='ltr'>quam</span> <span class='ocrx_word' id='word_1_35' title='bbox 716 2781 762 2818; x_wconf 86' lang='lat' dir='ltr'>res</span> <span class='ocrx_word' id='word_1_36' title='bbox 776 2772 841 2820; x_wconf 91' lang='lat' dir='ltr'>sunt</span> <span class='ocrx_word' id='word_1_37' title='bbox 853 2763 1030 2838; x_wconf 71' lang='lat' dir='ltr'>peragenda,</span> <span class='ocrx_word' id='word_1_38' title='bbox 1045 2782 1108 2834; x_wconf 82' lang='lat' dir='ltr'>quea</span> <span class='ocrx_word' id='word_1_39' title='bbox 1121 2763 1217 2822; x_wconf 86' lang='lat' dir='ltr'>divina</span> <span class='ocrx_word' id='word_1_40' title='bbox 1229 2781 1310 2818; x_wconf 86' lang='lat' dir='ltr'>voca-</span> 
     </span>
     <span class='ocr_line' id='line_1_8' title="bbox 221 2859 1309 2938; baseline 0.001 -20"><span class='ocrx_word' id='word_1_41' title='bbox 221 2871 273 2929; x_wconf 87' lang='lat' dir='ltr'>tur,</span> <span class='ocrx_word' id='word_1_42' title='bbox 289 2871 426 2934; x_wconf 88' lang='lat' dir='ltr'>quatenus</span> <span class='ocrx_word' id='word_1_43' title='bbox 440 2861 496 2918; x_wconf 90' lang='lat' dir='ltr'>Dei</span> <span class='ocrx_word' id='word_1_44' title='bbox 509 2861 635 2919; x_wconf 84' lang='lat' dir='ltr'>voluntas</span> <span class='ocrx_word' id='word_1_45' title='bbox 649 2869 693 2918; x_wconf 86' lang='lat' dir='ltr'>est</span> <span class='ocrx_word' id='word_1_46' title='bbox 705 2861 801 2938; x_wconf 84' lang='lat' dir='ltr'>reguJa</span> <span class='ocrx_word' id='word_1_47' title='bbox 814 2862 859 2918; x_wconf 86' lang='lat' dir='ltr'>cui</span> <span class='ocrx_word' id='word_1_48' title='bbox 873 2861 969 2919; x_wconf 90' lang='lat' dir='ltr'>omnia</span> <span class='ocrx_word' id='word_1_49' title='bbox 981 2861 1135 2938; x_wconf 87' lang='lat' dir='ltr'>subjacent.</span> <span class='ocrx_word' id='word_1_50' title='bbox 1164 2859 1309 2933; x_wconf 88' lang='lat' dir='ltr'>Equidem</span> 
     </span>
     <span class='ocr_line' id='line_1_9' title="bbox 218 2959 1309 3038; baseline 0 -20"><span class='ocrx_word' id='word_1_51' title='bbox 218 2962 289 3036; x_wconf 83' lang='lat' dir='ltr'>ipsae</span> <span class='ocrx_word' id='word_1_52' title='bbox 309 2978 354 3016; x_wconf 90' lang='lat' dir='ltr'>res</span> <span class='ocrx_word' id='word_1_53' title='bbox 375 2978 459 3017; x_wconf 87' lang='lat' dir='ltr'>sensu</span> <span class='ocrx_word' id='word_1_54' title='bbox 486 2960 635 3031; x_wconf 88' lang='lat' dir='ltr'>animaque</span> <span class='ocrx_word' id='word_1_55' title='bbox 655 2969 782 3018; x_wconf 81' lang='lat' dir='ltr'>carentes</span> <span class='ocrx_word' id='word_1_56' title='bbox 802 2970 877 3018; x_wconf 83' lang='lat' dir='ltr'>certa</span> <span class='ocrx_word' id='word_1_57' title='bbox 896 2959 1017 3032; x_wconf 85' lang='lat' dir='ltr'>quadam</span> <span class='ocrx_word' id='word_1_58' title='bbox 1036 2961 1143 3018; x_wconf 86' lang='lat' dir='ltr'>ratione</span> <span class='ocrx_word' id='word_1_59' title='bbox 1163 2971 1309 3038; x_wconf 85' lang='lat' dir='ltr'>reguntur,</span> 
     </span>
     <span class='ocr_line' id='line_1_10' title="bbox 220 3058 1309 3137; baseline 0 -21"><span class='ocrx_word' id='word_1_60' title='bbox 220 3078 282 3132; x_wconf 83' lang='lat' dir='ltr'>quae</span> <span class='ocrx_word' id='word_1_61' title='bbox 294 3059 368 3135; x_wconf 83' lang='lat' dir='ltr'>legis</span> <span class='ocrx_word' id='word_1_62' title='bbox 382 3061 469 3116; x_wconf 87' lang='lat' dir='ltr'>instar</span> <span class='ocrx_word' id='word_1_63' title='bbox 490 3067 550 3114; x_wconf 87' lang='lat' dir='ltr'>est:</span> <span class='ocrx_word' id='word_1_64' title='bbox 573 3067 746 3134; x_wconf 85' lang='lat' dir='ltr'>quapropter</span> <span class='ocrx_word' id='word_1_65' title='bbox 765 3077 859 3116; x_wconf 86' lang='lat' dir='ltr'>rerum</span> <span class='ocrx_word' id='word_1_66' title='bbox 879 3058 948 3116; x_wconf 88' lang='lat' dir='ltr'>ordo</span> <span class='ocrx_word' id='word_1_67' title='bbox 968 3059 1064 3118; x_wconf 89' lang='lat' dir='ltr'>divina</span> <span class='ocrx_word' id='word_1_68' title='bbox 1076 3060 1224 3137; x_wconf 81' lang='lat' dir='ltr'>Sapientia</span> <span class='ocrx_word' id='word_1_69' title='bbox 1237 3060 1309 3118; x_wconf 88' lang='lat' dir='ltr'>mire</span> 
     </span>
     <span class='ocr_line' id='line_1_11' title="bbox 220 3157 1311 3234; baseline -0.002 -19"><span class='ocrx_word' id='word_1_70' title='bbox 220 3159 387 3215; x_wconf 79' lang='lat' dir='ltr'>constitutus</span> <span class='ocrx_word' id='word_1_71' title='bbox 399 3157 448 3215; x_wconf 86' lang='lat' dir='ltr'>lex</span> <span class='ocrx_word' id='word_1_72' title='bbox 460 3165 592 3216; x_wconf 82' lang='lat' dir='ltr'>vocatur:</span> <span class='ocrx_word' id='word_1_73' title='bbox 616 3165 635 3192; x_wconf 91' lang='grc'>“</span> <span class='ocrx_word' id='word_1_74' title='bbox 644 3166 718 3214; x_wconf 83' lang='lat' dir='ltr'>certa</span> <span class='ocrx_word' id='word_1_75' title='bbox 729 3157 793 3234; x_wconf 87' lang='lat' dir='ltr'>lege</span> <span class='ocrx_word' id='word_1_76' title='bbox 807 3167 836 3215; x_wconf 85' lang='lat' dir='ltr'>et</span> <span class='ocrx_word' id='word_1_77' title='bbox 848 3177 919 3234; x_wconf 81' lang='lat' dir='ltr'>gyro</span> <span class='ocrx_word' id='word_1_78' title='bbox 927 3158 1046 3215; x_wconf 86' lang='lat' dir='ltr'>vallabat</span> <span class='ocrx_word' id='word_1_79' title='bbox 1055 3159 1174 3234; x_wconf 83' lang='lat' dir='ltr'>abyssos</span> <span class='ocrx_word' id='word_1_80' title='bbox 1189 3201 1196 3215; x_wconf 89' lang='lat'><strong>.</strong></span> <span class='ocrx_word' id='word_1_81' title='bbox 1213 3199 1220 3215; x_wconf 90' lang='lat'><strong>.</strong></span> <span class='ocrx_word' id='word_1_82' title='bbox 1237 3201 1244 3214; x_wconf 94' lang='lat'><strong>.</strong></span> <span class='ocrx_word' id='word_1_83' title='bbox 1260 3201 1267 3216; x_wconf 89' lang='lat'><strong>.</strong></span> <span class='ocrx_word' id='word_1_84' title='bbox 1283 3168 1311 3214; x_wconf 86' lang='lat' dir='ltr'>et</span> 
     </span>
     <span class='ocr_line' id='line_1_12' title="bbox 218 3252 1309 3334; baseline -0.002 -20"><span class='ocrx_word' id='word_1_85' title='bbox 218 3257 310 3334; x_wconf 85' lang='lat' dir='ltr'>legem</span> <span class='ocrx_word' id='word_1_86' title='bbox 329 3257 453 3334; x_wconf 87' lang='lat' dir='ltr'>ponebat</span> <span class='ocrx_word' id='word_1_87' title='bbox 472 3257 564 3330; x_wconf 86' lang='lat' dir='ltr'>aquis,</span> <span class='ocrx_word' id='word_1_88' title='bbox 585 3273 621 3312; x_wconf 90' lang='lat' dir='ltr'>ne</span> <span class='ocrx_word' id='word_1_89' title='bbox 646 3258 795 3315; x_wconf 84' lang='lat' dir='ltr'>transirent</span> <span class='ocrx_word' id='word_1_90' title='bbox 816 3256 887 3314; x_wconf 87' lang='lat' dir='ltr'>fines</span> <span class='ocrx_word' id='word_1_91' title='bbox 907 3252 1032 3313; x_wconf 85' lang='lat' dir='ltr'>suos:”¹</span> <span class='ocrx_word' id='word_1_92' title='bbox 1051 3255 1172 3328; x_wconf 91' lang='lat' dir='ltr'>ideoque</span> <span class='ocrx_word' id='word_1_93' title='bbox 1195 3266 1214 3292; x_wconf 85' lang='lat'>“</span> <span class='ocrx_word' id='word_1_94' title='bbox 1223 3258 1309 3334; x_wconf 81' lang='lat' dir='ltr'>ignis,</span> 
     </span>
     <span class='ocr_line' id='line_1_13' title="bbox 220 3353 1307 3432; baseline -0.001 -20"><span class='ocrx_word' id='word_1_95' title='bbox 220 3353 335 3430; x_wconf 86' lang='lat' dir='ltr'>grando,</span> <span class='ocrx_word' id='word_1_96' title='bbox 356 3356 418 3421; x_wconf 87' lang='lat' dir='ltr'>nix,</span> <span class='ocrx_word' id='word_1_97' title='bbox 440 3355 555 3432; x_wconf 82' lang='lat' dir='ltr'>glacies,</span> <span class='ocrx_word' id='word_1_98' title='bbox 576 3364 604 3410; x_wconf 90' lang='lat' dir='ltr'>et</span> <span class='ocrx_word' id='word_1_99' title='bbox 625 3355 742 3430; x_wconf 87' lang='lat' dir='ltr'>spiritus</span> <span class='ocrx_word' id='word_1_100' title='bbox 765 3355 953 3431; x_wconf 87' lang='lat' dir='ltr'>procellarum</span> <span class='ocrx_word' id='word_1_101' title='bbox 975 3397 981 3412; x_wconf 91' lang='lat'><strong>.</strong></span> <span class='ocrx_word' id='word_1_102' title='bbox 1005 3396 1012 3412; x_wconf 93' lang='lat'><strong>.</strong></span> <span class='ocrx_word' id='word_1_103' title='bbox 1035 3396 1042 3411; x_wconf 93' lang='lat'><strong>.</strong></span> <span class='ocrx_word' id='word_1_104' title='bbox 1063 3355 1170 3412; x_wconf 83' lang='lat' dir='ltr'>faciunt</span> <span class='ocrx_word' id='word_1_105' title='bbox 1189 3356 1307 3411; x_wconf 89' lang='lat' dir='ltr'>verbum</span> 
     </span>
     <span class='ocr_line' id='line_1_14' title="bbox 220 3445 1308 3531; baseline -0.004 -21"><span class='ocrx_word' id='word_1_106' title='bbox 220 3445 329 3531; x_wconf 76' lang='lat' dir='ltr'>ejus.’&#39;²</span> <span class='ocrx_word' id='word_1_107' title='bbox 370 3454 500 3512; x_wconf 76' lang='lat' dir='ltr'>strictius</span> <span class='ocrx_word' id='word_1_108' title='bbox 514 3463 608 3512; x_wconf 86' lang='lat' dir='ltr'>tamen</span> <span class='ocrx_word' id='word_1_109' title='bbox 620 3453 668 3510; x_wconf 83' lang='lat' dir='ltr'>lex</span> <span class='ocrx_word' id='word_1_110' title='bbox 682 3453 784 3512; x_wconf 89' lang='lat' dir='ltr'>dicitur</span> <span class='ocrx_word' id='word_1_111' title='bbox 797 3452 898 3530; x_wconf 86' lang='lat' dir='ltr'>agendi</span> <span class='ocrx_word' id='word_1_112' title='bbox 911 3453 1009 3528; x_wconf 86' lang='lat' dir='ltr'>regula</span> <span class='ocrx_word' id='word_1_113' title='bbox 1027 3454 1085 3510; x_wconf 88' lang='lat' dir='ltr'>enti</span> <span class='ocrx_word' id='word_1_114' title='bbox 1098 3453 1226 3508; x_wconf 83' lang='lat' dir='ltr'>rationali</span> <span class='ocrx_word' id='word_1_115' title='bbox 1239 3470 1308 3525; x_wconf 85' lang='lat' dir='ltr'>prae-</span> 
     </span>
     <span class='ocr_line' id='line_1_15' title="bbox 221 3554 334 3628; baseline 0.018 -22"><span class='ocrx_word' id='word_1_116' title='bbox 221 3554 334 3628; x_wconf 82' lang='lat' dir='ltr'>scripta.</span> 
     </span>
    </p>

    <p class='ocr_par' dir='ltr' id='par_1_5' title="bbox 219 3644 1310 4119">
     <span class='ocr_line' id='line_1_16' title="bbox 261 3644 1310 3726; baseline -0.003 -19"><span class='ocrx_word' id='word_1_117' title='bbox 261 3655 291 3707; x_wconf 79' lang='lat'>2.</span> <span class='ocrx_word' id='word_1_118' title='bbox 314 3649 377 3708; x_wconf 75' lang='lat' dir='ltr'>Len</span> <span class='ocrx_word' id='word_1_119' title='bbox 398 3656 509 3708; x_wconf 75' lang='lat' dir='ltr'>aterna</span> <span class='ocrx_word' id='word_1_120' title='bbox 530 3651 564 3706; x_wconf 94' lang='lat' dir='ltr'>ab</span> <span class='ocrx_word' id='word_1_121' title='bbox 584 3651 745 3726; x_wconf 80' lang='lat' dir='ltr'>Augustino</span> <span class='ocrx_word' id='word_1_122' title='bbox 767 3656 841 3706; x_wconf 88' lang='lat' dir='ltr'>reete</span> <span class='ocrx_word' id='word_1_123' title='bbox 861 3646 993 3704; x_wconf 86' lang='lat' dir='ltr'>definitur</span> <span class='ocrx_word' id='word_1_124' title='bbox 1014 3648 1111 3704; x_wconf 80' lang='lat' dir='ltr'>“ratio</span> <span class='ocrx_word' id='word_1_125' title='bbox 1137 3644 1243 3714; x_wconf 87' lang='lat' dir='ltr'>divina,</span> <span class='ocrx_word' id='word_1_126' title='bbox 1264 3647 1310 3704; x_wconf 87' lang='lat' dir='ltr'>vel</span> 
     </span>
     <span class='ocr_line' id='line_1_17' title="bbox 222 3747 1310 3824; baseline 0 -20"><span class='ocrx_word' id='word_1_127' title='bbox 222 3747 348 3806; x_wconf 80' lang='lat' dir='ltr'>voluntas</span> <span class='ocrx_word' id='word_1_128' title='bbox 374 3749 441 3816; x_wconf 88' lang='lat' dir='ltr'>Dei,</span> <span class='ocrx_word' id='word_1_129' title='bbox 468 3747 597 3806; x_wconf 87' lang='lat' dir='ltr'>ordinem</span> <span class='ocrx_word' id='word_1_130' title='bbox 629 3749 783 3806; x_wconf 87' lang='lat' dir='ltr'>naturalem</span> <span class='ocrx_word' id='word_1_131' title='bbox 816 3749 976 3806; x_wconf 80' lang='lat' dir='ltr'>conservari</span> <span class='ocrx_word' id='word_1_132' title='bbox 1004 3747 1120 3824; x_wconf 87' lang='lat' dir='ltr'>jubens,</span> <span class='ocrx_word' id='word_1_133' title='bbox 1154 3748 1310 3822; x_wconf 87' lang='lat' dir='ltr'>perturbari</span> 
     </span>
     <span class='ocr_line' id='line_1_18' title="bbox 220 3839 1310 3923; baseline -0.001 -21"><span class='ocrx_word' id='word_1_134' title='bbox 220 3856 316 3904; x_wconf 83' lang='lat' dir='ltr'>vetans</span> <span class='ocrx_word' id='word_1_135' title='bbox 326 3839 373 3902; x_wconf 73' lang='lat'>:⁹⁹³</span> <span class='ocrx_word' id='word_1_136' title='bbox 392 3855 435 3904; x_wconf 89' lang='lat' dir='ltr'>est</span> <span class='ocrx_word' id='word_1_137' title='bbox 448 3847 554 3922; x_wconf 87' lang='lat' dir='ltr'>qnippe</span> <span class='ocrx_word' id='word_1_138' title='bbox 567 3848 631 3922; x_wconf 86' lang='lat' dir='ltr'>ipsa</span> <span class='ocrx_word' id='word_1_139' title='bbox 643 3864 776 3923; x_wconf 89' lang='lat' dir='ltr'>suprema</span> <span class='ocrx_word' id='word_1_140' title='bbox 789 3847 845 3904; x_wconf 88' lang='lat' dir='ltr'>Dei</span> <span class='ocrx_word' id='word_1_141' title='bbox 857 3847 938 3914; x_wconf 88' lang='lat' dir='ltr'>ratio,</span> <span class='ocrx_word' id='word_1_142' title='bbox 953 3863 1107 3918; x_wconf 87' lang='lat' dir='ltr'>normaque</span> <span class='ocrx_word' id='word_1_143' title='bbox 1120 3847 1189 3901; x_wconf 85' lang='lat' dir='ltr'>recti</span> <span class='ocrx_word' id='word_1_144' title='bbox 1202 3853 1231 3900; x_wconf 89' lang='lat' dir='ltr'>et</span> <span class='ocrx_word' id='word_1_145' title='bbox 1243 3845 1310 3901; x_wconf 90' lang='lat' dir='ltr'>boni</span> 
     </span>
     <span class='ocr_line' id='line_1_19' title="bbox 220 3941 1310 4020; baseline -0.001 -20"><span class='ocrx_word' id='word_1_146' title='bbox 220 3946 253 4001; x_wconf 92' lang='lat' dir='ltr'>ab</span> <span class='ocrx_word' id='word_1_147' title='bbox 267 3945 391 4001; x_wconf 88' lang='lat' dir='ltr'>essentia</span> <span class='ocrx_word' id='word_1_148' title='bbox 403 3944 499 4002; x_wconf 85' lang='lat' dir='ltr'>divina</span> <span class='ocrx_word' id='word_1_149' title='bbox 512 3943 651 4002; x_wconf 77' lang='lat' dir='ltr'>denvata:</span> <span class='ocrx_word' id='word_1_150' title='bbox 673 3964 726 4002; x_wconf 85' lang='lat' dir='ltr'>neo</span> <span class='ocrx_word' id='word_1_151' title='bbox 744 3944 810 4002; x_wconf 81' lang='lat' dir='ltr'>ferri</span> <span class='ocrx_word' id='word_1_152' title='bbox 830 3946 917 4020; x_wconf 73' lang='lat' dir='ltr'>erepit</span> <span class='ocrx_word' id='word_1_153' title='bbox 936 3943 1087 4016; x_wconf 87' lang='lat' dir='ltr'>aliquando</span> <span class='ocrx_word' id='word_1_154' title='bbox 1107 3941 1203 4000; x_wconf 90' lang='lat' dir='ltr'>divino</span> <span class='ocrx_word' id='word_1_155' title='bbox 1223 3941 1310 3999; x_wconf 88' lang='lat' dir='ltr'>veluti</span> 
     </span>
     <span class='ocr_line' id='line_1_20' title="bbox 219 4041 1004 4119; baseline -0.004 -19"><span class='ocrx_word' id='word_1_156' title='bbox 219 4043 343 4110; x_wconf 79' lang='lat' dir='ltr'>arbitria,</span> <span class='ocrx_word' id='word_1_157' title='bbox 358 4042 408 4099; x_wconf 90' lang='lat' dir='ltr'>sed</span> <span class='ocrx_word' id='word_1_158' title='bbox 422 4043 478 4119; x_wconf 89' lang='lat' dir='ltr'>ipsi</span> <span class='ocrx_word' id='word_1_159' title='bbox 491 4041 549 4101; x_wconf 87' lang='lat' dir='ltr'>Dei</span> <span class='ocrx_word' id='word_1_160' title='bbox 562 4042 690 4100; x_wconf 74' lang='lat' dir='ltr'>essentiae</span> <span class='ocrx_word' id='word_1_161' title='bbox 704 4041 863 4101; x_wconf 74' lang='lat' dir='ltr'>necessarii)</span> <span class='ocrx_word' id='word_1_162' title='bbox 877 4041 1004 4099; x_wconf 87' lang='lat' dir='ltr'>inhaeret.</span> 
     </span>
    </p>

    <p class='ocr_par' dir='ltr' id='par_1_6' title="bbox 258 4139 1309 4219">
     <span class='ocr_line' id='line_1_21' title="bbox 258 4139 1309 4219; baseline -0.004 -20"><span class='ocrx_word' id='word_1_163' title='bbox 258 4145 287 4199; x_wconf 84' lang='lat'>3.</span> <span class='ocrx_word' id='word_1_164' title='bbox 309 4140 377 4200; x_wconf 78' lang='lat' dir='ltr'>Len</span> <span class='ocrx_word' id='word_1_165' title='bbox 395 4139 548 4200; x_wconf 80' lang='lat' dir='ltr'>naturalis</span> <span class='ocrx_word' id='word_1_166' title='bbox 569 4140 644 4219; x_wconf 88' lang='lat' dir='ltr'>apud</span> <span class='ocrx_word' id='word_1_167' title='bbox 662 4141 693 4198; x_wconf 83' lang='lat' dir='ltr'>S.</span> <span class='ocrx_word' id='word_1_168' title='bbox 715 4141 860 4199; x_wconf 87' lang='lat' dir='ltr'>Thomam</span> <span class='ocrx_word' id='word_1_169' title='bbox 881 4139 991 4208; x_wconf 86' lang='lat' dir='ltr'>dieitur,</span> <span class='ocrx_word' id='word_1_170' title='bbox 1013 4140 1217 4216; x_wconf 82' lang='lat' dir='ltr'>“participatio</span> <span class='ocrx_word' id='word_1_171' title='bbox 1236 4139 1309 4216; x_wconf 88' lang='lat' dir='ltr'>legis</span> 
     </span>
    </p>
   </div>
   <div class='ocr_carea' id='block_1_5' title="bbox 377 4335 1143 4489">
    <p class='ocr_par' dir='ltr' id='par_1_7' title="bbox 377 4335 1143 4489">
     <span class='ocr_line' id='line_1_22' title="bbox 377 4335 1143 4405; baseline -0.003 -18"><span class='ocrx_word' id='word_1_172' title='bbox 377 4335 431 4404; x_wconf 83' lang='grc'>’(1)</span> <span class='ocrx_word' id='word_1_173' title='bbox 452 4339 523 4388; x_wconf 84' lang='lat' dir='ltr'>Prov.</span> <span class='ocrx_word' id='word_1_174' title='bbox 535 4339 585 4388; x_wconf 80' lang='lat' dir='ltr'>viii.</span> <span class='ocrx_word' id='word_1_175' title='bbox 596 4338 638 4398; x_wconf 78' lang='lat'>27,</span> <span class='ocrx_word' id='word_1_176' title='bbox 650 4341 690 4388; x_wconf 66' lang='grc'>99.</span> <span class='ocrx_word' id='word_1_177' title='bbox 903 4339 945 4405; x_wconf 66' lang='lat' dir='ltr'>(Q)</span> <span class='ocrx_word' id='word_1_178' title='bbox 966 4337 1007 4388; x_wconf 84' lang='lat' dir='ltr'>Ps.</span> <span class='ocrx_word' id='word_1_179' title='bbox 1019 4337 1107 4388; x_wconf 79' lang='lat' dir='ltr'>cxlviii.</span> <span class='ocrx_word' id='word_1_180' title='bbox 1120 4341 1143 4386; x_wconf 88' lang='lat'>8.</span> 
     </span>
     <span class='ocr_line' id='line_1_23' title="bbox 393 4423 903 4489; baseline 0 -17"><span class='ocrx_word' id='word_1_181' title='bbox 393 4423 443 4489; x_wconf 68' lang='lat'>(3)=’</span> <span class='ocrx_word' id='word_1_182' title='bbox 454 4423 484 4472; x_wconf 93' lang='lat' dir='ltr'>L.</span> <span class='ocrx_word' id='word_1_183' title='bbox 495 4423 557 4474; x_wconf 82' lang='lat' dir='ltr'>xxii.</span> <span class='ocrx_word' id='word_1_184' title='bbox 567 4430 651 4474; x_wconf 78' lang='lat' dir='ltr'>contre</span> <span class='ocrx_word' id='word_1_185' title='bbox 663 4423 784 4474; x_wconf 80' lang='lat' dir='ltr'>Faustum</span> <span class='ocrx_word' id='word_1_186' title='bbox 796 4439 817 4472; x_wconf 86' lang='lat' dir='ltr'>o.</span> <span class='ocrx_word' id='word_1_187' title='bbox 828 4424 903 4474; x_wconf 79' lang='lat' dir='ltr'>xxvii.</span> 
     </span>
    </p>
   </div>
   <div class='ocr_carea' id='block_1_6' title="bbox 0 0 1588 5266">
    <p class='ocr_par' dir='ltr' id='par_1_8' title="bbox 0 0 1588 5266">
     <span class='ocr_line' id='line_1_24' title="bbox 0 0 1588 5266; baseline 0 0"><span class='ocrx_word' id='word_1_188' title='bbox 0 0 1588 5266; x_wconf 95' lang='lat' dir='ltr'> </span> 
     </span>
    </p>
   </div>
  </div>
 </body>
</html>
