3046 5262
612 1216 753 1280 CAPUT
773 1220 813 1280 ΙΙ.

578 1433 617 1474 DE
639 1435 718 1476 Lanu
739 1437 843 1478 clvlu.
903 1481 919 1508 0

207 1610 236 1664 8.
257 1606 325 1666 Lex
346 1609 438 1668 civilis
461 1608 574 1670 definiri
592 1623 685 1690 potest
707 1633 788 1688 aqua
809 1614 948 1676 ordinatio
970 1616 1076 1678 stabilis
1099 1615 1134 1677 ad
1153 1616 1260 1674 bonum

166 1707 313 1780 publicum
339 1707 453 1768 condita
477 1719 506 1768 et
531 1711 708 1790 promulgata
734 1733 904 1791 asuprema
928 1723 1054 1792 potesate
1079 1734 1145 1774 oum
1171 1715 1260 1772 inten-

163 1805 241 1862 tione
268 1806 412 1884 obligandi
438 1808 576 1868 subditos.
617 1810 723 1888 AEquo
754 1814 792 1870 sit
816 1822 938 1890 oportet,
966 1823 995 1872 et
1021 1814 1128 1872 viribus
1154 1815 1260 1870 oivium

163 1903 380 1964 subditommve
403 1914 593 1986 attemperata,
614 1929 681 1969 nam
701 1919 817 1970 “nemo
837 1912 871 1972 ad
892 1913 1069 1989 impossibile
1089 1909 1258 1988 obligatur.'’

166 2000 279 2078 Iniusta
291 2014 382 2064 autem
397 2005 536 2066 ordinatio
557 2007 629 2085 legis
650 2027 756 2069 nomen
777 2029 835 2070 non
858 2021 997 2071 meretur:
1020 2007 1154 2078 “mihi”
1170 2008 1262 2082 inquit

164 2101 353 2178 Augustinus,
367 2105 447 2166 “lex
461 2123 598 2166 essenon
608 2108 792 2182 videturque
801 2111 879 2186 justa
889 2101 1085 2172 nonsuerit.”¹
1125 2109 1260 2182 Aliquan-

164 2199 202 2258 do
231 2209 325 2261 tamen
350 2206 448 2280 gravia
474 2206 663 2284 imponuntur
687 2227 776 2268 onera
800 2219 917 2288 urgente
943 2209 1056 2287 publiea
1080 2210 1258 2268 necessitate.

167 2297 295 2358 Statilio
308 2302 459 2372 ordinatio.
474 2305 504 2362 in
518 2316 688 2386 perpetuum
709 2309 819 2368 scilieet
836 2309 903 2378 lata,
916 2308 962 2366 vel
981 2306 1016 2364 ad
1036 2317 1147 2384 tempus
1161 2306 1260 2365 defini·

163 2408 234 2467 tum,
248 2399 295 2458 lex
314 2412 369 2471 est,
383 2421 447 2476 qua
461 2403 539 2462 enim
547 2405 683 2482 jubentur
702 2407 769 2467 huio
783 2407 829 2466 vel
842 2407 882 2466 illi
902 2406 992 2466 semel
1004 2407 1142 2466 iterumve
1156 2407 1260 2465 sacien-

163 2496 207 2565 da,
234 2511 443 2577 praeceptorum
469 2503 556 2562 instar
580 2515 655 2564 sunt.
706 2505 759 2566 Ad
783 2507 895 2566 tonum
916 2524 1071 2568 commune
1092 2507 1171 2584 leges
1194 2505 1260 2566 diri·

162 2606 262 2674 gantur
284 2618 403 2658 necesse
427 2611 480 2670 est,
504 2601 581 2661 salus
604 2606 682 2664 enim
704 2606 804 2684 populi
825 2624 959 2684 suprema
982 2615 1025 2663 est
1043 2605 1100 2662 lex.
1143 2603 1258 2662 Bonum

161 2696 309 2772 publicum
320 2698 370 2756 bio
384 2700 548 2778 intelligitur
562 2702 631 2764 ordo
645 2714 674 2762 et
686 2704 871 2777 tranquillitas
889 2705 1042 2770 societatis,
1062 2711 1091 2760 et
1103 2701 1180 2773 quod
1193 2719 1259 2758 oum

162 2793 330 2870 reipublice
352 2797 513 2860 utilitatibus
542 2803 743 2880 conjungitur:
776 2802 824 2860 hio
850 2802 928 2884 enim
953 2801 1018 2860 finis
1045 2808 1088 2858 est
1113 2799 1260 2876 regiminis

162 2893 268 2951 civilis.
310 2893 511 2976 Promulgort'
524 2899 609 2959 debet
621 2900 670 2960 lex
683 2911 714 2960 ut
724 2901 853 2960 subditos
867 2901 946 2980 liget,
960 2899 1011 2959 sed
1032 2899 1091 2957 “in
1104 2898 1261 2957 favorabili·

160 2993 213 3050 bus
231 2996 391 3055 necessarie
403 3017 461 3056 non
475 3008 519 3058 est
538 2995 779 3078 promulgatam
818 3000 905 3078 Apud
925 3019 978 3060 nos
997 2999 1177 3078 promulgata
1197 3017 1261 3058 oen·

162 3091 309 3161 seturlex,
323 3097 463 3155 statimne
482 3097 537 3156 lata
556 3093 672 3168 suerit;³
691 3100 819 3179 exeeptis
838 3101 983 3160 nonnullis
1004 3101 1139 3167 statibus,
1154 3101 1184 3157 in
1198 3099 1259 3174 qui·

162 3189 215 3247 bus
229 3188 354 3267 viginti‚⁴
366 3190 504 3272 triginta‚⁵
516 3196 562 3254 vel
580 3191 744 3276 sexaginta⁶
757 3199 818 3258 dies
831 3199 975 3258 elabantur
994 3216 1112 3256 neeesse
1126 3210 1170 3255 est
1183 3209 1260 3256 ante·

164 3308 251 3361 quam
266 3291 325 3350 vim
338 3293 449 3352 habeat.
492 3304 511 3331 ‘⁶
522 3295 557 3354 ln
571 3297 666 3356 Gallia
686 3297 759 3376 legis
772 3297 962 3376 promulgatio
975 3296 1007 3354 fit
1019 3314 1071 3373 per
1084 3295 1158 3352 illius
1172 3297 1261 3353 inser·

163 3389 273 3446 tionem
287 3390 316 3448 in
329 3393 438 3451 tabulas
451 3389 596 3474 legum.”⁷
1257 3375 1265 3390 ’

205 3491 234 3544 9.
255 3487 387 3550 Fuerunt
400 3494 451 3566 qui
466 3493 674 3575 *contenderent
693 3495 792 3572 populi
807 3511 978 3552 eonsensum
1000 3491 1106 3565 requiri
1125 3492 1209 3550 etiam
1233 3494 1262 3550 in

164 3587 260 3662 regnis
274 3597 302 3644 et
325 3589 463 3670 imperiis,
484 3604 517 3652 ut
537 3593 617 3673 leges
639 3596 699 3653 vim
721 3593 866 3661 haberent,
889 3592 1020 3652 dicebant
1041 3591 1119 3651 enim
1141 3609 1189 3648 eas
1209 3590 1263 3648 hac

163 3683 249 3744 tacita
261 3688 425 3748 conditione
439 3692 518 3762 ferri,
532 3695 558 3753 si
572 3713 588 3752 a
600 3695 710 3772 populo
723 3692 994 3770 fuerintacoeptatae.
1036 3689 1261 3758 ltaCanonistae,

164 3793 193 3840 et
212 3783 332 3844 Juristae
345 3793 544 3862 communiter,
558 3793 625 3854 item
646 3795 777 3852 Navarra
796 3793 887 3861 Azor,
908 3792 1022 3866 aliique.
1064 3792 1173 3851 Favere
1187 3788 1263 3847 vide·

162 3884 265 3942 bantur
278 3886 360 3962 plura
369 3889 444 3966 juris
458 3893 618 3952 axiomata:
640 3902 660 3929 “
669 3894 749 3971 leges
763 3893 947 3953 instituuntur
956 3890 1069 3963 quando
1082 3889 1263 3969 promulgan-

197 4063 238 4127 (l)
257 4061 499 4115 1..i.‹tatit.arb.e
512 4080 534 4113 v.
738 4045 782 4132 (Ξ)
801 4065 869 4116 turis
879 4063 983 4114 axioma.

197 4147 241 4212 (3)
261 4153 309 4196 “A
326 4150 448 4200 satureia
463 4158 489 4200 to
506 4158 603 4217 operate
620 4151 683 4202 from
699 4151 742 4201 the
758 4167 816 4214 very
834 4149 882 4213 day
891 4150 911 4201 it
921 4144 1028 4215 posses?
1062 4147 1151 4199 Kent's
1163 4147 1261 4199 Corum.

163 4231 221 4281 Vol.
232 4231 249 4281 i.
260 4247 285 4295 p.
294 4234 317 4282 ³.
329 4232 388 4284 Leo.
400 4249 441 4284 xx.

195 4315 236 4379 (4)
256 4314 322 4365 Now
332 4317 409 4368 York
580 4320 621 4385 (⁵)
641 4318 840 4370 Mmaobusstts.
1009 4318 1049 4384 (6)
1068 4316 1224 4383 Mississippi·

197 4401 242 4465 (7)
261 4398 358 4451 Cursus
369 4401 457 4454 Thool
468 4403 525 4455 Vol.
537 4404 579 4456 xii.
591 4405 702 4456 ool.557.
713 4411 772 4455 nota
786 4407 808 4452 1.

203 4496 281 4554 Von.
302 4496 410 4555 1.·-24
