3146 5266
479 476 537 536 DE
558 477 853 540 CONSOIENTIA
873 479 1012 542 Duum.
1253 491 1292 546 to

202 644 321 711 crimini,
337 644 510 702 consortium
532 643 680 720 eujusdam
696 643 910 716 frequentando,
925 646 1001 717 quod
1020 661 1145 721 praesens
1158 651 1294 725 peccandi

203 742 360 823 pericnlum
381 743 565 820 conjunctum
585 741 703 812 habeat3
729 745 775 800 vel
793 744 869 819 apud
888 763 919 800 se
931 745 1079 803 retinendo
1092 745 1213 820 aliquam
1227 767 1293 806 curn

202 863 257 918 qua
270 844 420 901 consuevit
432 859 562 918 peceare.
604 841 663 898 Sed
685 841 720 899 de
740 843 803 918 lege
823 851 932 900 rotante
952 862 988 902 ne
1009 845 1072 918 quis
1086 854 1177 904 actum
1191 845 1293 914 eliciat,

206 961 294 1017 quern
308 943 374 1018 lege
396 941 514 998 vetitum
534 957 593 998 non
613 940 700 1007 novit,
717 959 775 998 non
797 950 923 1000 constatz
948 944 1077 1015 quamvis
1099 945 1176 1002 enirn
1189 947 1296 1004 contin·

205 1061 273 1118 gere
294 1041 389 1117 possit
401 1048 496 1098 acurm
511 1057 575 1096 esse
588 1038 645 1114 legi
658 1037 817 1108 adversum,
832 1042 945 1108 erroris,
959 1043 1053 1118 potius
1073 1061 1158 1117 quarn
1178 1045 1295 1120 peccati

204 1141 285 1198 adest
303 1139 476 1216 pericnlum,
488 1156 577 1212 quum
590 1146 737 1214 peccatum
748 1139 845 1216 exigat
856 1139 1041 1199 voluntariam
1053 1142 1125 1218 legis
1144 1151 1296 1218 transgres-

203 1240 323 1297 sionem.

246 1342 295 1396 18.
321 1335 513 1415 Obligationt'
527 1342 612 1395 certae
626 1337 771 1415 scriptori
794 1345 871 1396 certo
894 1337 986 1396 debet.
1027 1333 1172 1414 Equidem
1186 1342 1295 1412 quoties

204 1437 240 1494 de
253 1436 316 1514 lege
330 1436 377 1493 vel
389 1455 475 1494 onere
494 1443 613 1503 constat,
628 1454 741 1508 aequum
764 1446 855 1495 estut
876 1437 945 1495 iilud
967 1438 1114 1514 impletum
1133 1456 1295 1506 noscamus,

206 1545 359 1609 antequam
372 1555 426 1594 nos
445 1535 549 1594 liberos
569 1535 723 1592 habeamus
743 1536 866 1595 vinculo.
909 1537 959 1593 Sic
978 1538 1002 1593 si
1021 1536 1097 1596 haud
1117 1538 1295 1596 meminerim

206 1641 302 1691 utrum
314 1635 489 1691 recitaverim
508 1633 621 1700 Herus,
642 1651 695 1690 neo
715 1632 787 1690 adsit
804 1637 875 1693 ratio
895 1653 950 1706 qua
969 1635 1169 1694 dubitationem
1189 1637 1295 1704 tollam,

208 1741 293 1788 erunt
305 1731 377 1788 mibi
392 1732 549 1799 recitandae,
562 1751 598 1788 ne
611 1732 723 1788 muneri
737 1732 837 1789 desim.
880 1733 914 1790 Si
927 1732 1051 1792 dubitem
1072 1733 1145 1793 serid
1159 1735 1194 1792 de
1207 1737 1296 1810 porni-

206 1831 294 1889 tentia
306 1829 434 1905 impleta,
448 1829 484 1886 dc
504 1837 568 1887 voto
581 1829 684 1896 soluto,
700 1828 735 1885 de
748 1829 820 1904 legis
840 1849 925 1887 onere
945 1842 1065 1900 servato,
1085 1843 1195 1908 oportet
1212 1843 1243 1889 ut
1255 1834 1294 1888 rei

206 1927 371 1986 certitudine
384 1928 478 1986 tollam
501 1927 713 1986 dubitationem.
756 1927 823 1984 Hoc
843 1936 938 1987 tamen
958 1929 992 1986 de
1014 1928 1144 2004 prudenti
1157 1928 1296 1987 dubietate

207 2025 438 2104 intelligendum,
452 2046 511 2086 non
525 2026 629 2084 delevi
643 2044 820 2100 quacumque
841 2027 1021 2096 dubitatione,
1036 2046 1086 2086 seu
1106 2029 1199 2103 potius
1212 2029 1298 2088 omis·

206 2128 294 2185 sionis
307 2128 481 2203 suspicione.

248 2229 294 2283 19.
320 2235 340 2261 ‘⁶
352 2225 390 2284 In
398 2227 473 2306 puri
483 2224 590 2285 delicto
600 2224 648 2285 vel
660 2244 767 2286 caussa
777 2225 884 2286 melior
895 2234 938 2286 cet
948 2243 1056 2286 causeo
1063 2226 1260 2305 possidentia.

210 2324 280 2382 Haec
293 2326 391 2402 regula
400 2327 474 2404 juris
488 2327 614 2384 maxime
623 2327 739 2402 respicit
747 2327 918 2405 judiciorum
932 2326 1070 2394 ordinem,
1078 2329 1109 2384 in
1118 2327 1220 2398 quibus
1232 2343 1298 2402 pos-

210 2426 315 2482 sessori
327 2443 372 2481 res
387 2415 533 2501 eripienda
544 2443 603 2482 non
616 2433 668 2493 est,
683 2426 739 2483 nisi
752 2427 834 2501 plane
854 2427 987 2502 probetur
999 2427 1105 2492 aliena;
1126 2443 1298 2501 presumen-

208 2521 277 2580 dum
291 2524 396 2598 qnippe
409 2533 462 2592 est,
477 2543 542 2582 eum
564 2523 613 2596 qui
632 2524 769 2598 possidet,
786 2526 850 2601 jnre
871 2544 932 2582 eam
953 2524 1109 2602 possidere,
1122 2525 1178 2582 nisi
1192 2531 1299 2581 contra·

205 2622 284 2678 rium
298 2631 400 2696 pateat.
421 2622 508 2680 Valet
520 2625 605 2682 etiam
619 2622 648 2679 in
662 2625 844 2692 conscientia,
855 2625 937 2701 juxta
950 2625 1110 2700 plerosque,
1124 2641 1209 2679 nemo
1222 2622 1298 2677 enim

208 2737 283 2786 rem,
299 2737 385 2791 quam
395 2721 470 2776 bona
481 2722 536 2778 fide
555 2721 701 2797 possidere
722 2723 816 2796 coepit,
831 2721 969 2778 dimittere
989 2729 1108 2785 tenetur,
1124 2720 1179 2776 nisi
1192 2726 1301 2774 constet

208 2835 273 2876 eam
288 2835 371 2874 suern
385 2836 442 2875 non
456 2837 527 2876 esse.
569 2819 712 2878 Caeterum
732 2828 798 2877 sunt
818 2821 867 2892 qui
887 2818 983 2877 dicunt
996 2837 1061 2876 eum
1076 2817 1125 2890 qui
1138 2834 1175 2873 ex
1188 2833 1301 2891 posscs-

207 2901 288 2974 eicie
303 2935 362 2974 non
375 2915 458 2973 babet
470 2917 685 2976 fundamentum
699 2918 838 2976 inserendi
858 2937 918 2976 rem
938 2937 1001 2974 csse
1021 2935 1112 2984 suam,
1134 2914 1235 2974 debere
1248 2932 1300 2990 pro

209 3012 288 3072 dubii
302 3017 410 3072 ratione
424 3015 531 3088 aliquid
543 3009 717 3074 restituere.²

246 3118 295 3170 20.
318 3113 414 3172 “Pro
429 3131 460 3172 eo
474 3115 617 3173 standum
632 3122 736 3193 estpro
745 3132 802 3190 quo
817 3121 878 3173 stat
886 3113 1117 3193 presumptio.”
1138 3114 1196 3180 Qui
1210 3121 1302 3170 auoto-

207 3213 286 3270 ritate
296 3213 391 3284 aliqua
399 3233 431 3270 ac
444 3232 560 3271 munere
577 3215 686 3282 fmitur,
698 3213 855 3270 censendus
864 3223 908 3271 est
915 3215 964 3290 jus
977 3212 1053 3285 quod
1066 3223 1180 3270 exercet
1187 3212 1301 3276 habere,

209 3313 267 3368 nisi
278 3314 448 3369 contrarium
461 3313 575 3384 liqueat.
598 3313 648 3369 Sic
660 3313 738 3388 leges
752 3321 958 3387 praesumuntur
970 3311 1046 3369 haud
1059 3309 1195 3368 excedere
1210 3318 1302 3383 potes·

210 3418 294 3466 tatem
307 3429 354 3468 eas
368 3411 528 3479 serentium,
541 3411 675 3483 quamdiu
686 3411 757 3468 nihil
770 3421 865 3468 eontra
878 3418 1002 3487 apparet.
1021 3410 1162 3484 Superior
1173 3415 1303 3462 censetur

212 3516 381 3583 potestatem
395 3527 479 3581 quam
500 3519 614 3567 exercet
632 3510 746 3574 habere,
760 3509 817 3564 nisi
837 3519 915 3564 extra
933 3507 1039 3562 limites
1060 3523 1125 3561 eum
1145 3502 1303 3558 excessisse

210 3613 342 3664 constet:
364 3607 437 3678 quod
458 3609 483 3664 si
503 3625 549 3664 res
569 3610 607 3666 sit
619 3607 700 3664 valde
713 3605 841 3674 molesta,
856 3614 884 3662 et
896 3603 1013 3661 dubium
1026 3603 1062 3659 sit
1074 3601 1240 3660 exercitium
1253 3617 1303 3676 po·

209 3705 330 3773 testatis,
345 3723 402 3763 non
415 3705 526 3763 videtur
539 3725 590 3781 pro
605 3707 758 3780 Superiore
771 3702 1012 3780 presumendum,
1026 3703 1181 3778 praesertim
1195 3701 1303 3776 gravio·

207 3805 285 3862 ribus
294 3805 509 3877 imminentibus
519 3822 556 3860 ex
566 3804 725 3862 obedientia
733 3798 947 3862 incommodis.³
967 3803 1024 3860 Pro
1031 3801 1202 3859 matrimonii
1210 3799 1303 3854 valore

206 3904 397 3978 presumitur,
412 3901 503 3960 donee
517 3901 751 3978 impedimentum
771 3903 807 3959 sit
819 3903 1005 3979 exploratum,
1016 3917 1053 3957 ne
1073 3909 1177 3956 temere
1192 3912 1303 3970 rumpa-

1264 2223 1298 2256 til

413 4120 453 4184 (l)
471 4119 531 4182 Reg.
544 4119 610 4169 Juris
621 4121 671 4168 lxv.
684 4120 710 4169 in
723 4119 747 4167 (i.

413 4205 453 4269 (2)
471 4205 535 4256 Vide
544 4209 626 4270 plures
638 4207 701 4271 opud
715 4205 798 4254 Gerdil
810 4204 840 4253 de
852 4209 897 4252 act.
908 4201 1023 4250 burnonis
1034 4217 1055 4250 c.
1066 4201 1098 4249 iv.

414 4291 456 4356 (4)
470 4289 498 4336 S.
515 4290 662 4356 Alphonsus
681 4290 769 4340 Theoi.
781 4287 843 4336 Mor.
856 4287 871 4335 l.
883 4287 897 4336 i.
910 4303 935 4336 n.
947 4286 987 4335 31.

296 4375 384 4437 Von.
401 4376 489 4440 1.-e
