<?xml version="1.0" encoding="UTF-8"?>
<!DOCTYPE html PUBLIC "-//W3C//DTD XHTML 1.0 Transitional//EN"
    "http://www.w3.org/TR/xhtml1/DTD/xhtml1-transitional.dtd">
<html xmlns="http://www.w3.org/1999/xhtml" xml:lang="en" lang="en">
 <head>
  <title>
</title>
<meta http-equiv="Content-Type" content="text/html;charset=utf-8" />
  <meta name='ocr-system' content='tesseract 3.04.00' />
  <meta name='ocr-capabilities' content='ocr_page ocr_carea ocr_par ocr_line ocrx_word'/>
</head>
<body>
  <div class='ocr_page' id='page_1' title='image "./theologiaemoral03kenrgoog_0011.png"; bbox 0 0 3146 5266; ppageno 0'>
   <div class='ocr_carea' id='block_1_1' title="bbox 256 507 909 574">
    <p class='ocr_par' dir='ltr' id='par_1_1' title="bbox 256 507 909 574">
     <span class='ocr_line' id='line_1_1' title="bbox 256 507 909 574; baseline -0.009 0"><span class='ocrx_word' id='word_1_1' title='bbox 256 518 286 574; x_wconf 93' lang='lat' dir='ltr'>iv</span> <span class='ocrx_word' id='word_1_2' title='bbox 673 507 909 569; x_wconf 82' lang='lat' dir='ltr'><strong>PRAEFATIO.</strong></span> 
     </span>
    </p>
   </div>
   <div class='ocr_carea' id='block_1_2' title="bbox 243 674 1383 4452">
    <p class='ocr_par' dir='ltr' id='par_1_2' title="bbox 243 674 1383 4452">
     <span class='ocr_line' id='line_1_2' title="bbox 264 674 1354 772; baseline -0.003 -21"><span class='ocrx_word' id='word_1_3' title='bbox 264 681 439 765; x_wconf 86' lang='lat' dir='ltr'>Servitus,</span> <span class='ocrx_word' id='word_1_4' title='bbox 468 699 549 772; x_wconf 85' lang='lat' dir='ltr'>quae</span> <span class='ocrx_word' id='word_1_5' title='bbox 567 680 623 747; x_wconf 90' lang='lat' dir='ltr'>tot</span> <span class='ocrx_word' id='word_1_6' title='bbox 646 675 683 746; x_wconf 94' lang='lat' dir='ltr'>in</span> <span class='ocrx_word' id='word_1_7' title='bbox 704 674 868 746; x_wconf 84' lang='lat' dir='ltr'>Statibus</span> <span class='ocrx_word' id='word_1_8' title='bbox 894 677 1001 770; x_wconf 85' lang='lat' dir='ltr'>viget,</span> <span class='ocrx_word' id='word_1_9' title='bbox 1028 682 1148 748; x_wconf 91' lang='lat' dir='ltr'>utrum</span> <span class='ocrx_word' id='word_1_10' title='bbox 1173 675 1291 764; x_wconf 86' lang='lat' dir='ltr'>liceat,</span> <span class='ocrx_word' id='word_1_11' title='bbox 1317 685 1354 748; x_wconf 87' lang='lat' dir='ltr'>at</span> 
     </span>
     <span class='ocr_line' id='line_1_3' title="bbox 262 806 1350 905; baseline -0.003 -22"><span class='ocrx_word' id='word_1_12' title='bbox 262 834 342 905; x_wconf 88' lang='lat' dir='ltr'>quae</span> <span class='ocrx_word' id='word_1_13' title='bbox 369 812 442 882; x_wconf 89' lang='lat' dir='ltr'>sint</span> <span class='ocrx_word' id='word_1_14' title='bbox 466 831 652 882; x_wconf 89' lang='lat' dir='ltr'>servorum</span> <span class='ocrx_word' id='word_1_15' title='bbox 677 814 714 878; x_wconf 86' lang='lat' dir='ltr'>et</span> <span class='ocrx_word' id='word_1_16' title='bbox 739 806 967 880; x_wconf 93' lang='lat' dir='ltr'>dominorum</span> <span class='ocrx_word' id='word_1_17' title='bbox 995 832 1145 881; x_wconf 86' lang='lat' dir='ltr'>munera</span> <span class='ocrx_word' id='word_1_18' title='bbox 1169 811 1350 905; x_wconf 89' lang='lat' dir='ltr'>explicare</span> 
     </span>
     <span class='ocr_line' id='line_1_4' title="bbox 262 944 1352 1041; baseline 0 -23"><span class='ocrx_word' id='word_1_19' title='bbox 262 951 426 1041; x_wconf 84' lang='lat' dir='ltr'>oportet:</span> <span class='ocrx_word' id='word_1_20' title='bbox 454 944 499 1016; x_wconf 91' lang='lat' dir='ltr'>de</span> <span class='ocrx_word' id='word_1_21' title='bbox 523 946 652 1039; x_wconf 89' lang='lat' dir='ltr'>quibus</span> <span class='ocrx_word' id='word_1_22' title='bbox 670 945 706 1015; x_wconf 93' lang='lat' dir='ltr'>in</span> <span class='ocrx_word' id='word_1_23' title='bbox 732 944 993 1015; x_wconf 85' lang='lat' dir='ltr'>recentioribus</span> <span class='ocrx_word' id='word_1_24' title='bbox 1020 945 1190 1039; x_wconf 82' lang='lat' dir='ltr'>operibus</span> <span class='ocrx_word' id='word_1_25' title='bbox 1215 946 1352 1018; x_wconf 90' lang='lat' dir='ltr'>theolo-</span> 
     </span>
     <span class='ocr_line' id='line_1_5' title="bbox 261 1073 1352 1174; baseline -0.001 -25"><span class='ocrx_word' id='word_1_26' title='bbox 261 1079 351 1174; x_wconf 85' lang='lat' dir='ltr'>gicis</span> <span class='ocrx_word' id='word_1_27' title='bbox 367 1078 575 1173; x_wconf 89' lang='lat' dir='ltr'>plerumque</span> <span class='ocrx_word' id='word_1_28' title='bbox 592 1075 727 1162; x_wconf 86' lang='lat' dir='ltr'>siletur,</span> <span class='ocrx_word' id='word_1_29' title='bbox 747 1098 856 1168; x_wconf 89' lang='lat' dir='ltr'>quum</span> <span class='ocrx_word' id='word_1_30' title='bbox 875 1073 1058 1148; x_wconf 85' lang='lat' dir='ltr'>Ecclesiae</span> <span class='ocrx_word' id='word_1_31' title='bbox 1085 1100 1195 1172; x_wconf 88' lang='lat' dir='ltr'>opera</span> <span class='ocrx_word' id='word_1_32' title='bbox 1212 1078 1352 1149; x_wconf 88' lang='lat' dir='ltr'>sublata</span> 
     </span>
     <span class='ocr_line' id='line_1_6' title="bbox 259 1205 1350 1305; baseline -0.001 -24"><span class='ocrx_word' id='word_1_33' title='bbox 259 1212 306 1281; x_wconf 91' lang='lat' dir='ltr'>sit</span> <span class='ocrx_word' id='word_1_34' title='bbox 330 1234 352 1280; x_wconf 90' lang='lat' dir='ltr'>a</span> <span class='ocrx_word' id='word_1_35' title='bbox 375 1210 538 1305; x_wconf 90' lang='lat' dir='ltr'>pluribus</span> <span class='ocrx_word' id='word_1_36' title='bbox 563 1207 705 1280; x_wconf 88' lang='lat' dir='ltr'>saeculis</span> <span class='ocrx_word' id='word_1_37' title='bbox 733 1207 770 1278; x_wconf 91' lang='lat' dir='ltr'>in</span> <span class='ocrx_word' id='word_1_38' title='bbox 795 1205 958 1301; x_wconf 81' lang='lat' dir='ltr'>Europa.</span> <span class='ocrx_word' id='word_1_39' title='bbox 1011 1207 1103 1279; x_wconf 80' lang='lat' dir='ltr'>Haec</span> <span class='ocrx_word' id='word_1_40' title='bbox 1124 1208 1350 1303; x_wconf 91' lang='lat' dir='ltr'>plurimaque</span> 
     </span>
     <span class='ocr_line' id='line_1_7' title="bbox 259 1337 1351 1436; baseline -0.002 -24"><span class='ocrx_word' id='word_1_41' title='bbox 259 1343 328 1412; x_wconf 87' lang='lat' dir='ltr'>alia</span> <span class='ocrx_word' id='word_1_42' title='bbox 346 1343 438 1413; x_wconf 88' lang='lat' dir='ltr'>scitu</span> <span class='ocrx_word' id='word_1_43' title='bbox 456 1339 659 1411; x_wconf 89' lang='lat' dir='ltr'>necessaria</span> <span class='ocrx_word' id='word_1_44' title='bbox 686 1337 935 1409; x_wconf 88' lang='lat' dir='ltr'>demonstrant</span> <span class='ocrx_word' id='word_1_45' title='bbox 960 1360 1050 1431; x_wconf 90' lang='lat' dir='ltr'>opus</span> <span class='ocrx_word' id='word_1_46' title='bbox 1075 1338 1120 1410; x_wconf 86' lang='lat' dir='ltr'>de</span> <span class='ocrx_word' id='word_1_47' title='bbox 1150 1339 1351 1436; x_wconf 86' lang='lat' dir='ltr'>Theologia</span> 
     </span>
     <span class='ocr_line' id='line_1_8' title="bbox 258 1468 1349 1564; baseline -0.005 -18"><span class='ocrx_word' id='word_1_48' title='bbox 258 1472 395 1546; x_wconf 91' lang='lat' dir='ltr'>Morali</span> <span class='ocrx_word' id='word_1_49' title='bbox 415 1470 517 1544; x_wconf 89' lang='lat' dir='ltr'>valde</span> <span class='ocrx_word' id='word_1_50' title='bbox 541 1468 756 1541; x_wconf 88' lang='lat' dir='ltr'>desiderari:</span> <span class='ocrx_word' id='word_1_51' title='bbox 786 1468 1007 1560; x_wconf 88' lang='lat' dir='ltr'>quodetiam</span> <span class='ocrx_word' id='word_1_52' title='bbox 1026 1469 1148 1563; x_wconf 89' lang='lat' dir='ltr'>plures</span> <span class='ocrx_word' id='word_1_53' title='bbox 1171 1471 1349 1564; x_wconf 84' lang='lat' dir='ltr'>significa-</span> 
     </span>
     <span class='ocr_line' id='line_1_9' title="bbox 256 1600 1349 1696; baseline -0.001 -22"><span class='ocrx_word' id='word_1_54' title='bbox 256 1610 341 1674; x_wconf 85' lang='lat' dir='ltr'><strong>runt</strong></span> <span class='ocrx_word' id='word_1_55' title='bbox 354 1605 415 1696; x_wconf 94' lang='lat' dir='ltr'>qui</span> <span class='ocrx_word' id='word_1_56' title='bbox 425 1604 541 1673; x_wconf 90' lang='lat' dir='ltr'>minus</span> <span class='ocrx_word' id='word_1_57' title='bbox 555 1624 594 1672; x_wconf 88' lang='lat' dir='ltr'>se</span> <span class='ocrx_word' id='word_1_58' title='bbox 606 1600 768 1671; x_wconf 90' lang='lat' dir='ltr'>solicitos</span> <span class='ocrx_word' id='word_1_59' title='bbox 782 1600 826 1670; x_wconf 90' lang='lat' dir='ltr'>de</span> <span class='ocrx_word' id='word_1_60' title='bbox 839 1600 1045 1695; x_wconf 82' lang='lat' dir='ltr'>dogmatum</span> <span class='ocrx_word' id='word_1_61' title='bbox 1055 1602 1221 1673; x_wconf 89' lang='lat' dir='ltr'>vindiciis</span> <span class='ocrx_word' id='word_1_62' title='bbox 1232 1609 1349 1673; x_wconf 87' lang='lat' dir='ltr'>osten-</span> 
     </span>
     <span class='ocr_line' id='line_1_10' title="bbox 259 1720 1383 1827; baseline 0.001 -24"><span class='ocrx_word' id='word_1_63' title='bbox 259 1733 395 1803; x_wconf 82' lang='lat' dir='ltr'><strong>derant.</strong></span> <span class='ocrx_word' id='word_1_64' title='bbox 425 1720 430 1738; x_wconf 82' lang='grc'>’</span> <span class='ocrx_word' id='word_1_65' title='bbox 448 1731 492 1802; x_wconf 95' lang='lat' dir='ltr'>In</span> <span class='ocrx_word' id='word_1_66' title='bbox 510 1754 600 1826; x_wconf 92' lang='lat' dir='ltr'>opus</span> <span class='ocrx_word' id='word_1_67' title='bbox 621 1731 729 1824; x_wconf 84' lang='lat' dir='ltr'>igitur</span> <span class='ocrx_word' id='word_1_68' title='bbox 745 1752 812 1823; x_wconf 93' lang='lat' dir='ltr'>pro</span> <span class='ocrx_word' id='word_1_69' title='bbox 831 1729 951 1800; x_wconf 90' lang='lat' dir='ltr'>studio</span> <span class='ocrx_word' id='word_1_70' title='bbox 963 1737 1087 1801; x_wconf 90' lang='lat' dir='ltr'>nostro</span> <span class='ocrx_word' id='word_1_71' title='bbox 1101 1733 1152 1800; x_wconf 90' lang='lat' dir='ltr'>rei</span> <span class='ocrx_word' id='word_1_72' title='bbox 1167 1728 1348 1804; x_wconf 84' lang='lat' dir='ltr'>Ecclesiae</span> <span class='ocrx_word' id='word_1_73' title='bbox 1379 1819 1383 1827; x_wconf 20' lang='grc' dir='ltr'>ι</span> 
     </span>
     <span class='ocr_line' id='line_1_11' title="bbox 256 1859 1346 1957; baseline 0 -24"><span class='ocrx_word' id='word_1_74' title='bbox 256 1863 522 1957; x_wconf 77' lang='lat' dir='ltr'>promovendae,</span> <span class='ocrx_word' id='word_1_75' title='bbox 538 1886 618 1933; x_wconf 91' lang='lat' dir='ltr'>cum</span> <span class='ocrx_word' id='word_1_76' title='bbox 630 1860 730 1930; x_wconf 84' lang='lat' dir='ltr'>Cleri</span> <span class='ocrx_word' id='word_1_77' title='bbox 742 1859 951 1930; x_wconf 84' lang='lat' dir='ltr'>Americani</span> <span class='ocrx_word' id='word_1_78' title='bbox 962 1862 1114 1932; x_wconf 86' lang='lat' dir='ltr'>utilitate</span> <span class='ocrx_word' id='word_1_79' title='bbox 1127 1863 1346 1956; x_wconf 87' lang='lat' dir='ltr'>etprolectu,</span> 
     </span>
     <span class='ocr_line' id='line_1_12' title="bbox 255 1993 1348 2066; baseline 0 -1"><span class='ocrx_word' id='word_1_80' title='bbox 255 1995 489 2065; x_wconf 82' lang='lat' dir='ltr'>incubuimus.</span> <span class='ocrx_word' id='word_1_81' title='bbox 544 1993 627 2064; x_wconf 90' lang='lat' dir='ltr'>Nec</span> <span class='ocrx_word' id='word_1_82' title='bbox 644 1999 763 2063; x_wconf 88' lang='lat' dir='ltr'>tamen</span> <span class='ocrx_word' id='word_1_83' title='bbox 790 1993 880 2063; x_wconf 92' lang='lat' dir='ltr'>adeo</span> <span class='ocrx_word' id='word_1_84' title='bbox 898 1993 1004 2063; x_wconf 90' lang='lat' dir='ltr'>nobis</span> <span class='ocrx_word' id='word_1_85' title='bbox 1020 1993 1294 2066; x_wconf 88' lang='lat' dir='ltr'>blandiebamur</span> <span class='ocrx_word' id='word_1_86' title='bbox 1308 2002 1348 2066; x_wconf 91' lang='lat' dir='ltr'>ut</span> 
     </span>
     <span class='ocr_line' id='line_1_13' title="bbox 254 2122 1348 2219; baseline 0 -25"><span class='ocrx_word' id='word_1_87' title='bbox 254 2129 458 2218; x_wconf 88' lang='lat' dir='ltr'>putaremus</span> <span class='ocrx_word' id='word_1_88' title='bbox 488 2145 556 2194; x_wconf 93' lang='lat' dir='ltr'>nos</span> <span class='ocrx_word' id='word_1_89' title='bbox 589 2144 697 2216; x_wconf 90' lang='lat' dir='ltr'>posse</span> <span class='ocrx_word' id='word_1_90' title='bbox 732 2122 843 2193; x_wconf 89' lang='lat' dir='ltr'>veluti</span> <span class='ocrx_word' id='word_1_91' title='bbox 877 2146 923 2194; x_wconf 83' lang='lat' dir='ltr'>ex</span> <span class='ocrx_word' id='word_1_92' title='bbox 949 2124 1088 2219; x_wconf 86' lang='lat' dir='ltr'>tripode</span> <span class='ocrx_word' id='word_1_93' title='bbox 1122 2123 1166 2194; x_wconf 88' lang='lat' dir='ltr'>de</span> <span class='ocrx_word' id='word_1_94' title='bbox 1199 2123 1348 2218; x_wconf 84' lang='lat' dir='ltr'>singulis</span> 
     </span>
     <span class='ocr_line' id='line_1_14' title="bbox 254 2255 1346 2352; baseline 0 -25"><span class='ocrx_word' id='word_1_95' title='bbox 254 2257 415 2350; x_wconf 86' lang='lat' dir='ltr'>prolerre</span> <span class='ocrx_word' id='word_1_96' title='bbox 443 2256 540 2352; x_wconf 92' lang='lat' dir='ltr'>quod</span> <span class='ocrx_word' id='word_1_97' title='bbox 567 2255 702 2328; x_wconf 88' lang='lat' dir='ltr'>oraculi</span> <span class='ocrx_word' id='word_1_98' title='bbox 728 2258 841 2328; x_wconf 90' lang='lat' dir='ltr'>instar</span> <span class='ocrx_word' id='word_1_99' title='bbox 875 2280 998 2329; x_wconf 90' lang='lat' dir='ltr'>omnes</span> <span class='ocrx_word' id='word_1_100' title='bbox 1024 2260 1254 2352; x_wconf 79' lang='lat' dir='ltr'>exciperent:</span> <span class='ocrx_word' id='word_1_101' title='bbox 1283 2257 1346 2328; x_wconf 92' lang='lat' dir='ltr'>sed</span> 
     </span>
     <span class='ocr_line' id='line_1_15' title="bbox 255 2386 1346 2484; baseline 0.002 -27"><span class='ocrx_word' id='word_1_102' title='bbox 255 2393 415 2457; x_wconf 89' lang='lat' dir='ltr'>nostram</span> <span class='ocrx_word' id='word_1_103' title='bbox 433 2386 725 2480; x_wconf 84' lang='lat' dir='ltr'>qualemcumque</span> <span class='ocrx_word' id='word_1_104' title='bbox 751 2389 993 2482; x_wconf 85' lang='lat' dir='ltr'>opinationem</span> <span class='ocrx_word' id='word_1_105' title='bbox 1018 2388 1062 2459; x_wconf 91' lang='lat' dir='ltr'>de</span> <span class='ocrx_word' id='word_1_106' title='bbox 1087 2388 1248 2484; x_wconf 88' lang='lat' dir='ltr'>plurimis</span> <span class='ocrx_word' id='word_1_107' title='bbox 1266 2411 1346 2481; x_wconf 85' lang='lat' dir='ltr'>quac</span> 
     </span>
     <span class='ocr_line' id='line_1_16' title="bbox 252 2520 1346 2615; baseline 0.002 -25"><span class='ocrx_word' id='word_1_108' title='bbox 252 2543 443 2615; x_wconf 81' lang='lat' dir='ltr'>perennes</span> <span class='ocrx_word' id='word_1_109' title='bbox 457 2520 645 2615; x_wconf 82' lang='lat' dir='ltr'>plusquam</span> <span class='ocrx_word' id='word_1_110' title='bbox 658 2522 782 2614; x_wconf 80' lang='lat' dir='ltr'>viginti</span> <span class='ocrx_word' id='word_1_111' title='bbox 799 2522 835 2591; x_wconf 93' lang='lat' dir='ltr'>in</span> <span class='ocrx_word' id='word_1_112' title='bbox 853 2523 945 2592; x_wconf 89' lang='lat' dir='ltr'>sacri</span> <span class='ocrx_word' id='word_1_113' title='bbox 970 2523 1157 2593; x_wconf 88' lang='lat' dir='ltr'>ministerii</span> <span class='ocrx_word' id='word_1_114' title='bbox 1173 2524 1346 2593; x_wconf 82' lang='lat' dir='ltr'>exercitio</span> 
     </span>
     <span class='ocr_line' id='line_1_17' title="bbox 253 2654 1346 2751; baseline 0.002 -25"><span class='ocrx_word' id='word_1_115' title='bbox 253 2655 357 2726; x_wconf 90' lang='lat' dir='ltr'>nobis</span> <span class='ocrx_word' id='word_1_116' title='bbox 384 2661 627 2740; x_wconf 89' lang='lat' dir='ltr'>occurrerunt,</span> <span class='ocrx_word' id='word_1_117' title='bbox 646 2678 723 2725; x_wconf 89' lang='lat' dir='ltr'>eam</span> <span class='ocrx_word' id='word_1_118' title='bbox 747 2654 936 2727; x_wconf 87' lang='lat' dir='ltr'>utilitatem</span> <span class='ocrx_word' id='word_1_119' title='bbox 962 2655 1163 2726; x_wconf 89' lang='lat' dir='ltr'>habituram</span> <span class='ocrx_word' id='word_1_120' title='bbox 1191 2659 1346 2751; x_wconf 85' lang='lat' dir='ltr'>speravi-</span> 
     </span>
     <span class='ocr_line' id='line_1_18' title="bbox 251 2786 1343 2882; baseline -0.001 -24"><span class='ocrx_word' id='word_1_121' title='bbox 251 2811 339 2873; x_wconf 87' lang='lat' dir='ltr'>mus,</span> <span class='ocrx_word' id='word_1_122' title='bbox 355 2792 395 2857; x_wconf 91' lang='lat' dir='ltr'>ut</span> <span class='ocrx_word' id='word_1_123' title='bbox 411 2809 469 2858; x_wconf 88' lang='lat' dir='ltr'>res</span> <span class='ocrx_word' id='word_1_124' title='bbox 496 2786 698 2882; x_wconf 84' lang='lat' dir='ltr'>diligentius</span> <span class='ocrx_word' id='word_1_125' title='bbox 724 2786 997 2880; x_wconf 88' lang='lat' dir='ltr'>expenderetur,</span> <span class='ocrx_word' id='word_1_126' title='bbox 1018 2793 1054 2858; x_wconf 90' lang='lat' dir='ltr'>et</span> <span class='ocrx_word' id='word_1_127' title='bbox 1079 2788 1343 2880; x_wconf 80' lang='lat' dir='ltr'>dijudicaretur.</span> 
     </span>
     <span class='ocr_line' id='line_1_19' title="bbox 256 2917 1347 3011; baseline 0 -23"><span class='ocrx_word' id='word_1_128' title='bbox 256 2918 409 2988; x_wconf 91' lang='lat' dir='ltr'>Omnem</span> <span class='ocrx_word' id='word_1_129' title='bbox 424 2921 460 2988; x_wconf 94' lang='lat' dir='ltr'>in</span> <span class='ocrx_word' id='word_1_130' title='bbox 478 2941 521 2988; x_wconf 91' lang='lat' dir='ltr'>eo</span> <span class='ocrx_word' id='word_1_131' title='bbox 539 2919 723 3011; x_wconf 85' lang='lat' dir='ltr'>posuimus</span> <span class='ocrx_word' id='word_1_132' title='bbox 736 2939 881 3011; x_wconf 87' lang='lat' dir='ltr'>operam</span> <span class='ocrx_word' id='word_1_133' title='bbox 899 2923 939 2988; x_wconf 90' lang='lat' dir='ltr'>ut</span> <span class='ocrx_word' id='word_1_134' title='bbox 959 2917 999 2988; x_wconf 82' lang='lat' dir='ltr'>S.</span> <span class='ocrx_word' id='word_1_135' title='bbox 1014 2917 1168 3002; x_wconf 83' lang='lat' dir='ltr'>Thpmae</span> <span class='ocrx_word' id='word_1_136' title='bbox 1186 2942 1204 2988; x_wconf 91' lang='lat' dir='ltr'>e</span> <span class='ocrx_word' id='word_1_137' title='bbox 1224 2918 1347 2990; x_wconf 90' lang='lat' dir='ltr'>schola</span> 
     </span>
     <span class='ocr_line' id='line_1_20' title="bbox 250 3045 1345 3142; baseline 0.001 -21"><span class='ocrx_word' id='word_1_138' title='bbox 250 3052 372 3135; x_wconf 87' lang='lat' dir='ltr'>veteri,</span> <span class='ocrx_word' id='word_1_139' title='bbox 401 3054 437 3119; x_wconf 87' lang='lat' dir='ltr'>et</span> <span class='ocrx_word' id='word_1_140' title='bbox 463 3048 503 3119; x_wconf 76' lang='lat' dir='ltr'>S.</span> <span class='ocrx_word' id='word_1_141' title='bbox 525 3045 702 3142; x_wconf 87' lang='lat' dir='ltr'>Alphonsi</span> <span class='ocrx_word' id='word_1_142' title='bbox 730 3071 776 3118; x_wconf 83' lang='lat' dir='ltr'>ex</span> <span class='ocrx_word' id='word_1_143' title='bbox 804 3051 997 3120; x_wconf 81' lang='lat' dir='ltr'>recentiori</span> <span class='ocrx_word' id='word_1_144' title='bbox 1026 3056 1208 3122; x_wconf 87' lang='lat' dir='ltr'>uteremur</span> <span class='ocrx_word' id='word_1_145' title='bbox 1238 3051 1345 3122; x_wconf 88' lang='lat' dir='ltr'>docu-</span> 
     </span>
     <span class='ocr_line' id='line_1_21' title="bbox 250 3178 1343 3272; baseline 0.001 -21"><span class='ocrx_word' id='word_1_146' title='bbox 250 3183 389 3266; x_wconf 88' lang='lat' dir='ltr'>mentis,</span> <span class='ocrx_word' id='word_1_147' title='bbox 407 3186 445 3250; x_wconf 90' lang='lat' dir='ltr'>et</span> <span class='ocrx_word' id='word_1_148' title='bbox 468 3203 514 3250; x_wconf 84' lang='lat' dir='ltr'>ex</span> <span class='ocrx_word' id='word_1_149' title='bbox 541 3182 584 3251; x_wconf 90' lang='lat' dir='ltr'>iis</span> <span class='ocrx_word' id='word_1_150' title='bbox 603 3179 687 3272; x_wconf 92' lang='lat' dir='ltr'>quid</span> <span class='ocrx_word' id='word_1_151' title='bbox 714 3178 758 3249; x_wconf 87' lang='lat' dir='ltr'>dc</span> <span class='ocrx_word' id='word_1_152' title='bbox 785 3180 933 3272; x_wconf 83' lang='lat' dir='ltr'>singulis</span> <span class='ocrx_word' id='word_1_153' title='bbox 955 3181 1097 3252; x_wconf 88' lang='lat' dir='ltr'>casibus</span> <span class='ocrx_word' id='word_1_154' title='bbox 1118 3182 1343 3253; x_wconf 84' lang='lat' dir='ltr'>sentiendum</span> 
     </span>
     <span class='ocr_line' id='line_1_22' title="bbox 252 3307 1345 3404; baseline -0.001 -22"><span class='ocrx_word' id='word_1_155' title='bbox 252 3313 298 3383; x_wconf 92' lang='lat' dir='ltr'>sit</span> <span class='ocrx_word' id='word_1_156' title='bbox 313 3309 569 3404; x_wconf 81' lang='lat' dir='ltr'>colligeremus.</span> <span class='ocrx_word' id='word_1_157' title='bbox 611 3307 718 3401; x_wconf 82' lang='lat' dir='ltr'>Saepe</span> <span class='ocrx_word' id='word_1_158' title='bbox 734 3307 877 3400; x_wconf 89' lang='lat' dir='ltr'>quidem</span> <span class='ocrx_word' id='word_1_159' title='bbox 892 3309 1182 3396; x_wconf 86' lang='lat' dir='ltr'>acatholicorum,</span> <span class='ocrx_word' id='word_1_160' title='bbox 1195 3333 1345 3404; x_wconf 84' lang='lat' dir='ltr'>proeser·</span> 
     </span>
     <span class='ocr_line' id='line_1_23' title="bbox 250 3427 1344 3535; baseline -0.002 -22"><span class='ocrx_word' id='word_1_161' title='bbox 250 3445 313 3513; x_wconf 91' lang='lat' dir='ltr'>tim</span> <span class='ocrx_word' id='word_1_162' title='bbox 331 3441 624 3535; x_wconf 81' lang='lat' dir='ltr'>Anglicanorum,</span> <span class='ocrx_word' id='word_1_163' title='bbox 643 3427 847 3509; x_wconf 90' lang='lat' dir='ltr'>testimonia</span> <span class='ocrx_word' id='word_1_164' title='bbox 873 3439 918 3509; x_wconf 90' lang='lat' dir='ltr'>ad</span> <span class='ocrx_word' id='word_1_165' title='bbox 935 3443 1075 3534; x_wconf 85' lang='lat' dir='ltr'>paginae</span> <span class='ocrx_word' id='word_1_166' title='bbox 1103 3441 1236 3511; x_wconf 92' lang='lat' dir='ltr'>calcem</span> <span class='ocrx_word' id='word_1_167' title='bbox 1262 3441 1344 3511; x_wconf 90' lang='lat' dir='ltr'>sub·</span> 
     </span>
     <span class='ocr_line' id='line_1_24' title="bbox 244 3570 1343 3665; baseline -0.001 -23"><span class='ocrx_word' id='word_1_168' title='bbox 244 3575 409 3665; x_wconf 86' lang='lat' dir='ltr'>jecimus,</span> <span class='ocrx_word' id='word_1_169' title='bbox 426 3595 534 3664; x_wconf 93' lang='lat' dir='ltr'>quum</span> <span class='ocrx_word' id='word_1_170' title='bbox 548 3573 649 3662; x_wconf 86' lang='lat' dir='ltr'>juvet</span> <span class='ocrx_word' id='word_1_171' title='bbox 660 3593 740 3661; x_wconf 88' lang='lat' dir='ltr'>quae</span> <span class='ocrx_word' id='word_1_172' title='bbox 756 3591 842 3640; x_wconf 89' lang='lat' dir='ltr'>sana</span> <span class='ocrx_word' id='word_1_173' title='bbox 853 3570 897 3640; x_wconf 89' lang='lat' dir='ltr'>ab</span> <span class='ocrx_word' id='word_1_174' title='bbox 912 3573 956 3641; x_wconf 89' lang='lat' dir='ltr'>iis</span> <span class='ocrx_word' id='word_1_175' title='bbox 971 3573 1092 3664; x_wconf 85' lang='lat' dir='ltr'>agnita</span> <span class='ocrx_word' id='word_1_176' title='bbox 1107 3577 1190 3642; x_wconf 90' lang='lat' dir='ltr'>sunt</span> <span class='ocrx_word' id='word_1_177' title='bbox 1204 3594 1343 3642; x_wconf 93' lang='lat' dir='ltr'>morum</span> 
     </span>
     <span class='ocr_line' id='line_1_25' title="bbox 249 3701 1342 3799; baseline -0.001 -24"><span class='ocrx_word' id='word_1_178' title='bbox 249 3706 423 3799; x_wconf 90' lang='lat' dir='ltr'>principia</span> <span class='ocrx_word' id='word_1_179' title='bbox 455 3725 530 3796; x_wconf 85' lang='lat' dir='ltr'>prae</span> <span class='ocrx_word' id='word_1_180' title='bbox 565 3701 678 3770; x_wconf 89' lang='lat' dir='ltr'>oculis</span> <span class='ocrx_word' id='word_1_181' title='bbox 703 3723 850 3793; x_wconf 91' lang='lat' dir='ltr'>ponere,</span> <span class='ocrx_word' id='word_1_182' title='bbox 885 3707 925 3771; x_wconf 95' lang='lat' dir='ltr'>ut</span> <span class='ocrx_word' id='word_1_183' title='bbox 956 3705 1062 3773; x_wconf 92' lang='lat' dir='ltr'>animi</span> <span class='ocrx_word' id='word_1_184' title='bbox 1088 3702 1134 3772; x_wconf 90' lang='lat' dir='ltr'>ad</span> <span class='ocrx_word' id='word_1_185' title='bbox 1168 3707 1342 3796; x_wconf 83' lang='lat' dir='ltr'>integram</span> 
     </span>
     <span class='ocr_line' id='line_1_26' title="bbox 248 3828 1342 3924; baseline 0 -18"><span class='ocrx_word' id='word_1_186' title='bbox 248 3837 285 3906; x_wconf 95' lang='lat' dir='ltr'>in</span> <span class='ocrx_word' id='word_1_187' title='bbox 312 3834 476 3908; x_wconf 91' lang='lat' dir='ltr'>omnibus</span> <span class='ocrx_word' id='word_1_188' title='bbox 496 3828 724 3902; x_wconf 88' lang='lat' dir='ltr'>concordiam</span> <span class='ocrx_word' id='word_1_189' title='bbox 749 3829 993 3923; x_wconf 89' lang='lat' dir='ltr'>disponantur.</span> <span class='ocrx_word' id='word_1_190' title='bbox 1046 3831 1342 3924; x_wconf 85' lang='lat' dir='ltr'>Jurisperitorum</span> 
     </span>
     <span class='ocr_line' id='line_1_27' title="bbox 249 3959 1340 4059; baseline -0.003 -22"><span class='ocrx_word' id='word_1_191' title='bbox 249 3967 497 4059; x_wconf 89' lang='lat' dir='ltr'>usurpavimus</span> <span class='ocrx_word' id='word_1_192' title='bbox 527 3963 633 4031; x_wconf 87' lang='lat' dir='ltr'>etiam</span> <span class='ocrx_word' id='word_1_193' title='bbox 667 3959 773 4046; x_wconf 89' lang='lat' dir='ltr'>dicta,</span> <span class='ocrx_word' id='word_1_194' title='bbox 800 3965 840 4030; x_wconf 89' lang='lat' dir='ltr'>ut</span> <span class='ocrx_word' id='word_1_195' title='bbox 865 3961 901 4030; x_wconf 94' lang='lat' dir='ltr'>in</span> <span class='ocrx_word' id='word_1_196' title='bbox 928 3960 1068 4056; x_wconf 85' lang='lat' dir='ltr'>legibus</span> <span class='ocrx_word' id='word_1_197' title='bbox 1094 3962 1268 4049; x_wconf 90' lang='lat' dir='ltr'>civilibus,</span> <span class='ocrx_word' id='word_1_198' title='bbox 1303 3971 1340 4033; x_wconf 89' lang='lat' dir='ltr'>et</span> 
     </span>
     <span class='ocr_line' id='line_1_28' title="bbox 243 4091 1339 4190; baseline -0.001 -22"><span class='ocrx_word' id='word_1_199' title='bbox 243 4099 335 4190; x_wconf 90' lang='lat' dir='ltr'>juris</span> <span class='ocrx_word' id='word_1_200' title='bbox 369 4097 517 4178; x_wconf 86' lang='lat' dir='ltr'>ratione,</span> <span class='ocrx_word' id='word_1_201' title='bbox 547 4091 754 4163; x_wconf 87' lang='lat' dir='ltr'>sacerdotes</span> <span class='ocrx_word' id='word_1_202' title='bbox 780 4113 852 4161; x_wconf 93' lang='lat' dir='ltr'>non</span> <span class='ocrx_word' id='word_1_203' title='bbox 886 4093 959 4162; x_wconf 90' lang='lat' dir='ltr'>sint</span> <span class='ocrx_word' id='word_1_204' title='bbox 987 4095 1133 4164; x_wconf 91' lang='lat' dir='ltr'>omnino</span> <span class='ocrx_word' id='word_1_205' title='bbox 1159 4093 1339 4188; x_wconf 86' lang='lat' dir='ltr'>hospites:</span> 
     </span>
     <span class='ocr_line' id='line_1_29' title="bbox 248 4225 1336 4322; baseline -0.002 -22"><span class='ocrx_word' id='word_1_206' title='bbox 248 4252 339 4322; x_wconf 92' lang='lat' dir='ltr'>quos</span> <span class='ocrx_word' id='word_1_207' title='bbox 371 4233 491 4297; x_wconf 88' lang='lat' dir='ltr'>tamen</span> <span class='ocrx_word' id='word_1_208' title='bbox 525 4230 730 4295; x_wconf 89' lang='lat' dir='ltr'>sanctorum</span> <span class='ocrx_word' id='word_1_209' title='bbox 763 4230 903 4318; x_wconf 90' lang='lat' dir='ltr'>patrum</span> <span class='ocrx_word' id='word_1_210' title='bbox 939 4225 1163 4297; x_wconf 89' lang='lat' dir='ltr'>documentis</span> <span class='ocrx_word' id='word_1_211' title='bbox 1196 4229 1336 4312; x_wconf 88' lang='lat' dir='ltr'>instrui,</span> 
     </span>
     <span class='ocr_line' id='line_1_30' title="bbox 246 4352 1340 4452; baseline -0.002 -22"><span class='ocrx_word' id='word_1_212' title='bbox 246 4365 284 4430; x_wconf 90' lang='lat' dir='ltr'>et</span> <span class='ocrx_word' id='word_1_213' title='bbox 305 4358 492 4442; x_wconf 88' lang='lat' dir='ltr'>inhaerere,</span> <span class='ocrx_word' id='word_1_214' title='bbox 511 4357 690 4450; x_wconf 86' lang='lat' dir='ltr'>praecipue</span> <span class='ocrx_word' id='word_1_215' title='bbox 710 4354 822 4425; x_wconf 87' lang='lat' dir='ltr'>decet.</span> <span class='ocrx_word' id='word_1_216' title='bbox 876 4352 966 4427; x_wconf 93' lang='lat' dir='ltr'>Non</span> <span class='ocrx_word' id='word_1_217' title='bbox 987 4354 1191 4428; x_wconf 92' lang='lat' dir='ltr'>dubitamus</span> <span class='ocrx_word' id='word_1_218' title='bbox 1206 4357 1340 4452; x_wconf 82' lang='lat' dir='ltr'>pleros-</span> 
     </span>
    </p>
   </div>
   <div class='ocr_carea' id='block_1_3' title="bbox 0 0 1578 5266">
    <p class='ocr_par' dir='ltr' id='par_1_3' title="bbox 0 0 1578 5266">
     <span class='ocr_line' id='line_1_31' title="bbox 0 0 1578 5266; baseline 0 7"><span class='ocrx_word' id='word_1_219' title='bbox 0 0 1578 5266; x_wconf 95' lang='lat' dir='ltr'> </span> 
     </span>
    </p>
   </div>
  </div>
 </body>
</html>
