3146 5266
260 500 300 555 26
340 494 396 554 DE
417 489 599 552 AGTUUM
621 489 902 551 HUMANORUM
923 489 1084 551 MORALI
1105 492 1266 551 SPECIE.

261 659 370 725 vitium,
385 655 461 729 quod
474 656 580 714 crimen
594 655 703 722 dicitur,
718 657 777 712 sive
799 664 945 731 peccatum
964 656 1091 722 mortale,
1106 655 1195 713 inficit
1207 657 1348 714 universa·

261 756 324 814 liter
337 764 414 812 actus
427 754 551 811 hominis
574 755 684 821 vitiosi3
706 754 747 810 sic
766 755 853 811 virtus
871 753 995 810 vivificat
1012 772 1112 810 omnes
1134 764 1211 811 actus
1224 755 1348 812 hominis

261 847 426 910 virtuosi.”¹
458 851 579 910 Constat
591 871 607 908 e
621 861 725 918 contra,
740 870 777 908 ex
791 851 986 927 theologorum
1000 870 1150 918 consensu,
1165 853 1245 928 pium
1258 853 1348 910 homi·

262 969 329 1009 nem
350 949 500 1021 aliquando
519 967 635 1026 peccare
658 949 820 1016 venialiter3
844 959 1019 1024 peccatorem
1042 961 1134 1007 autem
1155 959 1232 1006 actus
1254 950 1348 1026 plures

263 1047 365 1106 elicere
389 1047 472 1124 culpa
493 1057 636 1105 carentes:
660 1046 710 1104 sed
731 1065 788 1104 non
808 1046 873 1104 ideo
896 1057 972 1104 actus
986 1047 1085 1118 aliquis
1100 1047 1294 1122 agnoscendus
1308 1056 1350 1104 est

264 1148 314 1220 qui
336 1147 415 1204 omni
437 1155 517 1203 vacet
542 1154 607 1203 nota
629 1145 737 1212 morali,
751 1155 834 1219 prout
855 1145 964 1203 elicitur
985 1146 1021 1202 ob
1042 1145 1129 1202 finem
1153 1145 1286 1203 idoneum
1305 1146 1350 1202 vel

263 1247 384 1321 turpem'.
439 1243 583 1316 Equidem
609 1243 805 1319 Hieronymus
832 1244 887 1299 ait:
921 1243 1064 1300 “Bonum
1095 1251 1138 1300 est
1162 1243 1349 1309 continentia;

264 1343 370 1400 malum
384 1350 427 1399 est
437 1342 559 1400 luxuria.
580 1342 656 1400 Inter
668 1350 818 1412 utrumque
832 1341 996 1398 indifferens
1005 1342 1162 1408 ambulare;
1178 1382 1185 1397 .
1201 1382 1209 1397 .
1225 1383 1233 1398 .
1249 1383 1256 1398 .
1284 1341 1350 1399 Hoc

265 1459 319 1498 nec
331 1442 447 1508 bonum,
462 1459 515 1497 nec
527 1440 633 1498 malum
654 1449 712 1496 est:
736 1441 796 1496 sive
817 1439 894 1496 enim
906 1439 1016 1506 feceris,
1031 1440 1091 1496 sive
1104 1457 1161 1495 non
1174 1439 1284 1507 seceris,
1298 1457 1350 1496 nec

261 1539 401 1614 justitiam
419 1539 544 1605 habebis,
565 1557 618 1595 nec
641 1532 853 1612 injustitiam.'’²
891 1537 963 1593 Haec
986 1537 1021 1592 de
1042 1537 1227 1594 ambulatione
1246 1538 1296 1594 rite
1311 1536 1351 1593 di·

266 1645 375 1702 contin,
389 1653 455 1692 nam
468 1653 505 1692 ex
518 1654 552 1692 ea
564 1654 617 1692 nec
626 1635 735 1710 justitia
747 1620 801 1692 nec
814 1635 949 1710 injustitia
962 1633 1117 1693 derivatur:
1138 1654 1190 1692 nec
1200 1635 1263 1692 ideo
1274 1637 1352 1692 omni

266 1742 342 1791 caret
360 1741 426 1791 nota
448 1733 557 1801 morali,
571 1734 596 1789 si
616 1732 692 1790 enim
713 1733 777 1805 quis
798 1733 919 1790 ambulet
939 1732 974 1789 ad
992 1733 1141 1791 honestam
1163 1735 1249 1791 animi
1262 1734 1352 1792 oblec-

205 1893 208 1898 ,
266 1833 410 1900 tationem,
434 1840 511 1890 actus
534 1832 623 1889 bonus
647 1841 699 1899 est,
723 1831 852 1906 quamvis
871 1831 1009 1908 justitiam
1031 1851 1088 1890 non
1111 1831 1176 1889 inde
1199 1841 1350 1908 comparet,

267 1931 402 2003 quamdiu
415 1931 480 1988 finis
494 1931 640 1989 sublimior
652 1929 739 1986 deest.
768 1930 911 1987 Caeterum
931 1930 956 1986 si
975 1932 1096 1988 ambulet
1108 1931 1172 2003 quis
1186 1931 1220 1988 ad
1234 1941 1352 2007 egrotos

267 2029 440 2095 invisendos,
465 2029 596 2085 charitate
618 2029 791 2102 impellente,
818 2029 870 2085 erit
895 2037 971 2084 actus
998 2048 1055 2086 non
1082 2038 1187 2087 tantum
1214 2030 1354 2086 moraliter

266 2129 368 2194 bonus,
383 2125 530 2182 sedetiam
545 2127 772 2201 supernaturalis.
813 2127 846 2183 Si
869 2127 992 2184 ambulet
1014 2127 1049 2184 ad
1062 2147 1161 2186 vanam
1176 2130 1220 2186 sui
1234 2137 1353 2186 ostenta-

162 2277 165 2282 .
268 2225 384 2292 tionem,
398 2225 450 2281 erit
462 2223 570 2290 malus;
594 2225 652 2282 imo
671 2226 792 2300 graviter
804 2225 970 2302 culpandae,
985 2227 1010 2283 si
1022 2227 1138 2284 insidias
1152 2227 1248 2284 alienae
1262 2227 1355 2284 virtuti

265 2324 306 2380 sic
319 2332 414 2380 struat.

306 2425 354 2478 39.
379 2422 453 2478 Sunt
474 2422 525 2492 qui
547 2421 722 2479 contendunt
741 2443 807 2480 cum
827 2424 1042 2500 Augustinianis
1064 2441 1177 2480 onmem
1204 2431 1297 2480 actum
1320 2423 1356 2479 ad
1449 2404 1456 2414 '¹

268 2518 365 2577 Deum
384 2519 574 2587 referendum,
595 2520 665 2579 adeo
684 2529 717 2579 ut
738 2522 848 2579 defectu
869 2522 945 2590 finis,
960 2530 1046 2588 actus,
1062 2520 1187 2592 alioquin
1205 2519 1356 2588 honestus

268 2619 352 2694 culpa
371 2619 475 2676 veniali
495 2620 653 2677 inficiatur:
683 2621 760 2693 quod
782 2640 820 2679 ex
842 2623 905 2697 ipsa
927 2621 1085 2677 necessaria
1105 2637 1199 2676 rerum
1226 2619 1356 2676 omnium

268 2726 423 2776 creatarum
438 2718 473 2776 ad
487 2728 630 2776 auctorem
653 2737 821 2798 supremum
842 2720 976 2777 relatione
999 2719 1128 2796 probant,
1143 2726 1171 2774 et
1191 2735 1228 2773 ex
1241 2719 1356 2776 recitato

269 2817 400 2893 Apostoli
421 2819 595 2877 testimonio.
637 2818 697 2876 Sed
718 2819 753 2874 ad
774 2819 870 2876 Deum
893 2821 956 2894 ipsa
977 2837 1029 2875 sua
1049 2820 1078 2875 vi
1091 2827 1119 2874 et
1131 2825 1228 2874 natura
1240 2817 1357 2873 refertur

269 2923 347 2970 actus
370 2916 464 2970 omnis
486 2917 590 2989 probus
614 2922 642 2969 et
663 2917 811 2980 honestus,
834 2914 955 2984 ideoque
982 2915 1094 2985 quoties
1118 2933 1204 2989 pravo
1223 2915 1279 2971 fine
1298 2933 1358 2972 non

267 3011 390 3091 vitiatur,
405 3011 492 3085 culpa
505 3011 616 3068 videtur
629 3029 732 3068 carere.
774 3011 860 3077 Quod
873 3011 908 3066 ad
921 3011 1091 3086 Apostolum
1104 3015 1210 3079 attinet,
1224 3014 1255 3070 in
1268 3032 1302 3070 eo
1315 3023 1358 3068 est

268 3117 300 3166 ut
312 3107 411 3165 fideles
425 3117 539 3166 moneat
552 3109 695 3181 quomodo
708 3110 833 3167 libertate
848 3127 899 3165 sua
912 3108 967 3166 frui
981 3119 1107 3186 oporteat
1120 3113 1224 3184 absque
1239 3112 1357 3170 aliorum

269 3205 429 3264 offensione
450 3209 480 3264 in
501 3207 666 3283 idolothytis
687 3207 901 3274 manducandis,
922 3219 954 3265 ut
972 3208 1029 3266 Dei
1050 3211 1138 3285 gloria
1154 3229 1212 3286 prae
1226 3212 1357 3268 omnibus

271 3303 436 3374 attendatur,
450 3324 504 3364 nec
519 3306 588 3379 quid
605 3307 662 3374 fiat,
677 3309 803 3364 cibomm
823 3308 983 3375 occasione,
1005 3307 1081 3380 quod
1100 3309 1130 3365 in
1149 3309 1260 3365 ruinam
1280 3309 1360 3366 cedat

270 3404 436 3462 animarum.
464 3405 533 3463 Ideo
546 3407 654 3483 pergit:
671 3407 770 3464 “Sine
784 3405 942 3463 offensione
952 3415 1040 3462 estote
1050 3405 1168 3473 rudeis,
1180 3417 1208 3463 et
1220 3409 1358 3483 gentibus,

271 3513 299 3562 et
311 3503 452 3562 Ecclesiae
466 3500 571 3564 Dei.”³

311 3606 361 3658 40.
382 3605 528 3662 Externos
549 3614 636 3671 actus,
658 3625 745 3676 quum
765 3625 781 3661 a
801 3603 941 3662 voluntate
962 3612 1048 3660 totam
1067 3622 1148 3661 suam
1166 3605 1302 3663 malitiam
1315 3604 1362 3661 vel

270 3699 424 3756 bonitatem
444 3700 561 3767 derivet,
577 3718 633 3776 per
654 3718 684 3757 oc
704 3720 767 3756 eam
786 3720 845 3758 non
864 3710 961 3776 auget:
984 3701 1149 3776 plerumque
1163 3711 1256 3761 tamen
1276 3722 1312 3760 ex
1326 3721 1361 3760 eo

272 3796 468 3854 vehementior
487 3798 636 3855 voluntatis
657 3797 773 3854 affectus
793 3799 953 3864 innotescit,
975 3808 1002 3854 et
1022 3817 1059 3856 ex
1082 3801 1221 3878 adjunctis
1235 3810 1360 3878 augetur.

272 3896 330 3961 Qui
351 3915 466 3972 pravam
488 3897 660 3971 voluptatem
680 3896 775 3953 animo
798 3897 968 3972 concupivit,
991 3897 1053 3972 jam
1073 3899 1201 3956 adulterii
1221 3901 1252 3956 in
1277 3898 1361 3958 corde

272 4013 336 4052 reus
356 4003 408 4063 est,
430 3995 547 4054 Christo
568 3996 607 4053 ita
629 3987 781 4052 docenter⁴
800 3993 852 4052 sed
872 3995 906 4062 si,
930 3996 1080 4054 occasione
1100 3998 1200 4066 oblata,
1214 4017 1285 4074 opus
1302 4015 1361 4056 non

474 4193 516 4258 (l)
536 4191 608 4256 Prop.
620 4195 669 4244 xvi.
683 4193 709 4242 in
722 4192 787 4243 Sers.
799 4211 840 4243 xv.
853 4193 930 4243 Cone.
942 4192 1027 4243 Gonst

472 4276 514 4342 (2)
534 4277 582 4340 Ep.
594 4277 669 4326 lxxiv.
680 4279 711 4326 ad
722 4280 900 4342 Augustinum.
1003 4277 1045 4344 (3)
1067 4281 1079 4326 1
1095 4277 1151 4329 Cor.
1162 4279 1234 4328 ΜΞ.

476 4362 519 4427 (t)
540 4361 696 4412 Matones.
767 4357 769 4362 '
