3068 5256
484 492 541 551 DE
563 492 728 560 QUINTO
748 491 1000 554 PRAEOEPTO.
1236 503 1293 560 m

197 662 306 718 exitum
319 659 446 717 habitura
464 657 600 734 videatur.
643 630 771 714 Plurima
792 659 927 734 exempla
947 658 1107 717 referuntur
1128 681 1145 720 a
1167 659 1290 741 cangia-

198 759 265 815 mila
277 760 306 815 in
320 777 407 832 opere
420 754 497 814 dicto
512 774 599 814 ruera
612 753 837 835 Embryologt’u
847 777 860 824 ,·
882 755 933 814 sed
946 765 974 812 et
985 757 1015 814 in
1035 757 1088 815 hac
1100 760 1165 836 ipsa
1177 764 1246 820 urbe
1260 761 1291 824 iu

195 875 250 928 qua
263 857 424 922 scribimus,
439 863 484 911 est
498 855 600 912 mulier
609 873 672 925 quae
687 855 729 911 bis
744 863 807 911 ante
822 855 929 927 aliquot
942 873 1032 913 annos
1046 856 1135 915 ineisa
1146 869 1198 926 cst,
1209 861 1290 937 puel·

194 955 222 1011 la
234 964 262 1010 et
275 973 366 1030 puero
379 953 515 1011 exlatere
529 952 647 1020 eductis,
670 954 720 1025 qui
732 953 832 1010 vivunt
844 952 937 1010 adhuc
950 964 979 1010 et
1000 954 1106 1029 vigent,
1121 967 1208 1014 matre
1222 941 1288 1017 cum

195 1052 249 1110 illis
264 1053 340 1110 bona
352 1052 511 1109 valetudine
524 1051 644 1108 fruente.
687 1049 832 1108 Caeterum
852 1052 996 1109 neminem
1016 1053 1073 1110 nisi
1086 1057 1288 1130 peritissimum

192 1151 340 1225 chirurgiae
355 1151 459 1207 debere
473 1149 503 1207 id
516 1148 630 1225 aggredi
644 1147 742 1219 liquet.
786 1149 882 1206 Sestio
902 1159 995 1206 autem
1015 1153 1098 1220 uteri,
1112 1163 1199 1210 matre
1212 1174 1288 1214 mor·

192 1257 248 1315 tua,
263 1267 320 1305 non
335 1258 439 1306 tantam
454 1248 543 1323 exigit
555 1245 696 1322 peritiam,
710 1256 739 1304 et
760 1247 888 1305 facienda
908 1259 951 1303 est
972 1249 1076 1316 statim,
1100 1253 1210 1323 quotics
1231 1253 1290 1312 ulla

190 1357 235 1403 est
260 1365 327 1421 spes
348 1347 448 1405 foetum
467 1345 558 1402 adhuc
577 1347 692 1402 vivere:
714 1347 754 1403 ita
773 1347 850 1403 eninr
870 1347 1029 1421 praescribit
1048 1347 1160 1408 Rituale
1180 1350 1286 1409 Roma·

196 1438 292 1502 num.¹

507 1609 523 1683 §
544 1608 598 1666 IV.
620 1608 668 1666 Du
689 1628 737 1668 sur
757 1629 851 1669 rrsrus
870 1627 969 1670 omna.

232 1791 298 1845 121.
321 1787 416 1853 Quum
435 1785 563 1844 occidere
582 1795 657 1843 vetet
674 1787 732 1854 lex,
755 1788 883 1864 seipsum
903 1791 1012 1846 nemini
1028 1789 1095 1846 licet
1106 1791 1278 1850 interficere:

189 1886 267 1958 quod
279 1887 335 1962 ipsi
344 1895 449 1942 naturae
463 1885 609 1942 dictamini
623 1896 651 1941 et
663 1886 807 1943 instinctui
820 1905 937 1962 prorsus
946 1896 1093 1963 repugnat.
1136 1888 1283 1960 Equidem

189 1983 266 2052 Deo,
283 1984 386 2042 auctori
408 1994 516 2051 nostro,
540 1985 572 2040 fit
588 1984 702 2060 injuria,
724 1983 792 2041 dum
814 1985 879 2056 quis
903 1995 1023 2044 mortem
1044 1986 1098 2042 sibi
1119 1987 1282 2054 consciscit,

189 2083 264 2140 haud
278 2091 423 2159 expectato
437 2083 500 2139 vitae
515 2083 638 2140 termino
648 2101 733 2154 quem
748 2101 860 2140 summo
874 2085 986 2142 arbitrio
996 2084 1150 2142 constituit.
1192 2083 1282 2161 Igitur

187 2200 240 2238 nee
253 2183 316 2238 vitae
336 2200 525 2238 aerumnarum
539 2180 633 2248 taedio,
648 2199 701 2237 nec
715 2181 850 2256 peccandi
864 2193 952 2250 metu,
967 2202 1020 2241 nec
1033 2182 1091 2241 Dei
1105 2183 1283 2258 adipiscendi

186 2279 325 2338 desiderio
336 2289 457 2336 mortem
466 2289 599 2364 appetere
607 2280 674 2337 licet
685 2299 691 2335 :
714 2287 733 2313 “
746 2279 812 2337 Hoc
821 2279 974 2348 dicimus‚’'
990 2283 1082 2354 inquit
1092 2281 1281 2358 Augustinus,

188 2378 271 2436 “hoc
284 2379 450 2445 asserimus
471 2379 527 2436 hoc
547 2379 640 2436 modis
661 2379 791 2435 omnibus
805 2381 1011 2454 approbamus:
1034 2380 1180 2439 neminem
1193 2399 1281 2458 spon·

186 2485 295 2536 tancam
309 2487 431 2535 mortem
454 2477 508 2534 sibi
530 2477 632 2535 inferre
656 2476 768 2544 debere,
788 2478 866 2534 velut
882 2479 1016 2556 fugiendo
1040 2479 1188 2536 molestias
1210 2489 1281 2536 tem·

185 2576 307 2650 pordes,
322 2575 476 2633 reincidat
499 2577 529 2632 in
549 2585 718 2651 perpetuas3
740 2577 884 2635 neminem
905 2587 1021 2652 propter
1042 2577 1134 2634 aliena
1154 2587 1280 2654 peccata,

187 2693 223 2730 ne
237 2674 294 2729 hoc
306 2674 370 2748 ipso
383 2674 497 2748 incipiat
509 2674 612 2732 habere
627 2674 827 2751 gravissimum
837 2676 994 2749 proprium,
1006 2692 1092 2748 quem
1102 2693 1160 2730 non
1174 2676 1281 2748 pollue·

185 2773 235 2829 bat
249 2771 392 2837 alienum;
413 2772 552 2830 neminem
572 2782 688 2849 propter
710 2790 763 2827 sua
782 2780 897 2845 peccata
911 2773 1061 2845 praeterita,
1083 2778 1198 2844 propter
1217 2788 1281 2841 quae

186 2871 279 2947 magis
301 2870 354 2926 hac
378 2870 432 2926 vita
455 2889 525 2944 opus
545 2880 599 2939 est,
626 2881 658 2928 ut
678 2871 790 2945 possint
812 2868 976 2945 paenitendo
999 2869 1111 2934 sanari3
1133 2868 1280 2928 neminem
1318 2913 1323 2924 .

185 2969 262 3027 velut
274 2967 416 3026 desiderio
429 2969 554 3026 melioris
577 2971 652 3036 vitae,
667 2988 731 3041 quae
753 2978 953 3044 postmortem
966 2977 1096 3044 speratur
1107 2987 1114 3034 ;
1136 2969 1203 3041 quia
1215 2986 1279 3026 reos

185 3086 242 3125 suae
256 3068 354 3125 mortis
368 3068 468 3124 melior
488 3076 686 3144 postmortem
708 3068 766 3124 vita
787 3085 846 3124 non
869 3062 1040 3143 suscipit.'’²
1080 3067 1172 3126 Furor
1185 3067 1234 3125 ille
1247 3086 1279 3124 se

185 3166 368 3224 interficiendi
392 3185 429 3222 ex
450 3165 558 3241 pudore
579 3167 741 3223 vehementi
764 3167 800 3222 ob
829 3165 964 3223 delictum
985 3165 1152 3234 admissum,
1173 3166 1220 3224 vel
1241 3185 1281 3224 ex

184 3284 371 3323 aerumnarum
393 3263 476 3321 taedio
497 3265 665 3341 plerumque
679 3265 811 3330 nascitur,
826 3273 854 3320 et
868 3267 994 3322 animum
1015 3262 1109 3340 prodit
1122 3263 1279 3332 infidelem,

184 3364 229 3422 cui
241 3363 276 3421 de
290 3365 373 3420 rebus
386 3362 472 3420 futuri
485 3363 583 3420 saeculi
603 3373 651 3420 aut
669 3363 746 3420 nulla
768 3372 816 3419 aut
838 3363 944 3420 incerta
965 3371 1009 3420 est
1028 3363 1186 3420 sententia:
1212 3380 1280 3433 qua·

184 3473 299 3538 propter
311 3460 386 3536 apud
401 3462 500 3518 Gallos
521 3463 645 3520 maxime
669 3462 788 3519 increvit
808 3479 845 3518 ex
866 3478 923 3532 quo
937 3462 967 3516 in
979 3459 1068 3516 tidem
1082 3459 1279 3516 Christianam

184 3559 348 3617 debacchati
360 3555 427 3618 suni
440 3560 595 3617 Voltairius
610 3561 724 3633 aliique.
767 3557 918 3633 Sepultura
925 3556 1119 3614 ecclesiastica
1132 3556 1280 3632 privantur

184 3677 244 3715 suae
269 3660 366 3716 mortis
386 3650 541 3726 auctores‚³
563 3661 588 3716 si
610 3661 655 3717 sui
681 3666 829 3734 compotes
852 3656 964 3724 fuerint,
992 3654 1070 3728 quod
1092 3654 1168 3714 haud
1194 3655 1278 3716 facile

188 3753 337 3814 creditur.⁴

226 3861 293 3914 122.
316 3856 479 3927 Tamquam
492 3857 653 3933 gravissimi
673 3857 801 3914 criminis
821 3856 862 3913 rei
882 3857 983 3914 merito
995 3855 1084 3912 habiti
1098 3862 1164 3911 sunt
1175 3853 1281 3910 saeculo

186 3957 283 4026 quinto
298 3954 553 4012 Circumcelliones
573 3975 589 4012 e
604 3955 816 4013 Donatistarum
835 3963 920 4020 secta,
942 3963 961 3988 “
973 3971 1037 4008 narn
1052 3971 1103 4025 per
1116 3959 1221 4006 mortes
1234 3969 1282 4006 va-

186 4053 251 4122 rias,
265 4054 449 4126 maximeque
470 4054 702 4130 praecipitiorum,
724 4062 752 4110 et
772 4070 918 4124 aquarum,
939 4060 967 4107 et
984 4051 1094 4125 ignium
1108 4049 1218 4125 seipsos
1232 4068 1280 4107 ne·

216 4239 258 4304 (1)
277 4239 328 4289 Tit.
341 4238 381 4288 rii.
394 4239 424 4288 de
435 4240 499 4303 bapt.
511 4239 600 4303 pueris.
783 4238 825 4303 (2)
845 4235 873 4284 L.
881 4235 897 4283 i.
909 4235 939 4284 de
950 4235 995 4286 civ.
1008 4235 1063 4294 Dei,
1075 4252 1096 4286 c.
1108 4235 1174 4284 xxvi.

218 4324 261 4390 (3)
280 4324 329 4373 Rit.
342 4323 413 4372 Rom.
425 4323 455 4372 de
466 4324 586 4387 exequiis.
778 4321 821 4386 (4)
839 4319 933 4370 Melina
945 4328 961 4369 t.
973 4319 1005 4369 iv.
1018 4327 1046 4370 tr.
1057 4319 1091 4369 iii.
1103 4319 1135 4368 D.
1148 4334 1190 4368 xx.
1203 4333 1228 4366 n·
1244 4320 1281 4368 tl.

718 4400 771 4454 lt*
