3068 5256
485 504 542 563 DE
563 503 724 564 TERTIO
745 502 997 564 PRAEOEPTO.
1250 509 1289 566 ot

234 675 284 730 70.
305 670 386 728 Finis
399 669 436 726 ob
458 686 544 742 quern
557 687 643 746 opera
654 677 830 736 exercentur,
844 686 944 726 eorum
956 675 1084 726 naturam
1096 683 1155 724 non
1167 663 1288 725 mutntr²

106 840 109 846 Ι
194 769 315 842 ideoque
329 769 428 826 fabrile
442 787 515 844 opus
529 768 621 826 iacere
635 768 816 826 recreationis
828 768 896 824 licet
914 784 1009 834 causa,
1023 783 1096 842 opus
1109 765 1213 823 servile
1226 775 1288 824 est:

195 868 357 926 concionari
383 876 478 924 autem
504 866 539 924 de
559 867 695 934 scientiis,
719 867 803 924 etiam
833 866 869 924 ob
890 865 1012 932 lucrum,
1035 874 1079 922 est
1099 882 1174 940 opus
1202 864 1291 923 libero

193 967 304 1025 homini
318 967 502 1024 conveniens.
545 965 639 1024 Labor
658 967 743 1024 etiam
765 973 794 1022 et
813 964 978 1039 defatigatio
1000 963 1101 1039 major,
1123 962 1169 1020 vel
1188 963 1292 1031 minor,

192 1065 287 1140 operis
301 1071 431 1121 naturam
443 1083 501 1122 non
516 1063 692 1130 detenninat,
707 1063 837 1135 quamvis
850 1080 908 1134 quo
917 1062 1009 1138 major
1018 1069 1063 1118 est
1074 1060 1163 1129 labor,
1177 1079 1212 1120 eo
1226 1061 1293 1120 taci-

196 1163 253 1220 lius
267 1163 360 1237 gravis
374 1162 465 1237 culpae
479 1163 597 1220 materia
608 1163 755 1220 habeatur.

232 1264 283 1318 71.
305 1260 363 1316 Iter
381 1260 473 1316 facere
496 1259 626 1336 pedibus,
650 1279 736 1331 equo,
756 1259 803 1316 vel
824 1276 918 1325 curru,
942 1275 1015 1333 opus
1036 1266 1151 1314 nonest
1170 1257 1291 1323 servile;

195 1367 368 1434 quapropter
382 1359 485 1433 aurigas
499 1359 604 1430 aliique
618 1358 751 1416 aviolato
766 1367 907 1434 praeeepto
922 1357 1064 1414 immunes
1078 1353 1201 1412 habendi
1215 1365 1290 1422 sunt,

195 1458 326 1529 quamvis
340 1474 427 1513 onera
438 1455 568 1525 levando,
583 1465 630 1512 aut
652 1455 837 1532 imponendo,
853 1472 1023 1525 currumque
1043 1452 1164 1528 agendo,
1185 1453 1291 1511 laboris

196 1555 350 1630 plurimum
363 1554 529 1612 sustineant.
572 1554 716 1612 Caeterum
730 1573 804 1631 opus
817 1552 919 1610 servile
933 1552 1060 1628 pluribus
1073 1551 1186 1608 videtur
1199 1550 1293 1626 plaus-

199 1653 251 1708 tris
264 1653 366 1708 vehere
379 1671 484 1720 onera3
505 1662 676 1712 excusantur
689 1663 783 1712 autem
796 1661 871 1710 certe
885 1652 934 1722 qui
949 1652 1054 1724 absque
1068 1668 1173 1726 magno
1185 1651 1293 1708 iucom-

196 1749 286 1808 modo
312 1759 340 1806 et
366 1749 467 1808 damno
492 1761 637 1825 nequeunt
656 1753 709 1810 iter
722 1753 784 1829 jam
810 1752 957 1826 inceptum
978 1751 1191 1825 interrumpere.
1234 1747 1294 1804 Sed

197 1847 331 1907 laudandi
345 1866 403 1906 non
416 1861 481 1906 sunt
494 1852 543 1922 qui
563 1869 681 1926 vespere
695 1851 802 1907 sabbati
822 1850 874 1906 iter
894 1847 1028 1906 inchoant
1045 1857 1077 1904 ut
1089 1845 1159 1904 illud
1172 1845 1220 1904 die
1233 1845 1293 1902 Do·

198 1949 305 2005 minica
336 1957 550 2024 prosequantur.
603 1948 742 2006 Nonnulli
771 1956 866 2004 tamen
891 1943 1064 2002 contendunt
1088 1945 1126 2001 ob
1151 1943 1295 2018 publicam

203 2046 357 2115 utilitatem,
372 2045 544 2121 suffragante
566 2048 652 2106 etiam
674 2045 887 2113 consuetudine,
901 2045 987 2103 licere
1008 2043 1061 2100 iter
1081 2042 1127 2100 die
1140 2041 1295 2100 Dominica

198 2145 340 2202 inchoare.
381 2145 427 2201 De
441 2144 563 2219 publicis
576 2145 715 2204 vehiculis
729 2145 836 2203 litteras
849 2143 1041 2202 deferentibus
1055 2141 1165 2213 aliaque
1173 2140 1293 2200 maximi

197 2245 333 2302 momenti
360 2243 395 2300 ad
420 2245 628 2319 rempublicam
653 2245 787 2316 civesque
809 2243 987 2319 pertinentia,
1014 2241 1044 2300 id
1070 2249 1151 2299 extm
1176 2257 1293 2298 omnem

198 2341 287 2400 aleam
300 2343 482 2400 dubitationis
497 2352 540 2399 est
552 2344 686 2419 positum.
730 2341 836 2402 Meritd
854 2341 960 2400 idcirco
974 2341 1085 2417 rejectae
1099 2347 1166 2396 suut
1184 2358 1201 2395 a
1215 2336 1293 2394 Ocu·

197 2458 294 2516 gressu
308 2460 408 2515 preces
428 2443 622 2508 sectariorum,
637 2443 696 2510 qui,
711 2452 774 2500 ante
795 2441 901 2515 aliquot
921 2457 1010 2498 annos
1029 2441 1124 2517 legem
1144 2435 1290 2496 ferendam

197 2538 347 2614 petierunt,
361 2557 418 2612 qua
429 2535 536 2594 litteras
549 2535 596 2594 die
611 2535 763 2594 Dominica
776 2535 879 2594 deferri
892 2553 975 2592 curru
988 2534 1103 2609 publico
1116 2542 1266 2591 vetaretur.

237 2642 288 2694 72.
310 2637 507 2710 Servileopus
521 2643 634 2692 nonest
653 2635 765 2703 dooere,
780 2634 903 2701 studere,
918 2643 947 2690 et
968 2634 1110 2698 scribere;
1132 2633 1191 2690 imo
1209 2632 1294 2706 juxta

199 2733 349 2808 plurimos,
373 2734 456 2789 etiam
476 2734 669 2802 transcribere,
691 2735 782 2808 pretio
803 2733 898 2808 operis
920 2739 1055 2804 accepto:
1077 2748 1145 2786 nam
1171 2729 1295 2802 pretium

199 2850 259 2889 non
273 2839 363 2888 mutat
374 2831 470 2907 operis
482 2839 623 2899 naturam
645 2831 830 2888 transcribere
844 2836 938 2888 autem
958 2826 1035 2884 idem
1055 2834 1098 2882 est
1111 2844 1143 2882 ac
1157 2825 1293 2892 seribere,

198 2939 227 2988 et
240 2929 369 3006 dirigitur
381 2929 416 2988 ad
428 2938 553 2988 mentem
567 2930 770 2989 instruendam.
811 2929 897 2988 Licet
909 2943 1023 3000 quoque
1037 2923 1190 2992 delineare,
1205 2932 1294 2982 trans·

199 3029 306 3086 cribere
319 3038 399 3087 notas
413 3029 547 3097 musicae,
562 3039 591 3086 et
602 3031 737 3089 rationes.
780 3030 825 3086 De
839 3025 976 3104 pingendi
986 3023 1218 3100 artedisputatur,
1228 3032 1295 3082 sunt

199 3129 275 3186 enirn
294 3128 409 3204 plurimi
438 3128 487 3200 qui
514 3147 577 3186 eam
603 3129 734 3186 servilem
756 3135 929 3204 nuncupant,
953 3143 1042 3197 quum
1060 3125 1092 3182 in
1118 3124 1292 3199 imaginibus

200 3244 293 3284 rerum
306 3226 500 3303 exprimendis
514 3235 658 3284 versetur:
680 3227 743 3285 aliis
757 3245 819 3285 earn
832 3224 958 3284 liberalia
970 3224 1042 3282 inter
1048 3241 1135 3298 opera
1143 3239 1293 3280 recensen-

202 3325 284 3382 tibus.
327 3327 411 3385 Prior
424 3326 564 3384 sententia
577 3328 757 3385 communior
770 3347 786 3383 a
800 3326 832 3382 S.
842 3323 992 3400 Alphonso
1002 3322 1037 3378 de
1051 3322 1168 3397 Ligorio
1181 3319 1293 3378 dieitur.

203 3423 310 3481 Tenere
332 3434 426 3508 autem
449 3425 568 3492 colores,
592 3433 621 3482 et
641 3427 749 3501 tingere
770 3443 879 3482 asseres
902 3439 954 3479 seu
977 3439 1097 3495 pannos,
1118 3427 1146 3476 et
1167 3417 1296 3474 dealbare

203 3524 335 3598 parietes
350 3525 448 3600 proeul
459 3525 544 3582 dubio
557 3525 660 3582 servile
673 3535 725 3580 est.
768 3523 922 3580 Retrahere
932 3519 1072 3592 imagines
1086 3533 1148 3582 acu,
1158 3523 1190 3571 ut
1202 3513 1296 3571 solent

204 3621 336 3690 foeminae,
357 3623 460 3680 servile
483 3641 542 3680 non
565 3623 693 3691 habetur,
709 3639 798 3694 quum
820 3619 910 3694 magis
932 3613 1027 3674 tendat
1048 3612 1084 3670 ad
1102 3609 1293 3670 exercendum

204 3720 358 3794 ingenium.
400 3722 456 3779 Ars
470 3720 620 3797 sculpendi
633 3722 747 3779 servilia
759 3722 833 3778 inter
846 3735 931 3793 opera
950 3721 1131 3772 numeratur:
1154 3712 1197 3770 sic
1210 3711 1296 3770 etiam

205 3818 316 3894 prelum
329 3837 462 3888 movere3
483 3821 654 3894 compositio
677 3830 770 3878 autern
793 3797 926 3896 typorum
946 3814 1060 3872 liberale
1079 3812 1190 3871 videtur
1211 3829 1295 3888 opus,

203 3918 311 3993 ingenii
325 3917 435 3974 seilicet
447 3927 490 3976 est
502 3919 645 3995 praecipue
659 3919 835 3976 exercitium.

247 4021 297 4074 73.
319 4015 442 4075 Venatio
468 4017 617 4076 servilibus
638 4019 769 4093 operibus
789 4035 849 4076 non
869 4020 1049 4074 accensetur3
1076 4006 1128 4064 sed
1146 4005 1300 4083 plurimum

206 4115 321 4172 retrahit
340 4115 435 4174 aDeo
458 4116 588 4175 colendo.
630 4117 743 4177 Pisoari
764 4116 849 4172 hamo
872 4129 945 4188 opus
968 4105 1070 4167 servile
1092 4124 1151 4166 nou
1169 4104 1297 4164 videtur:

239 4283 282 4348 (l)
302 4283 341 4333 Ita
351 4281 426 4333 habet
436 4285 590 4336 communior
601 4290 625 4334 et
636 4281 780 4349 probabilior
789 4277 917 4330 sententia.
941 4274 1100 4366 Vidstayol
1107 4272 1174 4338 Exp.
1184 4271 1301 4334 iiipree.

209 4374 251 4418 art.
263 4382 287 4416 v.
