3068 5256
457 488 514 548 DE
536 487 738 548 SECUNDO
759 489 1011 550 PRAEOEPTO.
1242 499 1279 554 st

186 668 303 738 propter
327 655 495 734 parvitatem
520 653 598 721 mali,
624 651 700 726 quod
726 655 792 727 quis
817 655 897 712 alteri
921 655 1100 730 imprecatur,
1126 656 1173 713 vel
1192 657 1278 718 ctiam

187 767 302 836 propter
313 755 446 813 affectum
459 753 638 830 proferentis,
653 751 722 810 dum
743 771 781 812 ex
798 753 856 811 levi
876 761 964 821 motu,
977 751 1023 810 vel
1036 772 1073 812 ex
1085 754 1164 823 ludo,
1179 765 1227 814 aut
1238 773 1276 816 ex

185 856 366 931 subreptione
380 854 434 910 alia
452 855 539 910 verba
557 850 746 928 proferuntur,
768 853 836 926 quia
854 859 969 928 peccata
987 853 1137 912 verborum
1149 855 1276 914 maxime

185 973 223 1013 ex
236 953 339 1012 affectu
347 944 548 1028 pensantur.”¹
588 948 899 1026 Juxtahaecprincipia,
909 951 1012 1023 quibus
1022 951 1115 1011 nullm
1124 952 1274 1030 theologus
1314 941 1317 948 ¹

185 1050 362 1118 contradicit,
376 1051 518 1126 pleraeque
530 1048 743 1108 maledictiones
763 1067 780 1106 a
793 1049 870 1125 gravi
889 1051 974 1126 culpa
985 1051 1081 1108 valent
1099 1051 1207 1109 eximit
1228 1053 1276 1112 vel

186 1153 263 1210 enirn
277 1149 456 1226 proferuntur
468 1147 499 1205 in
511 1148 663 1206 animantia
672 1147 850 1214 irrationalia,
864 1148 911 1206 vel
922 1149 953 1207 in
965 1167 1010 1205 res
1024 1150 1210 1217 inanimatam
1230 1151 1277 1209 vel

186 1251 249 1309 leve
263 1250 370 1307 malum
383 1247 557 1322 respiciunt3
578 1247 624 1305 vel
638 1248 662 1305 si
683 1248 806 1324 gravius,
820 1245 900 1304 deest
918 1247 1037 1304 affectus
1056 1257 1085 1304 et
1103 1247 1277 1307 desiderium

186 1348 301 1407 efficax.
343 1346 415 1412 Quae
435 1354 529 1403 autem
542 1363 580 1402 ex
596 1345 801 1404 vehementiori
812 1345 855 1402 ira
873 1347 903 1405 in
917 1345 1064 1404 inimicum
1083 1346 1277 1414 effunduntur,

186 1465 224 1505 ex
237 1447 334 1504 animo
346 1443 429 1501 facile
442 1443 591 1519 prodeunt
612 1462 785 1522 gravemque
805 1442 924 1503 induunt
942 1444 1088 1502 malitiam.
1131 1443 1277 1504 Ceterum

186 1546 267 1604 omni
291 1542 384 1602 studio
410 1543 479 1602 eniti
504 1551 625 1620 oportet,
651 1553 683 1602 ut
703 1543 801 1601 fideles
824 1561 841 1598 a
861 1543 1106 1602 maledictionibus
1132 1543 1277 1610 omnibus,

188 1643 308 1714 aliisque
320 1643 447 1708 vocibus,
460 1643 564 1714 quibus
577 1640 673 1700 divino
693 1642 844 1717 derogatur
862 1642 975 1710 honori,
997 1642 1162 1710 abstineant,
1184 1661 1274 1716 quum

189 1759 241 1799 eos
255 1739 337 1797 valde
350 1737 480 1796 dedeceat
491 1741 526 1797 iis
545 1741 597 1808 uti,
613 1759 675 1812 quae
695 1741 779 1797 etiarn
799 1738 988 1798 offensionem
1007 1759 1139 1816 magnam
1152 1743 1275 1816 pariunt.

189 1840 252 1898 Nec
266 1848 360 1895 tamen
373 1837 475 1894 debent
494 1838 659 1896 confessarii
672 1847 719 1895 ant
736 1838 950 1896 concionatores
964 1837 1034 1894 adeo
1047 1839 1077 1895 in
1099 1857 1148 1895 eas
1167 1839 1275 1905 invehi,

187 1948 220 1996 ut
231 1945 331 2013 putent
341 1935 438 1993 fideles
452 1954 536 2011 grave
549 1955 580 1994 se
600 1936 747 1994 admittere
766 1933 900 1993 delictum
920 1936 1031 2007 quoties
1051 1951 1099 1992 ees
1119 1936 1276 2010 proferunt,

190 2045 210 2072 “
221 2053 257 2093 ne
271 2043 311 2092 tot
322 2035 421 2094 anime
435 2052 472 2090 ex
485 2035 643 2111 ignorantia
655 2035 692 2092 ob
706 2052 853 2092 erroneam
866 2032 1068 2091 conscientiam
1082 2034 1190 2118 peceati
1203 2051 1277 2092 mor·

188 2134 250 2192 talis
263 2134 366 2191 misere
380 2126 546 2211 pereant.”²
584 2131 630 2190 Ad
643 2135 755 2208 praxim
767 2132 844 2205 quod
864 2133 961 2190 attinet
979 2148 1064 2188 voces
1078 2131 1152 2189 illae:
1174 2139 1194 2168 “
1206 2132 1275 2191 Dia·

187 2233 268 2292 bolus
288 2241 314 2290 te
328 2231 451 2308 rapiat,”
476 2230 585 2289 “Deus
599 2240 626 2288 te
646 2230 791 2298 damnet,”
813 2231 981 2307 plerumque
993 2247 1052 2288 non
1072 2229 1278 2289 euntmortalie

188 2340 310 2409 peccata.
361 2330 457 2389 Multo
478 2331 573 2387 minus
593 2347 677 2386 voces
698 2330 814 2396 mutilae,
836 2330 961 2402 omnis,¹⁸
1033 2345 1113 2385 ansus
1136 2337 1278 2406 expertes,

189 2447 259 2502 quas
272 2428 408 2487 adhibent
419 2427 548 2503 plerique
561 2427 597 2484 ad
616 2445 696 2485 veras
716 2426 928 2485 maledictiones
949 2425 1106 2493 evitandas,
1127 2436 1192 2485 sunt
1212 2445 1277 2503 pec·

188 2536 248 2585 cata
258 2529 363 2603 gravia.
397 2524 482 2593 Quod
490 2523 632 2584 attinetad
645 2525 822 2584 anathemata
836 2525 987 2593 Ecclesia,
1001 2524 1069 2582 dicit
1082 2525 1114 2581 S.
1129 2526 1276 2583 Thomas:

189 2625 317 2683 “Etiam
338 2625 472 2684 Ecclesia
492 2624 636 2682 maledicit
649 2623 921 2691 anathematizando,
936 2626 1010 2682 sicut
1032 2623 1117 2680 etiam
1130 2621 1278 2700 prophetes

190 2726 222 2780 in
236 2723 391 2798 Scripturis
404 2722 571 2796 quandoque
590 2725 782 2800 imprecantur
800 2723 875 2779 mala
893 2719 1097 2797 peccatoribus,
1119 2721 1200 2792 quasi
1214 2737 1279 2776 con·

189 2821 348 2880 formantes
361 2820 528 2880 voluntatem
540 2840 622 2880 suam
641 2821 744 2879 divinae
760 2819 893 2896 justitiae:
914 2818 981 2875 licet
999 2816 1164 2891 hujusmodi
1177 2817 1279 2893 impre·

189 2921 316 2978 cationes
329 2919 439 2996 possint
451 2921 535 2978 etiam
547 2939 599 2996 per
607 2918 725 2979 modum
736 2917 980 2995 praenuntiationis
993 2909 1162 2993 intelligi.”³

555 3133 570 3208 §
590 3132 646 3192 111.
666 3131 715 3191 De
735 3131 931 3193 Juaaunuuo.

229 3287 279 3342 45.
299 3282 498 3343 duramentum
511 3293 555 3340 est
567 3284 707 3342 invocatio
720 3284 808 3344 divim
821 3283 945 3344 nominis
959 3281 994 3339 ad
1006 3283 1093 3342 fidem
1107 3282 1276 3342 faciendam.

191 3382 341 3442 invocatur
353 3392 448 3442 autem
462 3381 553 3450 Deus,
568 3382 613 3440 vel
626 3400 772 3459 expresse,
781 3384 826 3441 vel
839 3382 991 3458 implicite:
1012 3399 1159 3456 expresse,
1170 3383 1196 3440 si
1206 3380 1280 3440 dica·

193 3490 238 3540 tur
251 3481 377 3540 “Deum
400 3480 517 3550 testor‚’'
543 3482 631 3540 “Per
643 3481 740 3540 Deum
762 3483 801 3538 ita
813 3479 888 3549 est,”
912 3480 968 3536 dec.
982 3479 1119 3552 implicite
1133 3477 1202 3537 dum
1215 3478 1280 3548 quis

194 3580 304 3636 invocat
315 3579 411 3638 Deum
433 3581 463 3638 in
485 3581 618 3638 creaturis
640 3582 671 3639 in
685 3578 788 3652 quibus
801 3575 961 3653 specialiter
974 3576 1036 3650 ejus
1057 3574 1185 3632 attributa
1197 3573 1281 3634 resul-

194 3685 280 3753 gent;
300 3688 331 3735 ut
339 3679 364 3734 si
373 3679 439 3752 quis
449 3679 526 3756 juret
539 3687 558 3714 ‘⁶
569 3697 620 3754 per
629 3676 765 3744 coelum,”
781 3684 800 3713 ‘⁶
812 3695 864 3754 per
875 3672 1049 3743 internum,”
1065 3681 1084 3710 ‘⁴
1092 3673 1282 3753 perEvange·

192 3773 262 3843 lia,’'
277 3784 296 3812 “
307 3795 358 3853 per
368 3779 492 3836 animam
501 3775 615 3838 suam.”
658 3777 854 3856 ‘Quacumque
864 3776 960 3836 animo
965 3772 1080 3851 jurandi
1092 3774 1280 3852 proferuntur,

193 3874 249 3932 vim
259 3875 415 3950 juramenti
428 3894 524 3934 coram
537 3875 602 3933 Deo
622 3876 765 3934 obtinent:
786 3884 896 3943 cetera,
916 3873 970 3932 etsi
989 3874 1115 3948 speciem
1124 3871 1280 3947 juramenti

193 3973 384 4048 praeseserant
394 3974 548 4052 juramenti
566 3983 663 4032 carent
681 3976 799 4032 ratione.
841 3973 952 4038 Idcirco
970 3969 1096 4028 maxime
1115 3966 1284 4026 attendenda

193 4077 237 4140 ¹est
248 4071 426 4145 loquentium
438 4091 530 4140 mens,
543 4082 573 4130 et
584 4075 751 4132 communis
766 4069 952 4136 consuetudo,
965 4076 998 4126 ut
1015 4066 1196 4144 dignoscetur
1209 4086 1284 4140 que·

193 4186 259 4228 nam
272 4171 346 4230 inter
353 4173 516 4250 juramenta
525 4171 701 4232 recensenda
707 4173 773 4234 sint.
816 4165 835 4205 “’
847 4166 988 4228 Formuloe
997 4167 1053 4236 hee,
1068 4175 1077 4203 ⁴
1088 4167 1170 4226 Deus
1182 4164 1282 4235 novit)

229 4335 272 4402 (l)
292 4340 316 4387 2.
327 4336 372 4388 2ae.
385 4353 426 4403 qu.
439 4338 515 4390 lxxvi.
524 4347 568 4390 art.
577 4341 611 4390 iii.
826 4336 868 4402 (2)
888 4335 913 4386 Ι.
925 4337 1045 4403 Alpheus.
1056 4335 1072 4386 l.
1084 4334 1118 4386 iii.
1130 4333 1219 4386 uteo.

499 4425 536 4490 (3)
555 4423 857 4491 2.2a.qu.1xxvi.artt
892 4421 968 4490 Καρ.
