3078 5258
289 527 345 582 168
553 517 610 578 DE
631 513 785 576 LEGUM
806 511 1111 577 OBLIGATIONE.

287 690 351 762 quis
360 702 464 762 cogere
476 683 546 742 velit
558 681 697 742 famulum
711 689 742 738 ut
757 697 858 738 earnes
871 678 918 738 die
932 677 1048 738 esuriali
1065 676 1129 736 edat
1141 679 1171 738 in
1184 688 1379 755 contemptum

289 784 439 851 Ecclesiae,
451 791 480 840 et
492 780 558 840 fidei
569 780 793 858 abnegationem,
807 779 946 856 oportebit
959 776 1130 836 Eleazarum
1144 779 1257 846 imitari,
1272 780 1323 852 qui
1336 797 1384 836 no·

288 887 340 945 luit
352 884 399 942 vel
412 881 519 942 violare
532 880 627 958 legem
644 879 817 946 Mosaicam,
838 896 895 949 qua
915 893 981 936 caro
1001 875 1085 936 suilla
1103 879 1247 935 vetabatur
1267 877 1384 936 maudu-

290 981 389 1050 cande,
403 981 450 1040 vel
462 981 524 1057 ejus
539 978 672 1038 simulare
686 976 880 1044 violationem,
894 975 1006 1035 etiamsi
1019 993 1096 1034 mors
1109 977 1137 1034 11
1150 973 1336 1035 immineret.¹

567 1177 582 1251 §
596 1174 651 1235 111.
667 1175 715 1234 Dr
733 1191 816 1232 nono
830 1191 918 1232 nucis
932 1171 1107 1232 seirannus.

328 1348 379 1402 21.
402 1340 510 1400 Modus
523 1339 646 1414 finisque
659 1339 732 1416 legis
752 1337 921 1414 plerumque
940 1335 1018 1396 haud
1036 1338 1249 1415 praecipiuntur,
1264 1337 1383 1410 ideoque

289 1443 346 1520 legi
356 1441 456 1499 satisfit
468 1458 528 1498 rem
542 1438 721 1512 exequendo,
731 1439 798 1496 licet
811 1436 913 1496 modus
926 1437 1048 1509 finisque
1059 1436 1225 1514 negligatur.
1253 1435 1384 1494 Profecto

286 1543 433 1618 jejunium
456 1539 551 1596 animo
571 1537 721 1613 poenitenti
741 1535 912 1593 servandum
933 1545 987 1604 est,
1009 1535 1044 1593 ad
1063 1534 1204 1612 expianda
1222 1546 1338 1612 peccata
1360 1545 1386 1591 et

294 1638 464 1716 cupiditates
484 1633 659 1693 domandas:
681 1654 734 1693 nec
755 1634 821 1693 ideo
841 1634 913 1710 legis
933 1634 1043 1692 violatae
1064 1634 1187 1712 arguitur
1200 1635 1250 1707 qui
1266 1635 1384 1712 jejunat,

289 1737 358 1796 licet
370 1737 400 1794 in
414 1743 531 1812 peccato
544 1742 682 1802 versetur,
702 1743 731 1792 ct
743 1731 879 1810 peccandi
900 1732 1029 1792 fomitem
1049 1731 1164 1794 tollendi
1183 1733 1260 1792 haud
1274 1733 1311 1790 sit
1324 1731 1385 1790 soli·

291 1837 375 1894 citus.
418 1831 585 1892 Mercedem
600 1842 695 1891 tamen
715 1831 871 1892 nonhabet
890 1831 964 1908 apud
979 1831 1075 1891 Deum
1088 1832 1137 1906 qui
1157 1831 1274 1892 modum
1288 1832 1385 1890 finem·

292 1953 348 2010 que
362 1934 435 2012 legis
450 1951 566 2010 prorsus
579 1933 707 2008 negligit,
721 1931 877 2009 praesertim
891 1931 916 1988 si
935 1939 1082 2008 peccatum
1096 1931 1190 1992 auimo
1202 1931 1308 1990 sovcat

332 2038 382 2090 22.
404 2032 527 2092 Intentio
541 2030 680 2107 implendi
693 2039 866 2107 praeceptum
889 2046 947 2091 nou
967 2030 1126 2102 requiritur,
1140 2028 1192 2088 sed
1212 2031 1282 2088 satis
1303 2037 1386 2087 estut

294 2149 339 2188 res
352 2138 505 2206 peragatur
516 2129 579 2204 lege
593 2129 729 2205 injuncta.
772 2129 822 2185 Sic
836 2129 884 2201 qui
904 2128 976 2186 intra
989 2138 1100 2206 tempus
1120 2128 1248 2205 paschali
1260 2146 1385 2198 commu

293 2229 374 2288 nioni
398 2225 472 2305 apud
492 2245 545 2284 nos
569 2245 748 2296 eoncessum,
770 2227 980 2286 Eucharistiam
1008 2227 1137 2306 suscipit,
1165 2229 1297 2306 ignorans
1317 2225 1387 2284 illud

290 2331 352 2404 jam
366 2328 541 2394 inchoatum,
556 2344 614 2384 non
628 2334 738 2384 tenetur
751 2327 852 2384 iterum
862 2325 1014 2384 accedere:
1036 2327 1086 2401 qui
1096 2327 1202 2386 audivit
1213 2326 1336 2384 Missam
1351 2343 1386 2384 ex

293 2443 381 2492 more,
397 2427 511 2502 ignarus
525 2423 581 2482 diei
594 2424 660 2482 festi
674 2425 723 2496 qui
736 2424 934 2492 celebrabatur,
956 2443 1015 2484 non
1029 2435 1139 2484 tenetur
1153 2426 1238 2484 altera
1250 2426 1313 2484 vice
1327 2443 1384 2481 sac·

292 2524 382 2582 rificio
396 2522 513 2581 adstare.
555 2522 679 2589 Quodsi
693 2524 757 2596 quis
777 2522 858 2580 adeat
877 2523 1037 2593 ecclesiam,
1058 2526 1149 2593 matri,
1163 2525 1209 2584 vel
1222 2525 1324 2592 sorori,
1337 2523 1381 2580 vel

293 2625 392 2682 amica
412 2640 518 2690 comes,
537 2632 565 2679 et
584 2622 663 2682 nullo
684 2620 842 2681 devotionis
864 2621 976 2692 affectu,
997 2633 1157 2684 reverenter
1177 2633 1272 2682 tamen
1295 2621 1383 2680 adstet

294 2724 406 2792 Missae,
420 2741 479 2782 non
499 2731 543 2779 est
564 2742 629 2782 reus
649 2722 745 2781 violati
765 2723 909 2799 praecepti,
930 2720 982 2779 sed
1001 2722 1068 2780 alias
1089 2722 1185 2782 deficit
1203 2722 1261 2780 Dei
1281 2722 1385 2782 cultum

294 2822 476 2900 negligendo.
511 2821 544 2879 Si
559 2825 655 2882 animo
669 2823 707 2880 ita
720 2822 791 2880 foret
803 2820 959 2898 disspoitus
969 2831 1000 2878 ut
1012 2821 1080 2879 alias
1095 2822 1247 2881 ecclesiam
1260 2840 1320 2880 non
1333 2819 1386 2878 adi·

295 2930 349 2986 ret,
364 2939 460 2977 coram
473 2919 548 2986 Dec,
563 2922 608 2977 cui
623 2929 720 2995 patent
732 2919 826 2985 corda,
839 2937 906 2977 reus
920 2929 963 2976 est
974 2919 1046 2995 legis
1059 2921 1206 2994 cultusque
1219 2921 1375 2997 neglectus.

336 3021 386 3074 23.
409 3015 541 3074 Pluribus
559 3017 671 3093 legibus
686 3015 836 3088 aliquando
850 3017 951 3075 satisfit
970 3017 1071 3077 codem
1084 3029 1210 3096 ternpore
1223 3038 1275 3096 per
1294 3020 1388 3096 plures

297 3125 386 3180 actus,
402 3111 514 3185 quando
528 3115 638 3172 scilicet
651 3133 696 3171 res
717 3124 865 3191 praeceptae
888 3118 1047 3176 consociari
1067 3119 1189 3176 invicem
1212 3127 1344 3195 possunt,
1363 3127 1389 3175 et

295 3213 439 3292 legislator
461 3211 539 3269 aliter
559 3232 615 3272 non
636 3214 741 3271 statuit.
784 3215 834 3272 Sic
855 3217 1044 3274 communiter
1062 3218 1244 3276 consentiunt
1262 3217 1388 3294 theologi

296 3313 431 3370 clericum
458 3311 558 3370 Missae
585 3312 730 3370 audiendae
752 3324 927 3390 praeceptum
951 3315 1082 3391 implere,
1114 3317 1138 3374 si
1157 3316 1224 3374 dum
1251 3316 1279 3373 ei
1302 3315 1389 3374 adstat

296 3413 394 3470 recitet
413 3409 539 3469 officium
561 3411 697 3469 divinum.
740 3413 913 3471 Paenitentia
933 3415 1016 3473 ctiam
1040 3433 1123 3488 quarn
1138 3415 1329 3473 confessarius
1349 3416 1387 3472 in·

293 3513 390 3590 junxit
403 3511 514 3588 impleri
528 3521 622 3587 potest
641 3511 702 3588 pari
715 3513 831 3579 ratione,
854 3530 954 3590 preces
975 3513 1047 3581 illas,
1068 3514 1186 3582 scilieet,
1201 3513 1268 3572 dum
1290 3515 1388 3572 Missae

299 3613 363 3684 quis
378 3610 478 3678 adstat,
493 3609 647 3669 fundendo.
679 3610 738 3667 Sed
751 3612 776 3668 si
789 3611 977 3670 confessarius
991 3612 1144 3690 injunxerit
1156 3615 1186 3671 in
1196 3613 1388 3690 poenitentiam

297 3709 421 3766 Missam
444 3706 624 3776 audiendam,
651 3710 774 3784 exigitur
799 3710 966 3786 plerumque
989 3724 1020 3770 ut
1040 3722 1182 3789 praecepte
1212 3712 1340 3780 satisfiat,
1362 3722 1389 3769 11

296 3806 435 3868 Ecclesiae
448 3806 516 3882 legi,
530 3805 624 3862 Missa
636 3807 678 3864 bis
699 3807 801 3874 audita3
821 3810 878 3866 nisi
897 3819 1007 3868 constet
1026 3810 1230 3870 confessarium
1250 3813 1384 3888 praecepti

296 3906 480 3966 ecclesiastici
493 3907 691 3964 executionem
711 3913 817 3963 tantum
837 3927 946 3986 urgere.
989 3909 1084 3969 Unico
1104 3920 1198 3969 autem
1217 3919 1281 3970 actu
1302 3911 1385 3988 pluri·

294 4009 348 4064 bus
361 4007 471 4082 legibus
484 4005 593 4075 satisfit,
607 4003 720 4080 quando
738 4024 775 4063 ex
794 4009 855 4082 pari
868 4008 975 4066 ratione
989 4008 1095 4082 aliquid
1107 4018 1239 4069 statuunt.
1282 4010 1333 4068 Sic
1353 4012 1381 4068 in

294 4101 341 4162 die
360 4103 444 4173 sesto,
468 4106 517 4177 qui
540 4106 668 4164 inciderit
688 4106 718 4163 in
739 4105 932 4174 Dominicam,
955 4109 1037 4165 unica
1057 4107 1195 4167 audienda
1213 4118 1258 4166 est
1277 4109 1377 4167 Missa.

297 4201 422 4258 Unicum
443 4203 528 4278 igitur
547 4204 698 4262 admittitur
719 4216 877 4281 peccatum,
899 4207 924 4264 si
945 4207 1009 4278 quis
1031 4209 1059 4266 ei
1077 4205 1186 4266 adstare
1208 4208 1380 4286 neglexerit:

707 4421 749 4484 (t)
764 4423 779 4467 2
793 4419 871 4471 Maec.
883 4439 905 4471 v.
919 4423 956 4473 te.
