3078 5258
260 501 320 558 2³4
492 493 549 552 DE
570 491 688 552 JURIS
710 487 913 550 GENTIUM
934 487 1125 549 ORIGINE.

263 667 364 719 statuta
384 667 457 717 sunt.
499 656 571 717 Aliis
594 657 700 734 placuit
721 653 926 714 necessarium
948 653 1075 731 gentium
1093 656 1142 731 jus
1165 653 1237 712 illud
1262 654 1355 712 dicere

263 758 340 832 quod
353 777 390 816 ex
403 757 467 834 lege
480 765 586 815 nature
601 756 677 832 genti
688 752 901 815 accommodata
913 763 990 810 recta
1002 751 1152 821 derivatru,
1163 751 1235 811 adeo
1243 761 1277 811 ut
1289 770 1355 830 gen·

264 859 335 916 tium
355 859 428 916 inter
448 875 478 914 re
500 856 702 914 commercium
724 873 758 911 eo
777 854 837 930 regi
855 870 970 929 prorsus
992 851 1102 910 debeat.
1144 851 1212 910 Huc
1235 853 1357 929 pertinet

265 955 343 1030 quod
364 974 434 1034 gens
457 957 534 1032 genti
561 954 693 1033 injuriam
715 972 773 1011 non
795 952 915 1018 inseram
936 959 964 1008 et
986 950 1063 1024 quod
1082 950 1153 1009 fides
1179 951 1271 1009 semel
1294 950 1359 1007 data

267 1064 363 1113 sancte
389 1057 426 1113 sit
445 1053 591 1112 servanda.
640 1049 851 1112 Voluntaricm
869 1052 918 1127 jus
944 1051 1070 1126 gentium
1098 1070 1115 1107 a
1139 1050 1263 1108 Vattelio
1289 1047 1357 1107 dici·

268 1163 312 1212 tur
325 1154 403 1230 quod
416 1173 452 1212 ex
472 1154 584 1212 arbitrio
606 1152 757 1229 cujuslibet
778 1151 870 1226 gentis
893 1148 999 1226 pendet
1017 1159 1049 1206 ut
1068 1158 1204 1216 servetur,
1228 1149 1355 1222 quamvis

267 1252 601 1325 violerinequeat,illaese
610 1252 729 1328 justitia.
764 1249 923 1308 Hucrefert
932 1250 1070 1306 mercium
1080 1240 1356 1306 οοιιιιιηιιαῐίοηθιη.ι

270 1352 364 1411 Nobis
387 1352 448 1410 haec
466 1352 539 1429 juris
562 1351 711 1408 voluntarii
732 1350 809 1408 notio
827 1367 883 1406 non
904 1346 1015 1415 arridet,
1037 1357 1135 1424 utpote
1155 1366 1220 1420 quae
1239 1349 1357 1405 obscura

269 1459 297 1508 et
309 1451 519 1510 difficultatibus
533 1451 676 1526 implicata
689 1447 807 1507 videtur.
849 1448 949 1505 Placet
957 1445 1051 1505 dicere
1059 1449 1109 1524 jus
1117 1449 1245 1523 gentium
1258 1447 1356 1503 volun·

269 1551 382 1616 tarium,
397 1567 429 1607 es
442 1549 582 1624 principia
595 1546 697 1624 agendi
711 1565 773 1619 quae
787 1565 853 1623 erga
863 1565 894 1604 se
908 1545 1030 1604 invicem
1043 1555 1141 1625 gentes
1156 1547 1296 1623 pleraeque
1309 1562 1357 1602 ex-

269 1649 349 1705 culte
363 1654 518 1705 statuerunt
530 1647 677 1714 servanda,
691 1665 728 1703 ex
748 1646 886 1718 equitatis
907 1663 1013 1702 sensu:
1036 1646 1077 1704 sic
1092 1664 1154 1718 quae
1169 1644 1204 1702 ad
1223 1661 1358 1703 commer-

271 1747 347 1805 cium
360 1746 481 1804 liberum
494 1755 523 1804 et
535 1745 570 1803 sd
582 1745 690 1822 legatos
704 1743 890 1820 excipiendos
904 1745 1056 1822 pertinent,
1070 1744 1104 1801 ad
1114 1747 1163 1823 jus
1175 1743 1358 1802 voluntarium

271 1844 440 1904 referuntur.
482 1846 532 1904 Ex
552 1847 679 1923 gentium
707 1843 920 1903 cousuetudine
941 1843 1112 1920 colliguntur
1134 1838 1289 1920 plurimaz²
1307 1842 1360 1900 alis

273 1964 310 2004 ex
318 1946 419 2023 poetis
428 1946 540 2022 scriptis
548 1939 733 2011 derivantur,³
747 1941 818 2001 adeo
830 1952 861 2001 ut
871 1942 977 2019 duplex
987 1943 1073 2000 veluti
1083 1961 1173 2018 genus
1182 1943 1256 2020 juris
1265 1941 1359 1999 volun-

272 2045 334 2101 tarii
354 2043 420 2102 inde
445 2053 578 2118 exurget:
613 2051 694 2120 pacta
715 2051 807 2099 autem
834 2042 1001 2100 definierunt
1022 2051 1051 2100 et
1072 2042 1269 2118 explicuerunt
1289 2041 1360 2117 juris

275 2143 428 2200 necessarii
441 2151 470 2200 et
482 2142 633 2199 voluntarii
647 2142 705 2199 sere
719 2143 816 2199 omnia
829 2142 980 2219 principia,
994 2160 1058 2215 quse
1072 2150 1154 2199 antea
1166 2160 1203 2199 ex
1213 2140 1360 2218 jurisperi-

277 2250 369 2300 torum
382 2241 492 2317 placide
506 2240 717 2317 colligebantur.

315 2343 343 2395 3.
364 2339 418 2397 Jus
432 2338 509 2412 quod
530 2338 627 2396 dicunt
646 2338 879 2398 internatiouale
902 2342 999 2399 omnia
1018 2339 1225 2414 complectitur,
1246 2357 1307 2411 quse
1325 2357 1362 2395 ex

272 2438 337 2513 jure
357 2446 462 2495 naturae
476 2437 604 2512 gentibus
618 2439 814 2506 conveniente,
835 2439 881 2496 vel
901 2458 938 2496 ex
951 2440 1077 2516 gentium
1090 2438 1303 2505 consuetudine,
1318 2437 1364 2494 vel

277 2553 315 2594 ex
328 2537 416 2612 pactis
430 2535 599 2614 specialibus
614 2529 798 2594 derivantur.⁴
839 2538 987 2597 Universa
1001 2556 1119 2615 prorsus
1133 2548 1231 2615 gentes
1240 2539 1304 2614 jure
1318 2535 1365 2594 ad·

278 2637 452 2713 stringuntur
477 2644 593 2706 natiue,
622 2646 760 2710 quatenus
780 2636 942 2694 hominibus
968 2639 1144 2712 congregatis
1167 2638 1317 2695 convenite
1340 2644 1367 2692 et

276 2737 387 2813 legibus
400 2736 456 2794 illis
470 2737 634 2796 commercii
655 2737 726 2797 inter
746 2755 789 2804 se,
807 2754 876 2808 quas
897 2745 995 2812 gentes
1015 2736 1134 2794 exculte
1154 2735 1285 2794 diuturne
1297 2754 1365 2792 con-

313 2938 352 3000 (l)
371 2943 385 2967 ‘⁶
394 2937 449 2986 'I'he
457 2936 518 2986 an
530 2939 558 2986 os
566 2939 592 2987 N
594 2939 688 2988 stions''
698 2941 730 3002 by
743 2939 781 2988 Dc
793 2939 882 2998 Vsttel,
890 2939 906 2988 1.
917 2940 933 2990 i.
944 2939 1041 2990 Prelim.
1054 2944 1068 3000 ξ
1081 2943 1122 2990 21.
1158 2939 1250 2990 Auctor
1257 2939 1368 2990 hicfsma

279 3022 419 3079 celebretur,
431 3022 473 3070 sed
484 3022 618 3080 immerito;
637 3040 694 3072 nom
713 3025 748 3073 uti
766 3025 935 3076 animadvertit
947 3026 1068 3076 Kentius:
1086 3034 1100 3057 “
1111 3027 1142 3076 he
1150 3029 1172 3078 is
1188 3043 1246 3090 very
1258 3027 1372 3076 deficient

278 3105 306 3153 in
316 3103 493 3168 philosophicsl
510 3106 638 3171 precision.
674 3107 722 3156 His
734 3109 810 3172 topice
828 3125 868 3158 ere
885 3110 984 3174 loosely,
996 3111 1044 3160 and
1056 3113 1122 3162 osten
1134 3113 1254 3177 tedicusl'y
1266 3112 1315 3162 and
1327 3112 1371 3161 dii·

278 3187 357 3250 tuscty
369 3187 501 3249 discussed,
510 3189 558 3238 end
571 3189 601 3239 he
614 3190 634 3240 is
646 3199 689 3241 not
707 3192 854 3258 sufficiently
872 3196 1003 3259 supported
1020 3197 1052 3260 by
1064 3195 1105 3246 the
1117 3197 1239 3262 authority
1250 3198 1278 3247 cf
1291 3212 1372 3261 prece·

280 3271 358 3332 dents,
370 3272 451 3323 which
464 3275 595 3324 constitute
607 3275 648 3326 the
660 3277 803 3327 foundation
815 3279 842 3327 oi
856 3278 897 3328 the
915 3281 1016 3344 positive
1028 3282 1074 3330 law
1087 3282 1115 3330 of
1128 3281 1249 3332 uaticns.”
1283 3281 1372 3332 Kent’s

278 3356 373 3406 Comm.
387 3357 443 3407 Vol.
456 3359 472 3407 i.
484 3374 510 3408 u.
522 3361 559 3408 te.
594 3360 692 3410 Addam
704 3377 761 3411 eum
773 3363 908 3413 miscerees
916 3381 970 3428 quta
978 3366 1008 3415 ad
1017 3366 1087 3416 civile
1099 3367 1208 3429 regimen
1215 3374 1240 3417 et
1250 3368 1373 3418 internam

276 3442 385 3506 politium
395 3443 517 3508 pertinent
527 3460 585 3495 cum
596 3447 707 3508 gentium
718 3447 748 3497 de
757 3464 808 3512 quc
820 3449 871 3510 agit
877 3451 941 3514 jure.

316 3528 358 3594 (2)
379 3534 393 3559 ‘⁶
401 3528 500 3580 Certsih
513 3532 619 3580 maxims
630 3533 678 3582 and
690 3541 799 3583 custcms
810 3535 965 3584 consecrated
976 3535 1007 3598 by
1021 3536 1080 3598 long
1091 3553 1142 3598 use,
1154 3539 1202 3588 und
1214 3538 1330 3588 obserred
1342 3540 1373 3603 by

280 3613 378 3662 ustione
390 3615 499 3664 between
511 3615 571 3666 ecch
583 3616 652 3666 othcr
670 3634 696 3666 ss
714 3635 727 3666 a
745 3619 804 3668 kind
821 3619 850 3668 cs
863 3619 917 3680 lew,
934 3620 996 3670 form
1007 3620 1049 3670 the
1060 3626 1203 3690 customary
1221 3621 1270 3674 law
1287 3621 1319 3690 of
1330 3638 1373 3672 nu·

281 3694 371 3747 lions?
406 3697 444 3746 De
457 3698 547 3759 Vottel,
559 3700 660 3760 lhidenr,
674 3702 734 3759 §25¹

318 3779 361 3846 (3)
381 3779 461 3830 “The
473 3784 564 3832 several
576 3793 750 3844 engagements
761 3786 813 3836 into
825 3789 906 3839 which
917 3789 1016 3840 ustione
1027 3805 1083 3855 moy
1097 3799 1172 3850 enter,
1181 3793 1287 3858 produce
1296 3810 1310 3843 a
1319 3810 1373 3844 new

281 3865 342 3916 lrind
351 3865 380 3916 ei
387 3865 428 3916 the
439 3866 487 3916 lsw
499 3867 632 3917 cinctione
643 3869 719 3918 called
731 3872 905 3924 conuentione}
911 3872 961 3924 lew
973 3873 1130 3942 ostreatt'es.”
1165 3877 1265 3938 Ibidem,
1277 3895 1302 3928 n.
1313 3879 1353 3929 24.

317 3949 359 4016 (4)
380 3950 457 4001 “The
469 3952 516 4002 lew
528 3952 660 4003 cinctione
672 3953 692 4003 is
705 3971 719 4003 c
730 3957 843 4021 complex
855 3965 955 4022 system,
966 3959 1095 4024 composed
1114 3961 1143 4011 cf
1156 3963 1255 4013 various
1273 3963 1372 4025 ingredi·

281 4039 343 4082 ente.
376 4036 400 4085 lt
409 4038 512 4088 consiste
524 4039 553 4088 os
560 4039 657 4100 geneud
667 4039 796 4106 principles
808 4042 838 4092 of
843 4043 907 4106 right
919 4046 967 4096 end
973 4045 1070 4111 justice,
1078 4047 1176 4111 equally
1184 4048 1288 4098 suiteble
1299 4057 1324 4098 to
1335 4049 1374 4098 the

282 4127 442 4178 government
454 4122 483 4169 cf
490 4121 636 4173 individusls
648 4124 674 4174 in
687 4141 701 4173 a
712 4133 773 4175 state
784 4128 813 4176 of
820 4130 916 4178 natural
927 4130 1042 4194 equality,
1055 4129 1104 4190 end
1116 4139 1141 4180 to
1158 4132 1200 4181 the
1217 4133 1318 4183 relation
1328 4131 1373 4182 and

280 4198 387 4250 conduct
399 4201 427 4249 of
435 4203 545 4263 ostions;
562 4206 590 4254 cf
596 4222 610 4255 s
621 4206 749 4258 collection
761 4209 789 4258 oi
798 4226 884 4273 ussges
897 4213 945 4263 ond
957 4220 1076 4274 custcms,
1087 4214 1129 4264 the
1147 4215 1242 4277 growth
1260 4217 1288 4265 cf
1302 4215 1374 4266 civili·

281 4281 361 4418 zcsticn
374 4283 422 4417 apd
431 4301 576 4419 lcommerce,
588 4291 635 4340 sod
650 4292 679 4340 of
692 4308 707 4341 s
718 4294 778 4345 ocds
790 4296 818 4345 cf
831 4297 1003 4350 couventiousl
1020 4315 1046 4348 or
1063 4299 1166 4364 positive
1185 4299 1258 4352 lew.”
1292 4298 1377 4352 Kent’s

305 4381 378 4417 cmm.
416 4370 538 4420 c.i.lsct.
550 4371 565 4421 i.
