3068 5256
715 1278 857 1339 CAPUT
877 1278 933 1337 IV.

671 1509 719 1548 DE
754 1505 988 1548 DECALOGO.

314 1690 364 1744 27.
386 1685 497 1744 Ducum
510 1685 582 1762 legis
596 1688 745 1762 praeceptis
759 1685 898 1744 contineri
917 1685 1061 1761 praecipua
1072 1684 1144 1760 legis
1158 1693 1264 1743 naturae
1279 1687 1370 1762 capita

276 1793 394 1853 constat,
410 1784 651 1859 Christianosqus
663 1786 769 1844 idcirco
786 1793 902 1842 eatenus
923 1784 958 1842 iis
971 1783 1063 1860 ligari,
1078 1785 1235 1859 praesertim
1249 1783 1371 1843 Christo

276 1883 403 1944 Domino
417 1884 527 1943 dicente
537 1855 587 1942 :⁸“
599 1887 632 1944 Si
645 1887 688 1942 uis
702 1885 738 1942 ad
750 1887 836 1942 vitam
850 1882 970 1960 ingredi,
981 1901 1063 1939 serva
1075 1875 1256 1941 mandatam
1276 1884 1371 1956 Equi-

276 1983 342 2044 dem
355 1985 510 2059 Apostolus
524 1984 677 2043 discrimen
697 1986 769 2042 inter
788 1981 905 2041 Judaeos
926 1991 955 2040 et
975 1981 1096 2049 Gentes,
1116 1980 1234 2040 Christo
1255 1981 1370 2041 adveni-

276 2091 351 2149 ente,
374 2083 514 2140 sublatum
535 2101 599 2140 esse
619 2083 710 2150 docet,
734 2092 879 2154 totamque
902 2081 998 2139 salutis
1021 2098 1163 2140 summam
1185 2080 1317 2140 fidelibus
1341 2083 1369 2138 in

275 2178 416 2238 mandatis
428 2180 573 2240 servandis
593 2182 722 2258 reponit:
745 2191 764 2217 ‘⁶
777 2180 967 2239 circumcisio
987 2179 1059 2240 nihil
1079 2188 1132 2249 est,
1154 2189 1182 2238 ct
1194 2182 1369 2257 praeputium

275 2277 348 2336 nihil
361 2287 419 2336 est:
441 2279 493 2337 sad
505 2279 665 2338 observatio
677 2280 873 2341 mandatorum
887 2273 993 2337 Dei.’'²
1033 2277 1113 2337 Hinc
1125 2280 1302 2356 Augustinus
1318 2299 1369 2356 op-

274 2379 343 2434 time
357 2377 553 2435 animadvertit
565 2380 661 2436 omnia
673 2378 801 2455 decalogi
814 2387 956 2455 precepta
972 2377 1008 2436 ad
1026 2396 1080 2436 nos
1102 2387 1239 2454 spectare,
1260 2381 1286 2436 si
1306 2380 1370 2436 uni-

277 2494 346 2534 cum
359 2476 394 2532 de
408 2477 535 2552 septimae
555 2476 612 2535 diei
632 2479 730 2550 requie
752 2479 890 2554 excipias,
912 2474 989 2550 quod
1001 2477 1121 2554 figuram
1133 2478 1244 2549 requiei
1257 2478 1367 2554 populo

275 2573 333 2632 Dei
346 2583 462 2632 servate
476 2593 565 2647 quum
579 2577 730 2643 contineat,
745 2595 811 2634 cum
824 2578 934 2634 caeteris
944 2574 1033 2652 Legis
1047 2575 1158 2633 Veteris
1173 2574 1280 2662 ¹liguris
1295 2587 1369 2635 tran·

274 2674 330 2732 siit.
372 2671 447 2732 Illud
459 2675 583 2751 Moyses
603 2691 641 2734 ex
660 2684 757 2735 monte
773 2674 950 2732 descendens
963 2673 1097 2731 Israelitis
1117 2673 1276 2748 praesertim
1291 2694 1369 2734 com·

275 2772 438 2830 mondavit:
460 2783 479 2810 “
490 2792 557 2832 nam
570 2792 609 2832 ex
622 2774 721 2833 decern
742 2775 893 2850 preceptis
911 2773 967 2830 hoc
986 2773 1080 2831 solum
1099 2772 1207 2849 populo
1220 2775 1368 2850 praecepit,

276 2872 353 2943 quod
369 2873 487 2946 figurate
500 2873 540 2928 ibi
553 2872 660 2930 dictum
674 2882 731 2929 est:
754 2872 809 2929 alia
821 2875 928 2948 quippe
939 2890 1043 2930 novem
1056 2871 1131 2928 sicut
1142 2881 1284 2948 praecepta
1293 2881 1367 2939 sunt,

274 2969 360 3025 etiam
383 2969 414 3025 in
434 2969 523 3025 Novo
541 2969 727 3028 Testamento
747 2970 923 3030 observanda
945 2971 1061 3028 minime
1081 2969 1250 3029 dubitamus.
1293 2969 1369 3029 lllud

274 3075 370 3123 autem
382 3083 472 3124 unum
485 3064 520 3122 de
541 3066 667 3125 Sabbato
683 3085 778 3140 usque
795 3069 865 3128 adeo
888 3070 1006 3145 figurata
1026 3069 1083 3126 diei
1102 3069 1216 3145 septimi
1236 3069 1369 3127 observa·

274 3165 350 3222 tione
364 3163 440 3240 apud
452 3161 593 3224 Israelitos
606 3167 731 3225 velatum
743 3166 805 3236 suit,
819 3177 847 3226 et
867 3170 896 3227 in
911 3169 1049 3244 mysterio
1069 3178 1244 3245 preceptum
1257 3169 1319 3235 suit,
1341 3176 1371 3226 et

273 3263 397 3337 quodam
410 3273 587 3323 sacramento
599 3266 772 3344 figurabatur
782 3277 816 3325 ut
827 3267 913 3325 bodie
927 3286 943 3322 a
955 3268 1038 3324 nobis
1051 3286 1109 3324 non
1123 3268 1301 3334 observetur,
1316 3266 1368 3324 sed

274 3361 366 3421 solum
381 3361 460 3434 quod
472 3363 648 3438 significabat
660 3360 867 3424 intueamur.”³
907 3364 1015 3424 Merito
1028 3366 1116 3442 igitur
1132 3364 1288 3424 concilium
1301 3366 1369 3422 Tri·

274 3462 421 3521 dentinum
435 3461 584 3522 anathema
602 3464 706 3523 tulitin
725 3473 885 3523 asserentes
904 3462 1004 3522 decem
1025 3472 1169 3542 praccepta
1188 3463 1261 3522 nihil
1281 3464 1367 3540 perti-

208 3571 209 3576 ’
261 3581 341 3621 nere
360 3561 395 3620 ad
409 3555 617 3621 Christianos!

312 3665 362 3716 28.
384 3660 520 3716 Mandata
529 3659 582 3717 hac
592 3662 741 3720 verbomm
750 3663 823 3719 serie
836 3663 867 3718 in
879 3660 978 3720 Exodi
989 3660 1061 3720 libro
1074 3660 1159 3718 relata
1172 3669 1253 3719 sunt:
1269 3661 1365 3736 “Ego

164 3775 171 3798 ¹-
274 3774 338 3813 sum
351 3755 494 3813 Dominus
516 3755 597 3813 Deus
621 3765 694 3825 tuus,
709 3759 758 3829 qui
780 3758 866 3820 eduxi
886 3767 913 3816 te
932 3757 968 3816 de
991 3768 1063 3817 terra
1081 3759 1217 3836 AEgypti,
1231 3758 1266 3816 de
1280 3758 1367 3817 domo

238 3913 239 3916 ,
273 3855 423 3913 servitutis.
466 3853 664 3912 Nonhabebis
677 3855 758 3913 Deos
772 3856 878 3914 alienos
898 3876 993 3916 coram
1013 3876 1069 3916 me.
1113 3858 1183 3920 Non
1206 3858 1292 3916 sacies
1314 3857 1367 3916 tibi

272 3953 411 4030 sculptile,
426 3971 518 4028 neque
531 3972 647 4012 omnem
661 3954 885 4024 similitudinem,
904 3975 966 4030 quae
980 3965 1024 4014 est
1043 3958 1074 4016 in
1094 3957 1168 4016 coelo
1188 3956 1321 4034 desuper,
1337 3965 1367 4014 et

272 4070 335 4121 quae
349 4054 379 4110 in
392 4063 464 4110 terra
476 4052 619 4122 deorsum,
633 4072 687 4113 nec
699 4073 798 4113 eorum
812 4073 874 4127 quae
888 4055 995 4113 suntin
1008 4056 1089 4129 aquis
1102 4056 1155 4114 sub
1165 4064 1247 4113 terra.
1289 4055 1361 4114 Non

273 4146 399 4206 adorabis
413 4167 456 4217 ea,
470 4169 563 4225 neque
576 4153 670 4211 coles:
684 4173 739 4231 ego
752 4173 816 4212 sum
824 4153 968 4214 Dominus
978 4153 1059 4213 Deus
1070 4153 1232 4223 tunsionis,
1241 4153 1362 4222 zelotes,

374 4354 415 4417 (1)
435 4351 496 4402 Mat.
508 4352 559 4402 xix.
573 4352 612 4402 17.
943 4359 985 4423 (l)
1008 4360 1018 4404 l
1032 4355 1089 4408 Cor.
1100 4357 1142 4406 vii.
1160 4359 1199 4406 19.

372 4434 412 4500 (3)
432 4434 527 4495 Qusst.
536 4436 563 4486 in
574 4436 655 4487 Exod.
668 4439 683 4488 l.
695 4439 719 4488 ii.
731 4455 773 4503 qu.
786 4443 839 4491 172.
942 4444 985 4507 (4)
1003 4443 1068 4492 Sese.
1081 4443 1112 4492 vi.
1121 4457 1175 4492 can.
1188 4441 1240 4491 xix.
