3068 5256
489 445 546 504 DE
567 445 728 506 TERTIO
747 444 999 507 PRAEOEPTO.
1248 455 1284 509 91

194 614 243 670 his
256 611 438 688 nonprobari
457 609 659 686 obligationem
678 608 754 668 diem
776 610 856 668 illum
876 605 1030 678 servandi,¹
1050 629 1113 684 qus
1136 621 1230 671 umen
1249 631 1287 673 ex

195 711 334 768 Ecclesia
353 709 505 767 traditione
538 717 566 764 et
590 707 793 766 consuetudine
820 716 864 764 est
888 707 1049 784 explorata:
1080 711 1110 767 iu
1136 712 1286 770 creationis

193 809 301 865 scilieet
313 817 342 866 et
353 806 569 865 resurrectionis
579 806 745 864 memoriam
754 805 816 864 dies
832 805 851 865 J
853 806 938 864 ustiui
958 815 1037 864 atate
1057 816 1152 866 saucte
1165 808 1287 868 celebra·

196 898 303 963 batur.²

232 1007 281 1060 64.
304 1003 430 1060 Gravem
443 1020 507 1059 esse
516 1003 593 1060 hano
604 1003 805 1078 obligationem
817 1011 936 1070 constat,
945 1021 1066 1076 eamque
1079 1004 1150 1062 serre
1164 1013 1195 1060 ut
1207 1007 1283 1078 quis-

192 1119 247 1172 quc
260 1103 363 1158 Missas
377 1089 515 1158 sacrificio
529 1096 644 1166 adstet,³
663 1108 692 1157 et
704 1101 738 1157 ab
752 1100 886 1175 operibus
906 1101 1056 1158 servilibus
1076 1120 1107 1158 sc
1121 1098 1283 1160 abstineat⁴

192 1191 423 1256 Odmmendandi
436 1197 590 1256 admodum
611 1183 677 1255 sunt
695 1199 744 1270 qui
764 1187 1028 1274 pietatis‘operibus
1048 1201 1188 1275 integrum
1209 1201 1287 1259 diem

191 1297 371 1372 impendunt,
385 1297 541 1370 pracsertim
555 1294 745 1370 suscipiendis
764 1297 956 1363 sacramentis,
975 1297 1159 1356 concionibus
1172 1297 1285 1356 audien·

191 1393 245 1461 dis,
267 1393 448 1469 vespertinis
468 1395 600 1468 precibus
620 1392 807 1450 adsistendis:
828 1392 880 1449 sed
900 1394 991 1451 “sola
1004 1395 1097 1452 Missa
1109 1404 1154 1452 est
1166 1395 1201 1452 de
1215 1414 1285 1471 prae·

192 1486 324 1566 cepto.'’⁵
343 1491 389 1549 De
400 1510 433 1547 ea
443 1490 583 1549 audienda
595 1492 915 1566 occurretopportuuior
924 1492 1058 1551 uwtandi
1067 1493 1158 1560 locus,
1169 1494 1283 1565 quando

192 1589 228 1646 de
242 1592 391 1666 praecptis
406 1589 545 1647 Ecclesiae
560 1597 668 1665 agetur.

235 1692 284 1744 65.
305 1689 331 1745 Α
344 1685 437 1745 media
448 1698 530 1744 nocte
544 1687 579 1745 ad
589 1686 712 1744 mediam
724 1704 815 1759 usque
828 1699 941 1746 noctem
951 1692 1056 1748 servari
1064 1693 1212 1749 cousuevit
1221 1691 1282 1749 dies

192 1784 355 1852 Dominica,
370 1788 498 1858 quamvis
512 1785 588 1862 apud
600 1785 718 1843 Judaeos
739 1805 756 1841 a
775 1803 896 1860 vespera
915 1786 950 1842 ad
969 1805 1118 1863 vesperam
1137 1790 1283 1847 sabbatum

191 1885 360 1942 servabatur.
402 1884 476 1941 Sunt
495 1885 525 1942 in
545 1885 599 1941 hac
619 1885 736 1960 regione
750 1884 824 1940 inter
835 1883 978 1959 Baptistas
993 1887 1042 1956 qui
1054 1885 1157 1942 horum
1170 1904 1279 1944 morem

191 1983 342 2050 imitantur,
356 1992 384 2040 et
396 1983 542 2042 sabbatum
554 1984 650 2061 ipsum
664 2001 721 2058 prae
735 1981 780 2038 die
796 1980 950 2040 Dominica
962 1981 1066 2050 colunt,
1081 1981 1283 2060 septimadas

191 2072 368 2158 Baptista‚⁶
381 2080 486 2140 idcirco
501 2081 666 2158 nuncupati.

230 2183 278 2237 66.
295 2178 405 2237 Omnes
418 2180 552 2256 baptizati
565 2182 615 2253 qui
628 2179 743 2236 rationis
754 2189 820 2236 sunt
832 2189 988 2256 compotes,
1003 2182 1100 2253 quales
1108 2202 1125 2239 a
1134 2185 1283 2258 septennio

190 2277 318 2352 plerique
332 2287 492 2347 censentur,
507 2278 542 2336 ad
555 2279 632 2337 diem
645 2277 828 2336 Dominicam
842 2278 1008 2336 servandam
1022 2288 1166 2337 tenentur:
1189 2290 1283 2338 utrum

190 2386 285 2433 autem
297 2395 332 2433 ea
343 2377 406 2452 lege
421 2376 627 2453 adstringantur
640 2376 689 2448 qui
708 2376 881 2452 baptismum
903 2396 962 2436 non
976 2379 1161 2454 susceperunt
1173 2389 1283 2437 coutro-

188 2475 319 2541 vertitur3
333 2475 537 2533 affirmantibus
552 2477 601 2549 qui
615 2483 715 2550 putant
727 2485 900 2553 praeceptum
915 2476 1042 2533 divinum
1056 2477 1126 2534 olim
1139 2477 1235 2534 datum
1248 2475 1283 2532 de

188 2573 306 2630 sabbato
319 2573 456 2631 servando
470 2573 561 2631 adhuc
574 2575 679 2649 vigere,
694 2573 755 2630 sola
767 2572 825 2632 diei
837 2575 991 2632 mutatione
1005 2572 1136 2630 inducta:
1158 2574 1283 2649 neganti·

188 2671 244 2726 bus
257 2670 402 2744 plerisque
415 2672 463 2742 qui
477 2671 511 2728 ad
523 2672 663 2730 Ecclesiae
677 2671 912 2728 consuetudinem
925 2681 954 2726 et
965 2671 1058 2745 legem
1077 2672 1284 2727 observantiam

190 2767 266 2823 hanc
279 2767 422 2824 referunt:
442 2785 495 2826 nec
508 2771 581 2827 euim
595 2769 707 2845 legibus
720 2769 919 2824 ecclesiasticis
937 2767 1059 2841 ligantur
1073 2767 1123 2837 qui
1139 2767 1169 2823 in
1182 2767 1284 2824 Eccle-

188 2866 262 2922 siam
276 2883 330 2941 per
341 2866 472 2941 baptismi
480 2868 599 2944 januam
614 2885 673 2925 non
686 2876 753 2924 sunt
766 2866 895 2942 ingressi.
1207 2931 1210 2940 1

229 2968 278 3022 67.
303 2963 406 3022 Utrum
421 2974 539 3042 peccent
551 2965 650 3024 fideles
671 2966 720 3036 qui
739 2963 814 3022 haud
834 2965 984 3040 baptizatis
1005 2963 1167 3024 hominibus
1188 2966 1282 3044 injun-

190 3071 259 3137 gunt
272 3081 360 3138 opera
372 3063 485 3121 servilia
497 3065 657 3122 exercenda
669 3063 714 3120 die
737 3061 890 3130 dominica,
905 3063 989 3121 ctiam
1011 3063 1178 3142 disputatur,
1193 3075 1283 3137 qutun

189 3161 335 3218 nonnullis
361 3161 508 3220 videantur
520 3161 619 3220 divino
640 3161 725 3219 cultui
757 3161 919 3230 detraherc3
950 3172 978 3219 et
1002 3162 1136 3220 Israelitis
1163 3164 1282 3220 vetitum

190 3269 331 3326 noscatur,
351 3279 388 3318 ne
410 3260 531 3318 famulos
551 3260 597 3318 vel
611 3259 726 3319 ancillas
746 3278 844 3318 eorum
863 3260 987 3317 laborare
1001 3263 1116 3318 sabbato
1136 3261 1281 3317 sinerent:

189 3357 238 3414 scd
252 3375 340 3431 quum
354 3359 446 3415 verior
459 3360 496 3417 sit
509 3361 649 3416 sententia
668 3368 756 3416 totam
769 3357 826 3415 diei
847 3357 1006 3416 Dominicae
1016 3356 1160 3416 servandae
1174 3359 1279 3434 obliga·

190 3457 296 3514 tionem
309 3475 347 3514 ex
360 3457 500 3514 Ecclesiae
513 3457 577 3532 lege
591 3456 721 3522 derivari,
736 3474 798 3526 quae
812 3454 941 3512 infideles
955 3474 1014 3512 non
1022 3455 1101 3530 ligat,
1115 3473 1174 3511 non
1186 3453 1282 3510 viden-

190 3541 374 3630 imprecare,
389 3556 535 3614 sioutnon
556 3565 677 3633 peccant
697 3553 746 3627 qui
760 3551 860 3610 diebus
878 3551 1046 3610 esurialibus
1067 3569 1165 3610 carnes
1189 3551 1224 3610 iis
1238 3552 1283 3608 tri-

227 3728 267 3792 (1)
287 3727 315 3776 id
326 3729 414 3778 fatetur
425 3729 511 3794 Paley,
521 3731 563 3794 qui
577 3737 648 3796 putat
658 3729 715 3779 inde
735 3729 817 3791 colligi
833 3729 943 3800 fidelium
960 3729 1170 3786 consuetudinem,
1188 3727 1235 3777 Dei
1246 3743 1285 3776 co·

191 3810 257 3860 leudi
268 3827 353 3870 caum,
363 3812 403 3862 dio
414 3814 493 3878 prima
504 3814 663 3863 hebdomadis
679 3813 856 3864 conveniendi:
872 3815 1014 3862 nullatenus
1031 3821 1112 3862 tamen
1124 3810 1181 3859 inde
1193 3811 1286 3872 liquere

191 3894 363 3945 abstinendum
375 3899 467 3946 esseab
479 3899 592 3962 operibus
603 3898 730 3948 servilibus
746 3913 789 3961 per
806 3904 884 3948 toturn
904 3897 977 3946 diem·
1012 3903 1027 3927 ‘⁸
1037 3897 1060 3944 Α
1078 3893 1198 3944 cessation
1219 3909 1286 3957 upon

191 3978 243 4026 thet
254 3978 301 4042 day
314 3980 376 4029 from
396 3983 470 4042 labor,
480 3983 577 4046 beyond
588 3983 629 4032 tbo
647 3983 705 4030 time
717 3983 746 4030 ol
758 3982 901 4030 attendanoe
912 3995 980 4044 upon
992 3979 1074 4043 public
1085 3978 1199 4042 worship,
1210 3978 1232 4027 is
1243 3987 1287 4028 not

191 4062 317 4113 intimated
328 4064 356 4113 in
367 4079 417 4129 any
428 4081 531 4130 passage
542 4066 572 4116 ol
583 4066 626 4116 tbe
637 4063 700 4114 Now
712 4063 879 4118 'l'estament''
915 4064 994 4113 Mornl
1006 4063 1070 4115 Phil.
1081 4064 1098 4112 l.
1109 4063 1143 4113 iii
1154 4078 1179 4128 p.
1190 4067 1214 4114 2.
1225 4079 1248 4112 c·
1261 4067 1284 4112 7.
1326 4121 1329 4126 ¹

228 4147 269 4212 (2)
291 4149 363 4212 Apol.
374 4148 399 4197 ii.

227 4232 270 4297 (3)
291 4230 325 4280 C.
340 4229 398 4283 Voce
407 4230 488 4292 illius,
499 4233 530 4282 de
542 4241 633 4295 tregua,
646 4241 672 4285 et
685 4232 714 4282 Si
724 4233 821 4298 quiade
833 4249 939 4284 consecr.
952 4233 1006 4283 dist.
1025 4235 1040 4284 i.

227 4315 270 4379 (t)
291 4314 321 4364 C.
335 4316 351 4365 i.
364 4315 437 4366 Licet
448 4315 478 4365 de
487 4317 621 4368 servilibus.
791 4317 831 4381 (5)
852 4317 936 4381 Meyol
945 4319 1039 4382 Expos.
1051 4319 1085 4368 iii.
1097 4334 1167 4383 pree.
1179 4327 1223 4368 art.
1235 4320 1252 4368 i.

229 4397 272 4464 (6)
292 4396 461 4465 Socrati-day
473 4400 595 4466 Baptista.
