3146 5266
642 522 876 584 PRAEFATIO.
1288 545 1305 582 v

215 707 283 776 que
315 705 382 753 nos
415 683 537 755 faciles
572 685 687 769 nimis,
715 688 752 753 et
788 682 1069 780 indulgentiores
1104 681 1301 768 habituros,

215 821 251 889 in
281 818 458 911 aliquibus
491 821 673 890 severiora
706 825 895 906 sectantes,
919 842 1059 892 morum
1091 823 1303 892 nostratium

215 946 310 1017 haud
327 947 450 1018 habita
475 943 634 1018 ratione:
663 946 726 1018 sed
752 947 788 1019 id
806 947 980 1018 affirmare
998 953 1078 1020 tuto
1101 970 1302 1043 possumus,

207 1097 282 1149 nos
308 1078 396 1149 nihil
423 1079 608 1173 captandae
627 1080 751 1172 gratita
777 1101 886 1150 eausa
902 1079 1106 1173 protulisse,
1121 1102 1188 1151 neo
1199 1083 1304 1172 justi·

216 1213 275 1281 tiae
293 1212 412 1281 nimiae
431 1210 618 1282 affectasse
643 1210 793 1282 laudem.
846 1209 1029 1282 Caeterum
1047 1234 1154 1304 quum
1180 1211 1225 1282 de
1249 1217 1306 1282 tot

216 1343 325 1413 rebus
352 1365 456 1436 agere
483 1345 692 1438 oportuerit,
721 1364 801 1436 quae
827 1341 928 1415 nullo
954 1339 1135 1414 Ecclesiae
1161 1342 1307 1414 decreto

218 1472 374 1545 definitae
386 1479 479 1558 sunt,
494 1474 597 1545 facile
607 1475 812 1568 contingere
829 1475 947 1566 potuit
962 1479 1003 1545 ut
1020 1495 1041 1544 a
1065 1479 1165 1544 reeta
1180 1476 1308 1545 semita

219 1605 350 1696 saepius
369 1602 657 1674 deflecteremus:
685 1601 836 1694 ideoque
853 1600 1008 1674 libenter
1024 1605 1200 1697 patiemur
1216 1608 1307 1698 sapi·

220 1737 395 1807 entiorum
407 1736 544 1828 judicio
555 1738 739 1808 maturiori
753 1757 820 1808 nos
834 1738 964 1807 instrui
979 1741 1016 1805 et
1032 1735 1223 1807 emendari.
1262 1735 1307 1808 In

221 1866 385 1936 omnibus
418 1871 536 1937 autem
571 1864 785 1959 Apostolieo
811 1863 958 1959 praesuli
990 1861 1166 1937 Romanae
1195 1863 1308 1937 Urbis

221 1996 458 2092 obsequentes
488 2020 556 2069 nos
590 2020 730 2092 semper
758 1997 899 2068 futuros
934 1999 1057 2067 saneto
1087 1995 1306 2090 pollicemur,

220 2131 349 2222 quippe
367 2131 427 2220 qui
444 2152 526 2200 eum
551 2130 777 2223 agnoscimus
806 2129 998 2198 “omnium
1017 2124 1307 2198 Christianorum

221 2258 440 2344 doctorem,’'
459 2258 543 2329 fidei
563 2265 600 2330 et
616 2282 753 2331 morum
771 2258 941 2331 divinitus
960 2259 1192 2332 constitutum
1215 2257 1309 2349 judi·

223 2415 299 2462 cem
316 2396 354 2461 et
367 2390 564 2462 custodem.

269 2761 474 2812 Pnrnsnnnrsrn

329 2866 401 2916 Festo
413 2865 439 2914 S.
450 2862 536 2916 Caroli
547 2863 689 2924 serumst,
703 2867 774 2916 1⁸41.
