3076 5260
676 1519 819 1581 CAPUT
839 1519 924 1578 VIII.

552 1772 591 1810 DE
612 1773 735 1814 MEDICAE
757 1773 844 1812 ARTIS
864 1768 1058 1811 CULTORIBUS.

297 1971 364 2026 159.
386 1968 562 2028 Taurum
584 1972 755 2043 quleumque
776 1967 908 2027 medendi
929 1976 1016 2025 artem
1037 1966 1213 2044 profitentur,
1235 1963 1280 2020 vel
1300 1962 1348 2019 ali·

254 2085 340 2140 quam
354 2065 487 2126 adhibent
500 2087 617 2147 operam
637 2071 666 2128 in
686 2069 818 2128 remediis
838 2066 980 2146 parandis,
994 2067 1040 2124 vel
1054 2067 1083 2123 in
1101 2066 1227 2123 sectione
1240 2062 1347 2120 chirur-

254 2167 328 2244 gica,
343 2185 406 2226 eam
426 2167 530 2226 habere
552 2169 692 2238 notitiam,
715 2188 771 2243 qua
793 2167 905 2226 valeant
927 2183 992 2224 suas
1007 2173 1105 2244 partes
1120 2163 1178 2222 tutb
1199 2171 1227 2220 et
1239 2161 1347 2233 absque

254 2265 348 2324 alieno
367 2266 494 2342 periculo
510 2268 641 2343 implere.
683 2267 797 2326 Debent
819 2269 904 2326 etiam
924 2264 1113 2324 neeessariam
1136 2270 1269 2342 praestare
1288 2259 1348 2317 dili·

253 2365 378 2440 gentiam
399 2366 429 2422 in
452 2365 587 2423 remediis
609 2366 785 2434 adhibendis,
809 2385 846 2424 ne
867 2384 959 2424 errore
980 2364 1086 2436 aliquo,
1101 2363 1147 2420 vel
1165 2359 1346 2437 negligentia,

253 2461 389 2520 damnum
413 2461 490 2520 alteri
512 2463 652 2522 obveniat.
704 2463 844 2522 Remedia
866 2465 967 2522 tutiora
989 2473 1018 2522 et
1042 2463 1163 2521 certiora
1188 2457 1349 2519 adhibenda

255 2569 330 2629 sunt,
345 2579 434 2634 quum
448 2579 564 2621 munere
579 2581 641 2632 suo,
656 2571 684 2622 et
696 2565 787 2641 pretio
805 2555 924 2640 ao'eepto
944 2563 1105 2640 obligentur
1118 2560 1153 2618 ad
1173 2569 1280 2638 aegroto
1303 2557 1349 2615 vel

255 2659 359 2718 afflicto
372 2661 580 2722 consulendum
595 2681 651 2736 qua
663 2663 774 2721 meliori
785 2661 931 2741 'potuerint
943 2663 1061 2720 ratione.
1103 2658 1189 2727 Quod
1203 2661 1228 2717 si
1241 2660 1348 2718 ineerta
1389 2667 1394 2676 ·

254 2760 338 2818 certis
352 2772 529 2837 proponant,
543 2762 701 2839 perieulum
715 2762 800 2820 veluti
813 2763 923 2830 facturi,
934 2771 1054 2840 peceant
1066 2760 1245 2836 gravissime,
1259 2775 1346 2830 quum

255 2860 418 2934 proximum
433 2859 591 2921 discrimini
605 2872 711 2918 temere
721 2862 865 2938 objiciant.
907 2860 937 2918 N
939 2879 972 2918 eo
980 2869 1151 2918 excusantur
1159 2858 1228 2916 lieet
1237 2855 1272 2913 de
1280 2874 1346 2933 pau·

254 2957 369 3030 peribus
383 2965 488 3031 agatur,
511 2961 613 3032 quibus
635 2979 715 3017 suam
728 2978 843 3035 operam
858 2959 925 3018 dant
937 2960 1035 3036 gratis,
1058 2970 1087 3016 et
1099 2975 1198 3017 eorum
1221 2955 1347 3034 periculo

253 3052 341 3109 velint
362 3054 425 3110 aliis
447 3056 612 3122 consulere;
633 3074 687 3114 neo
708 3059 786 3115 enim
810 3059 935 3115 hominis
957 3060 1165 3134 cujuscumque
1188 3057 1246 3114 vita
1267 3055 1344 3132 parvi

254 3150 383 3210 facienda
405 3162 457 3211 est.
500 3154 534 3213 In
554 3157 639 3214 rebus
659 3165 753 3215 autem
774 3155 867 3215 dubiis
886 3156 953 3214 lieet
965 3158 1047 3233 plura
1060 3165 1176 3224 tentare,
1190 3153 1345 3232 praesertim

255 3269 318 3322 quae
331 3253 487 3328 perniciem
502 3274 560 3314 non
580 3266 702 3333 possunt
719 3256 831 3324 afferre,
846 3258 976 3329 quamvis
996 3256 1091 3314 forsan
1113 3275 1171 3314 non
1184 3255 1241 3312 sint
1254 3253 1345 3332 profu·

257 3359 328 3408 tura.
371 3351 442 3418 Qus
457 3355 614 3430 perieulum
628 3356 721 3432 gravis
735 3355 895 3415 detrimenti
909 3354 1038 3422 afferunt,
1053 3363 1199 3428 nequeunt
1209 3353 1345 3420 adhiberi,

256 3451 313 3508 nisi
336 3469 403 3527 spes
427 3453 505 3510 nulla
522 3454 649 3528 alioquin
670 3454 812 3532 affulgeat,
836 3475 888 3533 spe
908 3454 1002 3528 aliqua
1021 3453 1087 3512 inde
1113 3463 1269 3529 concepta:
1290 3471 1346 3509 non

256 3550 334 3607 enim
346 3550 415 3608 licet
427 3551 462 3608 ad
475 3556 575 3613 morbo
588 3553 760 3614 medendum
774 3553 803 3612 id
815 3555 907 3613 facere
921 3553 998 3627 quod
1011 3554 1210 3611 verosimiliter
1228 3561 1345 3632 mortem

257 3647 386 3707 inducat:
402 3649 453 3708 sed
463 3654 589 3729 periculo
602 3654 771 3731 gravissimo
784 3655 924 3726 utrimque
937 3652 1132 3731 impendente,
1147 3654 1264 3711 unicum
1272 3651 1346 3725 quod

257 3759 388 3823 superest
400 3750 557 3810 remedium
569 3754 636 3811 licet
655 3761 771 3821 tentare,
785 3753 884 3812 saltem
899 3771 936 3810 ex
958 3770 1100 3812 consensu
1121 3753 1229 3828 aegroti,
1244 3752 1293 3825 qui
1309 3751 1345 3808 ita

257 3847 311 3906 sibi
326 3849 437 3908 eonsuli
451 3869 484 3908 ea
497 3869 553 3924 qua
566 3853 677 3910 meliori
690 3853 782 3928 possit
795 3852 903 3910 ratione
916 3855 1004 3912 novit.

299 3950 366 4006 160.
389 3947 514 4009 Peccant
526 3952 691 4028 gravissime
705 3962 734 4009 et
747 3951 782 4008 ad
790 3952 893 4010 damna
905 3949 1060 4029 reparanda
1073 3959 1212 4019 tenentur,
1225 3950 1275 4024 qui
1288 3969 1345 4008 me-

258 4043 328 4102 dicae
342 4049 408 4105 artis
422 4048 512 4126 ignari
525 4069 588 4110 earn
602 4051 768 4130 profitentur
780 4061 808 4109 et
818 4061 969 4111 exercent:
991 4053 1118 4125 fiuntque
1132 4049 1212 4109 facile
1227 4049 1345 4113 homici-

258 4141 298 4200 dii
310 4146 361 4212 rei,
376 4156 482 4208 temere
502 4149 600 4210 dantes
622 4169 684 4224 que
707 4152 862 4228 perniciem
883 4161 1060 4226 mortemque
1082 4151 1207 4209 afferant.
1250 4149 1344 4216 Quum

259 4250 352 4300 autem
377 4247 434 4302 vita
454 4248 534 4307 reddi
553 4259 683 4323 nequeat,
704 4247 815 4318 debent,
837 4259 976 4324 quatenus
996 4259 1125 4328 possunt,
1146 4251 1344 4326 superstitibus

259 4341 294 4400 de
308 4339 411 4402 damno
425 4344 501 4416 quod
514 4365 551 4405 ex
565 4358 655 4408 morte
675 4351 753 4426 passi
773 4360 848 4418 sunt,
863 4351 1035 4410 satisfacere.
1077 4349 1203 4409 Peccant
1215 4351 1264 4424 qui
1277 4352 1343 4413 alio·
