3146 5266
297 517 353 578 DE
373 514 558 576 AOTUUM
579 514 860 575 HUMANORUM
881 514 1041 577 Monam
1063 517 1224 578 SPEGIE.
1267 524 1302 578 ³1

258 687 306 741 55.
327 682 384 740 Est
393 681 470 758 apud
479 677 627 758 theologos
637 689 783 758 receptum
794 689 822 738 et
830 681 1015 740 verissimum
1026 683 1158 740 axioma:
1180 679 1307 744 Bonum

216 799 253 838 eo:
265 775 388 858 integra
402 798 504 849 causa,
519 781 635 840 molum
650 798 686 842 ecc
708 797 891 856 quocumque
905 779 1040 862 desecto:
1061 781 1171 840 scilicet
1182 791 1214 838 ut
1226 791 1307 840 actus

217 882 256 937 sit
275 883 379 948 bonus,
402 895 459 947 res,
483 880 561 947 finis,
584 889 613 937 et
634 880 731 937 omnia
754 879 895 956 adjuncta,
917 879 976 956 legi
997 899 1111 940 morum
1135 883 1308 940 conveniant

217 988 348 1055 oportet:
369 998 435 1038 nam
450 979 475 1036 si
489 978 559 1051 quid
573 977 656 1045 desit,
670 978 762 1036 malus
785 977 934 1036 habendus
954 981 1015 1037 erit.
1058 979 1108 1039 Sic
1122 981 1226 1056 stipem
1240 979 1307 1038 dare

216 1080 329 1153 roganti
342 1096 388 1135 res
402 1086 446 1134 est
458 1095 511 1153 per
524 1095 556 1136 se
568 1078 663 1143 bona;
684 1076 762 1149 quod
784 1079 810 1134 si
833 1078 897 1149 quis
921 1096 985 1136 eam
1007 1077 1135 1136 conserat
1156 1079 1185 1137 in
1199 1079 1307 1138 malum

217 1176 315 1245 finem,
330 1196 367 1234 v:
389 1196 426 1252 g:
447 1185 479 1233 ut
491 1175 609 1234 seducat
621 1175 757 1252 puellam,
772 1185 849 1232 actus
871 1195 975 1252 pravus
998 1185 1051 1234 est.
1094 1176 1127 1235 Si
1140 1177 1206 1236 finis
1226 1196 1307 1251 aeque

219 1295 252 1333 ac
264 1295 311 1334 res
324 1275 487 1350 probandus
501 1277 547 1343 sit,
561 1275 670 1332 ratione
685 1272 882 1349 adjunctorum
905 1277 1019 1351 peccari
1033 1277 1144 1352 poterit,
1159 1277 1208 1348 qui
1231 1275 1308 1336 enim

219 1393 283 1433 earn
297 1374 407 1432 confert
418 1393 483 1432 sese
496 1375 681 1440 inebriatum,
696 1381 813 1449 peccato
826 1373 954 1433 fomitem
970 1376 1107 1452 praebere,
1121 1383 1150 1432 et
1162 1374 1228 1434 ideo
1242 1393 1309 1452 pec·

218 1493 283 1532 care
294 1482 435 1532 censetur.

260 1577 309 1630 56.
330 1573 471 1631 Primaria
496 1591 610 1630 morum
635 1569 735 1646 regula
761 1579 805 1628 est
829 1571 887 1629 Dei
912 1572 1054 1640 voluntas,
1080 1571 1220 1630 mandatis
1246 1573 1308 1630 suis

220 1672 381 1747 praesertim
393 1671 540 1746 patefacta,
551 1669 587 1728 ad
597 1689 660 1743 quae
671 1669 810 1727 servanda
820 1672 938 1728 omnino
948 1681 1087 1730 tenemur.
1130 1671 1202 1738 Qum
1214 1680 1309 1730 autem

222 1770 343 1828 adversa
352 1769 435 1828 nobis
450 1771 622 1845 contingunt,
631 1768 697 1826 Deo
708 1768 831 1836 volente,
840 1789 924 1842 aequo
933 1773 1029 1829 animo
1039 1773 1179 1847 patiamur
1187 1780 1309 1848 oportet,

221 1870 354 1941 quamvis
368 1867 404 1924 ad
417 1886 556 1926 aernmnas
570 1867 744 1944 expetendas
758 1867 836 1924 nulla
857 1887 910 1925 nos
933 1879 1015 1944 cogat
1036 1871 1203 1928 necessitas.
1246 1869 1311 1927 Imo

222 1968 305 2026 Deus
331 1967 392 2024 vult
412 1986 465 2024 nos
489 1949 589 2025 affectu
604 1969 717 2025 sincero
749 1976 880 2044 parentes
907 1976 936 2024 et
955 1969 1139 2049 propinquos
1166 1967 1310 2042 amplecti,

221 2087 343 2140 quorum
366 2065 529 2124 infortuniis
555 2065 676 2143 proinde
703 2065 849 2150 doleamus
875 2085 995 2125 necesse
1022 2077 1075 2136 est,
1103 2067 1157 2124 etsi
1184 2065 1310 2126 divinam

219 2168 392 2226 voluntatem
421 2174 450 2223 et
471 2183 568 2223 rerum
591 2184 738 2225 summurn
762 2167 906 2225 arbitrium
929 2175 986 2224 tota
1009 2167 1097 2226 animi
1127 2168 1310 2224 veneratione

219 2267 356 2324 colamus.
410 2264 603 2336 “Aliquando
625 2267 701 2323 bona
732 2265 907 2334 voluntate,'’
940 2267 1035 2339 inquit
1063 2265 1096 2322 S.
1120 2265 1310 2341 Augustinus,

222 2366 338 2424 “homo
351 2363 412 2422 vuit
424 2362 533 2436 aliquid
546 2362 625 2436 quod
638 2363 719 2422 Deus
742 2384 800 2423 non
822 2365 891 2433 vuit,
907 2375 1051 2439 tamquam
1072 2365 1098 2422 si
1119 2366 1212 2423 bonus
1235 2363 1311 2422 filius

221 2473 328 2541 patrem
340 2463 409 2521 velit
418 2465 525 2530 vivere,
537 2481 624 2536 quem
635 2463 716 2521 Deus
726 2465 801 2522 bona
809 2465 953 2523 voluntate
964 2468 1024 2524 vult
1033 2456 1155 2524 mori.’'¹
1188 2463 1312 2530 Quando

221 2565 307 2639 igitur
329 2562 436 2620 orando
458 2562 601 2620 dicimus:
635 2563 713 2619 “fiat
734 2565 864 2621 voluntas
888 2573 945 2633 tua,
969 2568 1044 2624 sicut
1065 2565 1096 2622 in
1122 2563 1206 2631 colo,
1230 2573 1259 2620 et
1280 2563 1311 2620 in

222 2662 336 2728 terra;’'
366 2661 461 2718 divina
492 2663 607 2738 implori
635 2661 767 2719 mandata
798 2672 949 2738 optamus:
980 2662 1032 2722 sed
1057 2681 1116 2722 non
1147 2658 1311 2720 necessario

223 2761 358 2818 volumus
373 2778 435 2832 quae
449 2761 529 2818 nobis
542 2762 750 2841 propinquisve
763 2763 868 2817 nostris
883 2763 1052 2838 contingunt
1065 2757 1192 2816 adversa.

617 2927 658 2994 (l)
678 2927 706 2976 in
719 2926 821 2977 Euchir.
833 2943 854 2978 c.
869 2927 911 2978 01.
