3046 5262
420 437 477 496 DE
500 437 702 497 GENTIUM
724 435 993 497 COMMERCIO.
1193 443 1253 500 245

161 607 241 664 ritur.
283 601 431 676 Equidem
444 603 493 661 ubi
507 603 584 662 nulla
592 603 640 662 lex
647 611 720 660 vetat
727 620 884 679 egressum,
895 602 1029 662 naturalis
1041 601 1158 661 facultas
1167 603 1254 664 libera

160 713 275 772 manet;
290 703 411 776 ideoque
425 709 519 778 potest
531 703 595 776 quis
610 701 665 762 alio
684 719 715 759 se
735 702 872 770 conferre,
887 701 933 760 vel
951 701 1119 770 studiorum,
1139 705 1187 762 rel
1205 723 1254 764 ne·

164 804 314 880 gotiorum,
329 802 376 860 vel
388 801 535 860 recreandi
545 802 633 861 animi
646 819 739 858 causa.
782 801 840 860 Ubi
852 801 900 860 lex
913 810 997 869 vetat,
1011 800 1171 861 obedientia
1183 822 1253 879 prte-

164 902 264 960 standa
277 909 330 970 est,
344 919 443 974 eaeque
463 901 615 977 implenda
628 909 695 958 sunt
708 899 883 958 conditiones
904 918 967 973 quae
981 899 1017 958 ad
1037 903 1151 960 reniam
1164 903 1254 980 impe·

164 1001 291 1060 trandam
311 1001 475 1077 exiguntur.
516 1000 649 1058 Attamen
675 999 803 1056 duriores
829 1009 895 1057 sunt
918 1000 997 1076 leges
1023 1019 1086 1072 quse
1112 1003 1190 1060 cives
1216 1003 1255 1060 ita

163 1101 262 1176 ligant,
283 1100 308 1156 si
322 1099 435 1176 publica
447 1108 476 1156 et
492 1101 585 1175 gravis
599 1117 683 1156 causa
696 1117 755 1156 non
767 1094 896 1176 urgeat:l
916 1097 968 1156 sed
980 1107 1009 1156 et
1017 1100 1139 1176 injustae,
1153 1102 1179 1158 ai
1188 1100 1254 1160 odio

165 1199 326 1276 Religionis
347 1206 376 1256 et
396 1199 510 1275 pietatis
532 1197 664 1266 serantur,
687 1198 728 1256 uti
749 1215 811 1268 quae
834 1198 865 1256 iu
885 1197 989 1276 Anglia
1013 1199 1084 1257 olim
1104 1200 1255 1276 viguerunt

166 1283 264 1356 contra
286 1296 461 1355 Catholicos.
502 1296 549 1354 Ad
568 1297 689 1354 alienam
703 1304 815 1372 gentem
829 1299 948 1355 transire
967 1298 1036 1356 licet
1050 1297 1176 1356 utilitatis
1197 1317 1255 1357 suaa

166 1415 266 1463 causa,
281 1397 389 1468 quoties
403 1395 431 1452 id
443 1395 475 1452 fit
487 1395 594 1468 absque
617 1395 713 1472 patriae
735 1389 930 1452 detrimento.2
969 1394 1120 1472 Flagrante
1133 1397 1208 1456 bello
1221 1397 1257 1456 ad

166 1495 293 1554 hostium
307 1503 394 1552 castra
407 1495 523 1552 transire
537 1495 626 1570 turpis
640 1502 683 1550 est
695 1491 834 1550 desertio:
856 1493 908 1551 sed
927 1495 976 1566 qui
990 1495 1020 1552 in
1034 1504 1161 1571 tempore
1175 1499 1253 1573 pacis

168 1612 257 1652 novas
280 1601 409 1666 quarunt
427 1592 521 1661 sedes,
535 1594 609 1651 sicut
630 1591 747 1669 plurImi
765 1610 802 1650 ex
823 1593 949 1669 Europa
969 1594 1123 1669 provinciis
1144 1595 1174 1654 in
1194 1595 1255 1653 dier

169 1693 273 1760 solent,
286 1692 417 1760 videntur
430 1709 516 1768 posse
536 1693 656 1764 civitatis
672 1693 738 1768 jura
751 1691 781 1748 in
793 1711 867 1750 nova
886 1693 1002 1768 regione
1016 1712 1152 1765 quaerere,
1166 1713 1256 1767 quum

171 1792 298 1866 ahoquin
311 1792 365 1849 sibi
378 1792 494 1865 suisque
515 1792 565 1850 vix
587 1798 692 1865 queant
713 1790 781 1846 satis
802 1786 977 1849 consulere.³
1016 1792 1160 1864 Equidem
1180 1794 1258 1852 nulla

167 1901 272 1950 naturae
285 1890 398 1976 legead
418 1891 591 1949 manendum
611 1890 641 1946 in
659 1889 749 1965 patria
764 1898 900 1957 tenemur,
915 1889 1041 1962 alioquin
1055 1909 1140 1948 nemo
1160 1900 1258 1967 posset

167 2009 294 2063 unquam
307 1991 446 2066 migrare:
468 1999 497 2047 et
509 1989 650 2048 fidelitatis
670 2005 737 2064 erga
756 1989 915 2065 principem
934 1990 1045 2048 muneri
1058 1989 1256 2057 satisfacimus,

170 2089 197 2146 si
211 2090 237 2146 ei
250 2087 317 2146 dum
329 2090 358 2147 in
371 2090 433 2166 ejus
447 2087 553 2147 ditione
575 2106 732 2154 versamur,
755 2089 992 2164 obtemperemus,
1007 2098 1036 2145 et
1053 2089 1083 2146 in
1102 2106 1196 2146 rerum
1210 2107 1257 2146 an·

169 2189 271 2264 gustiis
284 2207 341 2246 nou
353 2187 536 2246 deseramus:
557 2186 608 2244 scd
621 2195 726 2243 mutata
739 2205 776 2244 ex
797 2207 877 2261 aequa
896 2206 981 2245 causa
993 2187 1174 2256 habitatione,
1191 2190 1257 2265 jure

168 2287 287 2346 naturali
297 2288 379 2347 nobis
390 2287 557 2346 consulendi
568 2287 681 2354 utimur,
693 2303 767 2344 novo
777 2285 958 2364 agnoscendo
966 2287 1097 2362 imperio.
1140 2285 1174 2345 ld
1181 2286 1258 2345 vide·

169 2395 212 2444 tur
224 2386 374 2446 dicendum
387 2387 498 2444 etiarnsi
512 2387 575 2458 quis
585 2385 777 2461 juramentum
796 2385 935 2444 fidelitatis
949 2387 1126 2462 praestiterim
1150 2405 1217 2444 nam
1228 2385 1257 2445 id

169 2486 202 2542 fit
227 2485 262 2542 ad
273 2486 473 2563 obligationem
495 2485 600 2542 civium
620 2484 775 2543 naturalem
802 2484 978 2552 firmandam,
1002 2487 1096 2561 potius
1117 2485 1259 2557 quemad

169 2602 273 2642 novam
299 2584 498 2651 inducendam,
525 2583 646 2654 ideoque
669 2583 868 2658 explicandum
891 2593 935 2640 est
956 2601 1008 2658 pro
1033 2585 1109 2640 illius
1136 2585 1256 2642 ratione.

168 2682 366 2742 Durissimum
378 2684 449 2741 foret
461 2684 497 2741 iis
520 2684 569 2756 qui
588 2701 626 2739 ex
638 2682 758 2758 Europa
770 2682 826 2738 huc
846 2682 976 2756 migrant,
1000 2699 1058 2739 non
1081 2699 1166 2758 posse
1180 2683 1258 2739 cives

169 2782 335 2840 Americani
355 2782 426 2849 fieri,
449 2802 536 2855 quum
559 2780 702 2840 nonnullis
716 2783 746 2838 in
767 2779 888 2836 Statibus
903 2780 1100 2854 possessiones
1115 2779 1207 2836 forent
1219 2781 1260 2838 in·

170 2887 266 2948 oertae,
281 2889 309 2937 et
320 2881 376 2957 ipsi
389 2881 518 2957 plurimis
531 2880 649 2938 obnoxii
662 2878 754 2937 forent
763 2876 963 2937 incommodis.

210 2983 259 3036 20.
281 2979 315 3037 Id
327 2983 410 3038 etiarn
431 2981 536 3053 inquiri
549 2987 652 3055 potest,
676 2988 769 3036 utrum
789 2977 864 3036 bello
886 2986 947 3036 orto
971 2979 1043 3036 inter
1055 2978 1260 3055 rempublicam

168 3080 251 3155 cujus
265 3081 342 3136 cives
355 3081 421 3138 facti
435 3089 509 3148 sunt,
524 3089 552 3136 et
565 3078 693 3154 patriam,
708 3079 819 3154 possint
831 3087 928 3136 contra
947 3077 1021 3136 hauc
1042 3079 1128 3137 armis
1142 3089 1259 3136 certare.

168 3178 237 3236 Hoc
250 3189 353 3255 negant
372 3179 459 3256 Angli
475 3177 653 3256 jurisperiti:
675 3195 826 3236 censemus
849 3184 943 3234 tamen
963 3195 1013 3234 eos
1036 3195 1122 3253 posse
1146 3179 1259 3250 quoties

203 3373 212 3428 (
218 3371 244 3434 l)
265 3375 279 3400 ‘⁴
287 3369 342 3420 The
355 3369 489 3432 Sororeign
502 3371 589 3419 abuses
600 3369 639 3420 his
651 3384 739 3433 power,
749 3363 797 3416 and
814 3365 914 3417 reduces
925 3365 966 3416 his
982 3367 1087 3431 subjecta
1098 3373 1124 3416 to
1135 3383 1167 3416 an
1178 3369 1258 3433 insup-

168 3454 278 3520 portable
288 3455 391 3518 slavery,
403 3455 425 3504 il
438 3455 470 3503 he
481 3453 575 3504 refuses
587 3454 654 3505 them
663 3453 705 3504 the
716 3451 859 3518 permission
878 3450 907 3499 os
921 3449 1017 3512 leaving
1026 3450 1065 3500 his
1077 3450 1217 3503 dominicus
1227 3454 1265 3504 lor

168 3537 233 3588 their
245 3553 300 3586 own
313 3537 456 3600 advantage,
465 3537 537 3586 when
549 3536 581 3586 he
593 3537 672 3599 might
682 3542 753 3598 grant
765 3536 784 3583 it
794 3541 819 3583 to
832 3532 898 3582 them
908 3531 1012 3582 without
1028 3533 1227 3597 inconvenienee,
1238 3553 1265 3586 or

168 3622 262 3683 danger
274 3629 298 3670 to
311 3621 354 3671 the
365 3619 450 3671 state.''
484 3621 522 3671 De
534 3621 623 3670 Vattel.
652 3619 713 3670 Law
725 3619 753 3668 ol
761 3617 787 3666 N
789 3617 875 3676 alicus,
887 3618 903 3666 l.
915 3617 932 3667 i.
944 3633 966 3668 c.
975 3616 1026 3666 xix.
1040 3621 1054 3677 ς
1066 3621 1126 3667 222.

204 3705 245 3770 (2)
264 3711 278 3735 “
288 3705 370 3770 Erory
382 3721 440 3755 man
452 3705 523 3755 hasa
540 3704 606 3767 right
622 3713 648 3754 to
665 3704 719 3768 quit
735 3703 774 3752 hia
792 3711 904 3766 country,
922 3701 948 3751 in
966 3701 1035 3752 order
1052 3711 1080 3752 to
1096 3703 1165 3754 settle
1177 3705 1203 3755 in
1216 3721 1265 3770 any

167 3789 246 3849 other,
257 3789 331 3840 when
341 3791 373 3855 by
383 3790 435 3842 that
447 3797 507 3855 step,
517 3790 549 3840 ho
560 3789 618 3840 does
625 3797 668 3839 not
680 3805 770 3854 exposa
781 3787 821 3838 the
831 3788 927 3838 wallare
935 3788 964 3837 ol
972 3787 1011 3838 his
1019 3787 1147 3854 mumma
1165 3789 1267 3851 Ibidem,

170 3880 184 3936 ς
199 3877 258 3924 220.
273 3875 297 3923 2.

206 3962 249 4026 (3)
270 3960 297 4009 [(1
308 3959 417 4010 decisum
429 3967 466 4010 est
483 3976 497 4010 a
515 3960 637 4024 Suprema
653 3958 728 4008 Curia
746 3958 868 4008 Maritima
885 3957 982 4020 Anglire
993 3955 1140 4025 Admirulty
1152 3958 1223 4020 dicta,
1236 3961 1267 4012 de

167 4047 254 4108 Anglo
266 4051 397 4094 mercatore
409 4045 452 4108 qui
463 4045 524 4095 ciris
536 4045 614 4096 sactus
630 4043 800 4101 Americanus‚
818 4057 895 4105 eoque
912 4041 983 4090 titulo
1000 4043 1173 4094 commercium
1193 4049 1268 4108 gessit

167 4147 228 4182 cum
239 4130 308 4180 indis
321 4128 493 4190 Orientalibus,
502 4130 567 4194 quod
579 4129 672 4180 civibus
680 4127 769 4189 Anglis
777 4136 837 4176 tunc
846 4142 896 4175 non
907 4126 999 4185 licebat,
1006 4134 1107 4191 excepto
1115 4137 1179 4181 coetu
1195 4133 1270 4195 dicto,

166 4216 235 4268 Euat
247 4213 325 4266 India
340 4214 484 4284 company.
517 4216 580 4266 Rem
591 4214 662 4266 refert
671 4211 795 4262 Wheaton
810 4210 919 4262 lbeatiae
930 4227 962 4262 on
973 4211 1155 4266 internetionul
1167 4216 1224 4270 lato.

688 4311 746 4368 22*
