3068 5256
429 540 432 545 ι
485 455 542 514 ΒΕ
564 453 736 514 OCTAVO
757 451 1009 522 PRAEOEPTO,
1251 463 1307 518 145

218 622 311 700 giouis
324 621 426 699 injuria
435 619 485 678 fiat
493 621 589 698 jocus,
603 619 650 678 vel
663 616 698 676 de
711 617 853 678 obscenis
866 635 932 676 cum
945 635 1056 678 morum
1069 618 1249 689 decimenta,
1263 625 1309 682 vel

218 721 254 778 de
271 721 366 788 altero,
380 720 456 776 sama
476 719 554 786 laesa,
575 737 633 790 quo
654 726 736 793 pacto
758 716 807 776 fiet
828 717 1031 792 pemicioeum.
1073 718 1152 776 Hinc
1169 720 1309 796 juvenum

218 821 424 891 hominumque
433 818 496 894 joci
509 835 585 892 saepe
596 816 743 874 mortalem
756 815 895 875 inducunt
906 816 1008 874 anima
1020 817 1124 876 labem.

259 923 327 976 181.
350 918 426 974 Satis
440 925 550 974 constat
562 935 599 974 ex
619 923 764 973 auctorum
777 933 920 974 consensu
939 933 974 972 ea
993 934 1056 988 quae
1076 915 1207 974 dicuntm
1220 918 1309 977 intan-

219 1021 293 1076 tibus
309 1028 339 1076 et
351 1017 511 1076 amentibus
524 1035 582 1074 non
596 1033 660 1072 3333
680 1013 835 1072 mendaciis
856 1014 1040 1082 accensenda,
1054 1014 1120 1073 licet
1131 1017 1240 1074 veritati
1252 1035 1311 1076 non

218 1119 404 1184 conveniant3
426 1135 493 1174 nam
507 1133 601 1172 sermo
614 1113 756 1172 institutus
770 1122 814 1170 est
827 1121 856 1170 ut
867 1113 999 1172 homines
1009 1115 1053 1172 sui
1066 1123 1214 1191 compote·
1226 1133 1312 1174 sensa

219 1236 271 1274 sua
296 1217 352 1274 eibi
377 1217 500 1274 invicem
523 1221 630 1286 queant
654 1213 876 1279 communicare,
896 1211 1019 1285 ideoque
1039 1223 1137 1271 contra
1160 1213 1249 1272 finem
1271 1217 1312 1273 lo-

221 1315 327 1388 quendi
338 1334 396 1373 non
408 1323 518 1390 peccat,
533 1314 582 1386 qui
595 1311 680 1369 verba
693 1310 787 1368 alieno
797 1329 883 1368 sensu
893 1311 1008 1369 adhibet
1020 1313 1127 1370 cumiis
1136 1315 1185 1384 qui
1195 1315 1312 1373 rationis

221 1433 275 1472 usu
287 1433 348 1472 non
362 1412 494 1490 gaudent.
536 1411 610 1470 Haec
624 1421 718 1468 tamen
737 1409 832 1468 minus
853 1421 979 1468 accurate
992 1410 1313 1472 333331333133113313.ι

222 1512 295 1579 Quae
318 1512 474 1571 enarrando
497 1511 627 1568 dicunnrr
646 1517 760 1567 ornatus
780 1527 874 1576 causa,
896 1509 941 1566 vel
961 1510 998 1566 cb
1018 1510 1312 1579 verosimilinrdinem,

223 1630 283 1669 non
297 1621 445 1670 censentur
466 1610 633 1676 mendacia;
654 1625 754 1669 omnes
775 1609 851 1667 cuim
871 1617 984 1676 nomnt,
1007 1609 1170 1684 scriptores,
1183 1611 1229 1668 vel
1242 1612 1313 1670 alios

224 1728 272 1768 res
293 1719 386 1786 gestas
411 1710 573 1776 reserentes,
600 1725 658 1766 non
683 1706 796 1783 singula
814 1725 941 1764 enarrare
963 1707 1058 1774 verba,
1084 1708 1130 1765 vel
1150 1711 1246 1768 omnia
1270 1729 1315 1768 ac·

223 1818 318 1868 curate
345 1818 373 1866 et
392 1809 563 1875 minutatim,
586 1804 638 1864 sed
659 1807 702 1864 rei
724 1823 877 1872 summam,
904 1814 933 1862 et
953 1803 1094 1863 dictorum
1119 1807 1313 1866 substantiam.

225 1908 260 1964 Si
279 1917 374 1964 autem
393 1908 489 1981 aliqua
508 1906 678 1984 adjiciantur
695 1903 840 1983 jactando,
854 1903 900 1960 vel
919 1903 1065 1976 quealias
1084 1921 1178 1962 remm
1191 1907 1316 1982 speciem

226 2015 345 2073 mutent,
358 2025 414 2063 non
426 2005 509 2064 facile
522 2013 694 2064 excusantur
712 2025 728 2062 a
747 2003 888 2062 mendacii
901 2003 979 2062 vitio.
1021 2002 1093 2069 Qua
1113 2021 1165 2080 per
1183 2005 1316 2065 ironiam

226 2103 367 2172 dicuntur,
380 2105 447 2164 licet
458 2105 528 2164 falsa
541 2105 699 2170 videantur,
713 2121 771 2161 uon
790 2110 857 2160 sunt
868 2101 1027 2170 mendacia,
1041 2119 1140 2162 eorum
1155 2107 1232 2163 enim
1252 2123 1315 2164 sen·

225 2223 276 2260 sus
296 2207 453 2263 contrarius
479 2223 518 2262 ex
544 2203 684 2280 adjunctis
710 2201 859 2277 colligitur.
911 2202 961 2259 Sic
986 2202 1083 2260 omnia
1102 2222 1165 2275 quac
1185 2205 1317 2262 trarmlato

226 2321 311 2362 sensu
326 2305 515 2378 proferuntur,
526 2303 587 2360 sive
599 2301 757 2360 fabularum
777 2301 877 2367 somna,
892 2301 952 2358 sive
971 2301 1178 2376 parabolarum,
1193 2304 1253 2360 sive
1265 2321 1317 2381 per

226 2402 415 2477 hyperbolen,
429 2404 491 2460 sive
505 2402 559 2460 3113
573 2418 751 2473 quacumque
764 2400 881 2467 ratione,
896 2419 960 2473 qua
973 2419 1011 2458 ex
1024 2401 1098 2458 serie
1111 2403 1257 2470 orationis,
1271 2403 1317 2460 vel

225 2520 264 2558 cx
277 2517 372 2558 rerum
387 2501 527 2578 adjunctis
540 2513 569 2558 et
586 2518 640 2557 usu
653 2498 790 2571 loquendi
809 2499 906 2576 colligi
925 2501 1025 2576 possit,
1046 2520 1062 2558 3
1084 2501 1232 2560 mendacio
1252 2511 1318 2560 sunt

226 2599 427 2658 discernenda.

544 2797 625 2871 §lV.
648 2796 696 2856 Du
711 2813 835 2856 vocmus
848 2813 1002 2854 nunionis.

272 2999 407 3059 183113
433 3001 549 3058 vocibus
576 3001 671 3078 plures
697 3001 865 3059 habentibus
897 3000 1133 3078 significationes,
1166 3004 1321 3076 equivocis

229 3099 339 3160 idcirco
362 3100 457 3168 dietis,
478 3101 636 3158 vehemens
656 3102 778 3158 excitata
797 3110 841 3158 est
860 3101 1011 3173 ahqnando
1030 3105 1232 3162 controversia.
1275 3104 1321 3162 De

229 3201 266 3258 iis
280 3200 350 3258 dicit
363 3199 499 3257 Grotius:
523 3209 541 3235 ‘⁶
552 3200 777 3276 Significationis
798 3219 866 3276 ergo
880 3201 988 3260 13131133
1001 3199 1088 3258 idest
1106 3201 1185 3272 quod
1198 3201 1233 3259 ad
1246 3221 1323 3261 com·

230 3296 348 3356 munem
370 3298 512 3356 mendacii
532 3309 662 3357 naturam
681 3299 862 3370 requirimus,
905 3299 963 3358 Cui
982 3317 1162 3370 consequens
1183 3308 1236 3368 est,
1257 3319 1322 3358 cum

230 3415 288 3454 vox
303 3399 398 3470 aliqua
419 3407 466 3456 aut
486 3400 626 3456 sermonis
648 3398 812 3474 complexio
828 3407 872 3454 eet
888 3396 1075 3470 ,3313333311
1095 3407 1140 3454 est
1157 3399 1252 3474 plures
1266 3417 1323 3458 uno

180 3510 187 3514 ·
230 3497 406 3571 significatus
427 3496 557 3564 admittit,
578 3499 640 3555 sive
659 3517 697 3556 ex
717 3498 795 3573 vulgi
808 3514 872 3563 usn,
893 3497 954 3553 sive
968 3513 1005 3551 ex
1020 3495 1086 3551 artis
1109 3494 1323 3565 consuetudine,
1346 3477 1350 3485 ’

231 3594 298 3651 sive
324 3613 359 3651 ex
384 3596 475 3672 figura
495 3597 596 3667 'aliqua
621 3597 803 3673 intelligibili,
831 3604 897 3652 tunc
924 3595 948 3651 si
983 3593 1070 3650 animi
1096 3603 1248 3672 conceptus
1275 3597 1326 3654 uni

231 3694 351 3753 istarum
371 3695 612 3770 significationum
632 3705 779 3772 congruat,
799 3713 858 3752 non
878 3693 988 3752 admitti
1006 3692 1197 3764 mendacium,
1211 3697 1324 3755 etiamsi

230 3795 395 3869 puncturis,
411 3795 461 3865 qui
475 3793 562 3861 audit,
578 3796 607 3852 in
619 3795 702 3854 aliam
710 3804 820 3872 partem
829 3787 1041 3876 accepturus.²”
1084 3793 1161 3853 inter
1174 3795 1325 3870 theologos

230 3891 269 3948 de
283 3909 380 3950 earum
394 3911 446 3950 usu
462 3891 649 3968 disceptatum
663 3902 716 3961 est,
730 3893 834 3952 Lessio
847 3913 914 3952 cum
926 3893 990 3952 aliis
1004 3910 1053 3950 eas
1067 3891 1219 3963 aliquando
1239 3893 1324 3951 licere

268 4095 310 4160 (l)
330 4102 344 4126 “
352 4095 375 4146 lt
391 4097 413 4146 13
429 4097 514 4146 lawsul
526 4105 551 4146 to
568 4097 608 4146 tall
627 4098 690 4146 3113
707 4104 732 4146 to
750 4095 860 4147 children
877 4111 904 4144 or
919 4102 945 4143 to
962 4092 1099 4143 madmen.'’
1134 4093 1234 4159 Tnylor,
1251 4095 1325 4146 Dect.

228 4178 299 4228 Dub.
310 4179 327 4227 l.
337 4179 371 4228 iii.
383 4195 404 4229 3.
416 4180 440 4228 it

269 4263 311 4325 (2)
329 4263 431 4314 Grotius
447 4264 478 4314 de
492 4266 547 4328 jure
564 4265 619 4314 belli
631 4272 655 4314 et
671 4264 745 4328 pacis,
758 4265 773 4313 l.
784 4263 819 4312 iii.
830 4262 904 4320 c.i.§
923 4277 948 4311 x.
983 4261 1047 4312 Vide
1063 4269 1088 4312 31
1105 4258 1256 4324 Pufl'endorf,
1266 4265 1281 4312 1.
1295 4263 1326 4311 iv.

227 4365 251 4398 c.
261 4348 278 4396 i.
292 4351 306 4406 ς
320 4347 370 4397 xiii.
382 4355 406 4398 et
417 4347 510 4412 Taylor
521 4349 586 4399 Due.
596 4349 661 4398 Dub.
674 4348 730 4397 Vol.
741 4348 766 4398 ii.
778 4365 803 4413 p.
817 4346 872 4394 100.

273 4441 351 4498 Vcc.
373 4442 479 4499 1.-14
