3068 5256
537 441 593 500 DE
616 436 788 498 OCTAVO
808 435 1061 498 PRAECEPTO.
1291 445 1345 500 147

248 607 343 674 diens,
353 615 380 663 et
392 598 568 662 studiosa.”l
601 604 679 663 Hinc
692 579 760 662 satis
773 616 850 681 patet
862 607 1099 678 aequivocationes
1113 615 1141 662 et
1153 607 1343 664 restrictioncs

251 723 323 781 pure
337 705 470 763 mentales
484 723 542 763 non
557 723 621 762 esse
641 702 844 771 admittendam
866 703 1102 776 quandocumque
1116 705 1193 762 enim
1207 721 1289 762 mens
1302 705 1343 763 lo-

250 805 363 876 quentis
386 822 444 860 non
464 813 558 878 potest
578 804 716 861 ullatenus
737 823 774 861 ex
795 803 936 881 adjunctis
957 803 1063 879 colligi,
1085 803 1159 861 fraus
1179 801 1341 868 admittitur,

250 904 344 960 verbis
354 908 451 960 contra
463 920 563 960 eorum
577 903 692 960 obvium
705 903 792 960 finem
805 902 948 961 adhibitis.
980 902 1067 967 “Qui
1080 901 1234 978 sophistice
1247 902 1338 973 loqui·

251 1010 297 1057 tur
309 1001 424 1059 odibilis
443 996 535 1058 est.'’²
555 1001 675 1058 “habia
688 1011 784 1060 tuane
797 1001 949 1073 loquantur
964 992 1109 1058 dolum.'’³
1150 1001 1252 1066 “Quis
1266 1000 1344 1058 habi·

250 1101 318 1156 tabit
330 1101 360 1157 in
374 1100 552 1157 tabernaculo
566 1109 613 1157 tuo
625 1100 636 1154 l
651 1141 659 1156 .
672 1141 700 1156 ..
715 1099 772 1166 Qui
786 1118 844 1158 non
857 1101 915 1176 egit
927 1098 1024 1158 dolum
1034 1099 1064 1156 in
1077 1099 1173 1174 lingua
1186 1095 1285 1156 sua.''⁴

295 1201 361 1255 186.
383 1198 417 1254 ln
430 1217 516 1254 causa
528 1197 595 1256 fidei
614 1207 642 1254 et
661 1197 806 1273 religionis
825 1200 927 1256 obvius
941 1199 1090 1256 verborum
1110 1215 1213 1256 sensus
1226 1207 1270 1254 est
1283 1215 1341 1254 om·

250 1297 320 1354 nino
333 1296 514 1360 reduendusr
535 1315 588 1354 neo
609 1296 747 1368 quidquid
766 1297 966 1372 proferendum
987 1296 1064 1368 quod
1083 1313 1206 1353 errorem
1226 1297 1343 1370 ingerat,

251 1395 318 1452 licet
331 1414 431 1453 verum
444 1395 544 1453 habeat
563 1413 680 1452 sensum
700 1414 737 1452 ex
757 1396 867 1453 occulta
885 1395 1026 1467 loquentis
1044 1393 1218 1452 delinitione.
1260 1393 1345 1450 Ratio

251 1505 298 1550 est
310 1496 377 1566 quia
390 1483 481 1569 agitur
493 1494 528 1552 de
541 1513 572 1552 re
582 1513 704 1560 summa,
719 1504 748 1552 et
760 1494 849 1551 divini
861 1493 978 1552 honoris
992 1494 1109 1551 interest
1122 1501 1153 1549 ut
1165 1492 1251 1549 fidem
1265 1493 1342 1564 quis·

253 1611 311 1662 que
324 1593 479 1668 perspicuis
493 1593 586 1652 verbis
600 1593 782 1669 profiteatur3
804 1592 881 1665 quod
900 1593 984 1650 etiarn
998 1591 1033 1648 ad
1053 1592 1178 1668 proximi
1198 1591 1344 1648 utilitatem

253 1690 399 1748 conducit.
442 1691 517 1750 Hinc
536 1711 594 1751 uon
613 1692 680 1749 licet
698 1709 801 1767 negare
823 1710 853 1748 se
874 1709 937 1748 esse
959 1689 1139 1748 catholicum
1159 1689 1343 1754 Ronlanum,

252 1789 322 1846 lieet
335 1791 398 1862 quis
411 1790 547 1867 intelligat
564 1809 594 1848 se
615 1809 672 1848 non
692 1809 756 1846 esse
776 1790 877 1848 Romoe
898 1796 1004 1855 natum,
1025 1787 1093 1846 dum
1112 1788 1222 1846 auditor
1244 1787 1346 1862 accipit
1410 1855 1413 1860 Ι

254 1907 341 1944 voces
355 1888 389 1946 de
402 1889 518 1948 homine
529 1908 594 1947 cum
609 1889 684 1946 Sede
695 1889 773 1947 Petri
787 1887 931 1946 consortio
940 1886 1086 1962 religionis
1096 1888 1258 1964 conjuncto.
1280 1885 1345 1942 Noc

253 1987 324 2042 licet
342 2005 372 2044 se
391 1987 482 2046 dicere
507 1987 771 2056 Universalistam‚
796 1986 979 2044 catholicum
1001 2003 1035 2042 ea
1057 2002 1127 2042 voce
1149 1983 1343 2058 intelligendo,

256 2103 347 2156 quum
361 2087 434 2162 apud
446 2107 498 2146 nos
512 2088 644 2163 designat
653 2088 803 2144 sectarium
813 2085 974 2144 credentem
984 2085 1133 2142 universos
1143 2084 1275 2142 homines
1285 2092 1343 2140 tan·

258 2183 327 2241 dem
340 2185 490 2258 aliquando
504 2186 539 2243 ad
552 2188 675 2244 salutem
687 2195 882 2262 perventuros.

298 2288 364 2342 187.
386 2285 419 2344 ln
440 2286 623 2345 consessione
643 2285 841 2344 sacramentali
860 2283 954 2342 omnis
975 2301 1077 2341 vocum
1099 2283 1266 2358 ambiguitas
1286 2299 1347 2340 om·

254 2383 325 2440 nino
338 2394 382 2440 est
395 2385 537 2451 evitanda,
552 2387 653 2444 saltem
667 2385 761 2457 quoad
775 2402 885 2455 eaquae
905 2380 1066 2440 necessarii
1080 2380 1250 2440 declaranda
1263 2391 1345 2440 sunt:

252 2501 321 2540 nam
335 2485 480 2542 consessio
493 2487 531 2542 ita
543 2495 588 2542 est
600 2483 761 2560 peragenda
773 2494 805 2542 ut
817 2482 1009 2542 confessarius
1022 2491 1097 2538 recte
1112 2481 1203 2538 valeat
1212 2481 1348 2557 judicare*

253 2581 440 2656 depereatis.
481 2584 531 2641 Sic
544 2585 568 2641 si
582 2585 647 2656 quis
661 2583 736 2641 dicat
753 2602 786 2640 se
806 2582 950 2640 consortio
969 2599 1057 2656 pravo
1071 2579 1237 2645 indulsisse,
1252 2579 1348 2635 animo

256 2679 423 2754 intelligens
437 2690 513 2739 actus
526 2683 684 2757 impudicos
705 2691 842 2758 patrasse,
863 2699 921 2738 non
941 2679 1077 2735 satisfacit
1090 2675 1244 2736 confitendi
1258 2675 1348 2741 oneri,

257 2779 373 2848 quoties
387 2781 479 2837 noscit
500 2780 699 2840 confessarium
719 2789 826 2838 tantam
846 2780 904 2835 vim
925 2776 1042 2834 vocibus
1062 2774 1118 2830 illis
1138 2791 1196 2830 non
1217 2773 1347 2830 tribuere.

254 2875 317 2932 Sed
331 2878 356 2934 si
370 2897 402 2934 se
415 2879 505 2937 celare
525 2878 652 2947 studens,
666 2863 709 2938 'de
730 2897 848 2938 munere
868 2895 925 2950 quo
946 2875 1072 2951 fungitur
1091 2874 1277 2948 interrogatus
1298 2871 1346 2930 ali·

255 2975 326 3047 quid
348 2978 474 3054 ambigui
495 2997 597 3037 sensus
620 2989 748 3054 reponat,
772 2997 830 3036 non
852 2977 905 3036 erit
926 2973 1106 3032 mendacium
1129 2973 1229 3030 saltem
1251 2989 1346 3048 grave,

255 3073 415 3134 dummodo
428 3077 536 3154 integra
548 3078 675 3151 alioquin
689 3076 738 3134 fiat
750 3086 931 3153 peccatorum
944 3072 1098 3132 consessio.

301 3177 367 3232 188.
388 3175 422 3234 Id
436 3176 510 3252 apud
523 3195 623 3235 omnes
643 3175 799 3234 catholicos
820 3178 850 3234 in
871 3173 1003 3232 confesso
1025 3182 1070 3230 est
1088 3173 1122 3228 ab
1142 3173 1222 3228 omni
1235 3187 1346 3227 rorum

256 3273 437 3348 ambiguitate
451 3277 481 3333 in
494 3276 641 3333 communi
651 3277 715 3332 vita
725 3275 898 3333 commercio
908 3291 971 3329 esse
982 3269 1158 3328 cavendum:
1174 3269 1225 3326 sed
1239 3267 1349 3342 discep-

257 3379 331 3427 tatur
348 3383 442 3431 utrum
462 3392 598 3446 umquam
618 3374 701 3432 liceat
721 3393 754 3432 ea
766 3377 817 3432 uti.
859 3372 993 3443 Plerique
1014 3369 1140 3443 theologi
1161 3367 1310 3431 affirmant,
1326 3367 1350 3420 si

256 3472 354 3543 gravis
367 3482 466 3548 urgeat
477 3492 573 3540 causa,
597 3483 626 3530 et
644 3493 727 3532 mens
749 3471 891 3544 loquentis
912 3488 949 3526 ex
970 3467 1109 3542 adjunctis
1130 3465 1222 3540 possit
1242 3461 1347 3537 colligi,

257 3566 329 3624 licet
340 3587 436 3645 reapse
449 3591 507 3630 non
520 3571 676 3648 colligatur.
710 3573 760 3630 Sic
773 3570 917 3629 Abraham
931 3564 1074 3624 consuluit
1087 3563 1163 3620 Sarae
1177 3571 1209 3620 ut
1221 3577 1349 3618 sororem

256 3665 324 3740 ejus
337 3668 398 3743 ipsa
409 3687 439 3727 se
452 3670 642 3746 profiteretur,
663 3672 828 3748 conjugium
847 3668 944 3734 silens3
959 3675 987 3722 et
1000 3663 1080 3724 Isaac
1098 3663 1259 3722 Rebeccam
1272 3677 1350 3719 sorc-

256 3781 321 3820 rem
334 3784 364 3823 sc
378 3786 478 3827 vocare
491 3789 549 3844 prae
563 3770 685 3846 conjuge
699 3770 797 3828 voluit.
831 3767 965 3826 Christus
979 3765 1123 3824 Dominus
1137 3781 1167 3821 se
1182 3781 1239 3819 non
1254 3777 1351 3816 ascen·

257 3861 326 3922 dere
340 3865 375 3922 ad
388 3865 464 3924 diem
478 3867 582 3926 festum
595 3868 677 3936 dixit,
691 3887 727 3926 eo
741 3867 817 3940 quod
834 3867 928 3944 palam
941 3875 970 3923 et
989 3883 1054 3922 curn
1067 3861 1180 3920 indiciis
1194 3856 1351 3916 manifestis

256 3979 319 4020 suae
332 3962 435 4023 diviuoe
449 3975 554 4026 naturae
574 3967 663 4026 nollet
675 3987 742 4026 oum
755 3966 903 4044 discipulis
918 3973 983 4024 tuno
1005 3959 1168 4025 ascendere,
1183 3956 1268 4034 paulo
1287 3962 1353 4032 post

296 4167 334 4230 (1)
349 4166 422 4230 Prop.
431 4167 497 4215 xxvi.
511 4165 588 4214 xxvii.
599 4167 663 4216 inter
675 4165 810 4215 damnatas.
833 4161 848 4208 2
861 4159 943 4210 Martii
958 4159 1028 4210 1679.

293 4251 333 4316 (ἓ)
348 4251 425 4302 Eecli.
437 4250 533 4300 xxxvii.
543 4253 584 4300 28.
698 4251 740 4313 (a)
755 4247 796 4296 Ps.
809 4247 893 4296 xxxiii.
908 4247 945 4294 14.
1061 4244 1102 4308 (4)
1117 4243 1157 4291 Ps.
1170 4241 1219 4290 xiv.
1232 4241 1252 4288 l.
1264 4243 1287 4288 3.
