3068 5256
280 514 336 568 142
560 501 617 563 DE
639 501 811 565 oorlvo
832 499 1086 564 PRAECEPTO.

276 675 390 732 alterius
409 672 455 729 vel
477 671 521 729 sui
541 685 675 748 magnam
697 660 870 726 utilitatem.¹
910 668 1002 746 Paley
1025 669 1171 728 contendit
1192 670 1375 730 mendacium

275 791 374 830 vacare
388 771 480 846 culpa,
494 772 519 830 si
533 771 602 830 alter
617 773 666 849 jus
687 787 746 827 non
765 768 866 825 habeat
885 769 1031 827 veritatem
1051 770 1199 838 noscendi,
1214 791 1268 829 nec
1291 790 1329 828 ex
1342 789 1374 830 eo

276 889 410 948 magnum
424 871 639 930 incommodum
653 877 796 942 sequatur,
811 867 861 924 sed
875 869 1068 928 necessarium
1082 872 1119 928 rit
1138 870 1172 927 ad
1186 889 1233 928 res
1247 889 1317 928 suas
1333 871 1375 928 vel

276 971 389 1029 alterius
404 964 585 1028 servandas.²
625 968 667 1027 Hi
680 979 775 1026 tamen
788 984 888 1024 omnes
899 976 996 1025 contra
1005 969 1216 1042 aequivocarum
1230 988 1334 1028 vocum
1348 981 1375 1026 et

277 1071 485 1128 restrictionum
498 1070 663 1128 mentalium
675 1087 758 1126 usum
773 1063 866 1124 studio
879 1067 1042 1126 vehementi
1055 1069 1194 1146 flagrant!

320 1173 386 1227 175.
410 1169 593 1228 Mendacium
615 1187 700 1227 omne
722 1185 786 1224 esse
808 1176 954 1242 peccatum
976 1185 1013 1226 ex
1029 1169 1093 1245 ipso
1107 1177 1212 1226 naturae
1227 1168 1373 1236 instinctu,

278 1285 335 1342 quo
357 1271 526 1328 mentientes
549 1268 645 1346 pudet,
666 1277 750 1325 etex
771 1265 866 1322 divina
888 1267 1041 1342 Scripturas
1063 1269 1226 1325 auctoritate
1247 1276 1373 1326 constat:

279 1367 377 1424 “Non
400 1369 587 1436 mentiemini,
611 1385 664 1425 nec
691 1366 815 1440 decipiet
839 1366 1037 1438 unusquisque
1058 1367 1219 1444 proximum
1242 1363 1376 1423 suum.”³

280 1466 415 1524 “Perdes
436 1485 536 1525 omues
557 1469 608 1542 qui
628 1466 782 1539 loquuntur
802 1460 1031 1523 mendacium.’'⁴
1072 1465 1204 1523 “Falsus
1225 1465 1305 1522 testis
1319 1484 1376 1523 non

278 1566 331 1622 erit
344 1567 510 1640 impunitus,
525 1576 553 1623 et
566 1567 615 1639 qui
627 1565 752 1637 loquitur
765 1563 912 1621 mendacia
924 1558 1076 1641 peribit.''⁵
1117 1573 1136 1600 ‘⁴
1149 1565 1248 1624 Nolite
1263 1566 1375 1621 mentiri

279 1657 450 1720 invicem.''⁶
479 1673 497 1698 ‘⁶
508 1665 693 1741 Deponentes
701 1660 891 1730 mendacium,
902 1663 1051 1736 loquimini
1067 1665 1212 1722 veritatem
1224 1664 1374 1736 unusquis-

279 1779 333 1834 que
343 1781 408 1822 cum
422 1765 554 1838 proximo
568 1756 669 1821 suo.”⁷
710 1761 782 1819 Haec
796 1763 825 1818 in
839 1763 1003 1819 universum
1017 1764 1169 1838 prohibent
1184 1762 1372 1820 mendacium.

280 1861 378 1920 Patres
393 1864 499 1940 passim
513 1863 653 1922 extollunt
663 1870 812 1936 martyres,
821 1860 898 1931 qnod
906 1879 942 1918 ne
951 1863 1135 1921 mentirentur
1143 1864 1216 1920 mori
1226 1862 1370 1938 elegerint.

281 1969 300 1996 ‘⁴
313 1961 415 2021 Vivere
424 1963 558 2022 nolumus
568 1949 883 2027 obstricti‘mendacioss’
896 1961 987 2033 inquit
996 1960 1016 2018 J
1017 1962 1137 2030 ustinus,
1146 1961 1375 2018 Christianorum

280 2061 408 2120 animum
429 2061 592 2137 explicans:
616 2071 634 2098 ‘⁶
647 2061 694 2118 Ne
715 2059 894 2127 mentiamur,
917 2069 964 2117 aut
984 2079 1034 2118 eos
1048 2061 1098 2133 qui
1111 2062 1286 2138 interrogant
1301 2059 1373 2117 deci-

280 2160 403 2234 piamus,
417 2160 537 2217 libenter
550 2158 699 2217 Christum
713 2157 875 2216 confitendo
889 2155 1075 2218 morimur.”⁸

324 2262 391 2317 176.
413 2259 537 2318 Sensum
555 2259 687 2318 intimum
707 2265 735 2315 et
753 2259 957 2316 conscientiam
979 2259 1205 2338 uniuscujusque
1226 2258 1294 2315 huie
1314 2257 1376 2315 doc-

283 2357 360 2413 trinae
375 2357 522 2433 suffragari
535 2358 680 2416 indubium
701 2367 753 2414 est.
795 2357 940 2428 Equidem
963 2368 1007 2416 est
1026 2368 1124 2417 contra
1143 2359 1232 2416 finem
1245 2357 1375 2430 loquelae,

282 2457 332 2528 qui
346 2465 432 2514 estut
451 2457 581 2515 homines
601 2475 652 2514 sue
671 2473 755 2514 sensa
774 2457 828 2514 sibi
848 2457 969 2515 invicem
991 2459 1221 2518 communicent:
1241 2469 1377 2534 repugnat

282 2555 368 2612 etiam
381 2555 497 2614 humani
511 2558 622 2634 generis
635 2557 711 2614 bono
725 2564 754 2613 et
766 2555 909 2624 felicitati3
931 2558 1003 2616 tollit
1022 2559 1098 2616 enim
1120 2557 1206 2615 fidem
1221 2575 1338 2615 omnem
1351 2567 1377 2614 et

282 2656 471 2724 securitatem,
486 2666 514 2714 et
526 2657 690 2716 dulcissimo
710 2656 860 2714 verborum
883 2657 984 2716 solatio
1004 2676 1057 2716 nos
1077 2660 1177 2734 privat,
1192 2657 1279 2715 fidem
1294 2656 1375 2714 dietis

280 2756 430 2832 abrogans.
472 2758 576 2825 “Quia
594 2757 682 2816 homo
702 2765 745 2813 est
766 2757 870 2814 animal
889 2757 1005 2827 sociale,
1026 2757 1188 2815 naturaliter
1200 2776 1275 2815 unus
1289 2757 1376 2815 homo

282 2855 366 2912 debet
379 2856 458 2915 alteri
471 2856 500 2914 id
516 2859 578 2915 sine
592 2875 649 2930 quo
671 2857 791 2914 societas
814 2856 939 2914 humane
958 2857 1063 2914 servari
1083 2875 1142 2915 non
1156 2867 1265 2934 posset.
1310 2856 1376 2914 Nou

283 2961 375 3009 eutem
390 2965 508 3028 possent
520 2955 650 3012 homines
664 2937 820 3012 adinvicem
835 2955 995 3024 convivere,
1007 2957 1064 3014 nisi
1077 2957 1130 3014 sibi
1145 2955 1269 3014 invicem
1282 2955 1375 3014 crede·

282 3058 353 3115 rent,
368 3059 511 3122 tamquam
525 3053 579 3110 sibi
594 3053 716 3110 invicem
727 3055 873 3113 veritatem
885 3048 1179 3114 manifestantibus.'’⁹
1198 3055 1271 3120 Quae
1282 3065 1374 3113 autem

286 3146 441 3205 afferuntur
453 3167 490 3212 ex
504 3151 657 3226 Scripturis
671 3153 803 3228 exempla
816 3158 874 3213 n'on
889 3157 1008 3232 probant
1027 3154 1175 3214 mendacia
1194 3155 1260 3213 Deo
1280 3165 1373 3232 grata3

283 3265 348 3304 nam
363 3249 526 3309 obstetrices
545 3249 737 3328 AEgyptieoae,
758 3253 794 3310 ob
807 3255 894 3312 animi
908 3254 1111 3313 humanitatem
1125 3264 1153 3313 et
1166 3253 1298 3312 affectum
1313 3272 1375 3330 erga

283 3346 402 3406 infantes
413 3348 612 3419 israelitarum,
624 3353 741 3426 premio
755 3353 784 3409 in
794 3352 847 3411 hac
857 3354 914 3410 vita
927 3354 1035 3412 affectae
1049 3364 1125 3423 sunt,
1141 3355 1186 3413 vel
1193 3354 1273 3432 prole
1283 3353 1374 3410 ditate

320 3517 360 3584 (l)
381 3525 395 3549 “
403 3518 425 3568 lt
436 3519 457 3568 is
469 3519 552 3570 lewful
564 3526 589 3570 to
601 3521 642 3571 tell
652 3536 666 3569 a
678 3520 709 3570 lie
720 3526 745 3570 to
755 3537 800 3570 our
816 3520 958 3583 neighbour
973 3523 1006 3585 by
1018 3528 1127 3582 consent,
1145 3521 1261 3587 provided
1277 3519 1320 3570 the
1330 3519 1376 3570 end

282 3605 312 3653 be
323 3605 441 3654 innocent
452 3622 479 3654 or
489 3605 641 3670 picus—'1¹0
654 3607 695 3656 tell
707 3623 722 3656 a
739 3609 771 3657 lie
787 3608 824 3657 sor
840 3607 944 3672 charity,
955 3615 982 3657 ιο
993 3623 1076 3658 mvsa
1093 3607 1173 3658 men's
1190 3607 1325 3658 life—bath
1335 3613 1376 3656 uot

282 3688 341 3749 only
353 3689 415 3736 bean
426 3689 490 3736 done
498 3689 525 3738 in
535 3690 567 3739 all
579 3691 656 3749 umes,
675 3693 719 3741 but
729 3692 887 3742 commended
901 3693 933 3756 by
945 3699 1013 3754 great
1023 3691 1072 3742 aud
1084 3693 1143 3742 wise
1161 3693 1210 3742 au‘d
1225 3691 1289 3755 good
1301 3688 1378 3742 men.''

283 3773 379 3826 Ductor
390 3772 583 3834 Dubitantium,
593 3776 607 3824 1.
619 3777 653 3825 iii.
665 3793 686 3826 e.
697 3778 722 3826 ii.
733 3779 790 3827 Vol.
801 3779 826 3828 ii.
835 3795 859 3843 p.
872 3781 915 3828 85.

320 3861 362 3927 (2)
383 3866 397 3890 ‘⁶
408 3859 497 3910 Where
508 3859 549 3911 the
561 3876 648 3927 person
664 3869 688 3911 to
699 3861 782 3912 whom
793 3878 844 3926 you
862 3865 937 3927 spealr
948 3863 992 3914 has
1004 3879 1037 3916 uo
1048 3863 1115 3926 right
1126 3872 1152 3913 ιο
1163 3864 1237 3914 know
1249 3862 1291 3912 the
1303 3859 1376 3918 truth,

284 3963 311 3997 or
322 3964 389 4000 more
401 3950 519 4014 properly,
530 3947 611 3998 where
623 3947 684 3998 little
696 3963 722 3997 or
734 3963 767 3998 no
780 3947 972 4000 inconvenience
983 3932 1143 3998 resultsirom
1155 3948 1196 3998 the
1208 3954 1276 3998 want
1286 3933 1377 3995 oleon·

283 4033 378 4084 fideuce
389 4035 416 4084 in
427 4035 489 4086 such
501 4051 585 4095 cases,
602 4050 629 4084 as
641 4033 713 4083 when
730 4049 781 4098 you
799 4032 842 4082 tell
854 4049 868 4083 a
879 4032 1004 4084 seisehood
1022 4042 1046 4084 ιο
1059 4051 1073 4084 a
1084 4034 1199 4083 madman
1218 4033 1255 4082 sor
1271 4030 1311 4081 his
1322 4043 1377 4080 own

284 4117 434 4180 advenum
451 4127 476 4170 ιο
489 4122 597 4172 arobber
608 4128 633 4172 ιο
648 4120 747 4172 couceel
758 4135 822 4186 your
834 4127 961 4184 property;
979 4125 1004 4169 to
1013 4135 1045 4170 an
1058 4119 1165 4170 assasdn
1176 4126 1201 4169 ιο
1212 4117 1299 4175 dalem,
1317 4129 1343 4165 or
1353 4121 1377 4163 ιο

285 4202 362 4252 divert
372 4202 424 4252 him
435 4203 498 4253 stom
509 4203 548 4254 his
559 4205 687 4270 purpose.”
721 4205 801 4257 Moral
813 4204 879 4256 Phil.
893 4206 909 4254 l.
919 4205 944 4255 ii.
956 4220 977 4253 c.
989 4219 1030 4253 xv.

320 4286 362 4350 (3)
382 4285 442 4334 Les.
454 4287 505 4336 rix.
520 4288 557 4335 11.
828 4289 866 4356 (4)
887 4289 928 4338 Pe.
938 4303 961 4336 v.
974 4290 999 4336 6.

320 4372 363 4437 (5)
383 4369 516 4420 Prouxir.
529 4374 552 4420 9.
829 4377 871 4441 (6)
893 4373 1030 4424 ΟοΙοεε.ἰίἰ.
1043 4375 1067 4420 9.

319 4457 362 4522 (7)
382 4455 447 4521 Eph
459 4456 491 4506 iv.
503 4459 544 4506 25.
826 4460 867 4526 (8)
887 4461 960 4525 Apol.
969 4459 985 4508 i.
997 4474 1021 4508 n.
1037 4457 1060 4517 8,
1072 4459 1113 4507 39.

317 4543 357 4606 (9)
377 4541 403 4590 S.
416 4541 506 4592 Thom.
516 4543 540 4590 2.
551 4545 597 4590 tte.
609 4558 650 4606 qu.
663 4544 711 4594 cix.
723 4551 769 4594 ert.
780 4544 814 4594 iii.
828 4543 996 4610 reprimam.
