<?xml version="1.0" encoding="UTF-8"?>
<!DOCTYPE html PUBLIC "-//W3C//DTD XHTML 1.0 Transitional//EN"
    "http://www.w3.org/TR/xhtml1/DTD/xhtml1-transitional.dtd">
<html xmlns="http://www.w3.org/1999/xhtml" xml:lang="en" lang="en">
 <head>
  <title>
</title>
<meta http-equiv="Content-Type" content="text/html;charset=utf-8" />
  <meta name='ocr-system' content='tesseract 3.04.00' />
  <meta name='ocr-capabilities' content='ocr_page ocr_carea ocr_par ocr_line ocrx_word'/>
</head>
<body>
  <div class='ocr_page' id='page_1' title='image "./theologiaemoral03kenrgoog_0042.png"; bbox 0 0 3146 5266; ppageno 0'>
   <div class='ocr_carea' id='block_1_1' title="bbox 542 482 1267 546">
    <p class='ocr_par' dir='ltr' id='par_1_1' title="bbox 542 482 1267 546">
     <span class='ocr_line' id='line_1_1' title="bbox 542 482 1267 546; baseline 0.007 -5"><span class='ocrx_word' id='word_1_1' title='bbox 542 484 598 543; x_wconf 90' lang='lat' dir='ltr'>DE</span> <span class='ocrx_word' id='word_1_2' title='bbox 621 482 898 543; x_wconf 80' lang='lat' dir='ltr'><strong>IGNORANTIA.</strong></span> <span class='ocrx_word' id='word_1_3' title='bbox 1227 493 1267 546; x_wconf 81' lang='lat'>23</span> 
     </span>
    </p>
   </div>
   <div class='ocr_carea' id='block_1_2' title="bbox 177 646 1274 4172">
    <p class='ocr_par' dir='ltr' id='par_1_2' title="bbox 177 646 1274 1413">
     <span class='ocr_line' id='line_1_2' title="bbox 179 646 1272 724; baseline 0.002 -18"><span class='ocrx_word' id='word_1_4' title='bbox 179 649 294 715; x_wconf 87' lang='lat' dir='ltr'>cautela,</span> <span class='ocrx_word' id='word_1_5' title='bbox 308 647 417 724; x_wconf 88' lang='lat' dir='ltr'>passim</span> <span class='ocrx_word' id='word_1_6' title='bbox 430 665 528 704; x_wconf 85' lang='lat' dir='ltr'>carnes</span> <span class='ocrx_word' id='word_1_7' title='bbox 542 646 712 706; x_wconf 74' lang='lat' dir='ltr'>manducent</span> <span class='ocrx_word' id='word_1_8' title='bbox 724 647 823 705; x_wconf 85' lang='lat' dir='ltr'>diebus</span> <span class='ocrx_word' id='word_1_9' title='bbox 837 648 978 716; x_wconf 90' lang='lat' dir='ltr'>omnibus,</span> <span class='ocrx_word' id='word_1_10' title='bbox 989 655 1090 723; x_wconf 76' lang='lat' dir='ltr'>prater</span> <span class='ocrx_word' id='word_1_11' title='bbox 1099 647 1174 706; x_wconf 88' lang='lat' dir='ltr'>diem</span> <span class='ocrx_word' id='word_1_12' title='bbox 1189 669 1272 708; x_wconf 90' lang='lat' dir='ltr'>vene·</span> 
     </span>
     <span class='ocr_line' id='line_1_3' title="bbox 178 746 1274 823; baseline 0.002 -19"><span class='ocrx_word' id='word_1_13' title='bbox 178 749 235 804; x_wconf 89' lang='lat' dir='ltr'>ris:</span> <span class='ocrx_word' id='word_1_14' title='bbox 258 766 321 818; x_wconf 78' lang='lat' dir='ltr'>quae</span> <span class='ocrx_word' id='word_1_15' title='bbox 346 746 532 818; x_wconf 89' lang='lat' dir='ltr'>quommdam</span> <span class='ocrx_word' id='word_1_16' title='bbox 552 746 736 813; x_wconf 84' lang='lat' dir='ltr'>consuetudo,</span> <span class='ocrx_word' id='word_1_17' title='bbox 763 747 848 803; x_wconf 92' lang='lat' dir='ltr'>veluti</span> <span class='ocrx_word' id='word_1_18' title='bbox 861 765 914 803; x_wconf 88' lang='lat' dir='ltr'>suo</span> <span class='ocrx_word' id='word_1_19' title='bbox 939 747 1051 804; x_wconf 90' lang='lat' dir='ltr'>arbitrio</span> <span class='ocrx_word' id='word_1_20' title='bbox 1072 748 1219 823; x_wconf 86' lang='lat' dir='ltr'>jejunandi</span> <span class='ocrx_word' id='word_1_21' title='bbox 1246 759 1274 806; x_wconf 88' lang='lat' dir='ltr'>et</span> 
     </span>
     <span class='ocr_line' id='line_1_4' title="bbox 179 844 1270 920; baseline 0.003 -19"><span class='ocrx_word' id='word_1_22' title='bbox 179 845 337 903; x_wconf 90' lang='lat' dir='ltr'>abstinendi</span> <span class='ocrx_word' id='word_1_23' title='bbox 345 845 407 901; x_wconf 88' lang='lat' dir='ltr'>aliis</span> <span class='ocrx_word' id='word_1_24' title='bbox 415 844 514 902; x_wconf 90' lang='lat' dir='ltr'>diebus</span> <span class='ocrx_word' id='word_1_25' title='bbox 521 844 721 920; x_wconf 88' lang='lat' dir='ltr'>obligationem</span> <span class='ocrx_word' id='word_1_26' title='bbox 729 845 895 911; x_wconf 87' lang='lat' dir='ltr'>tollentium,</span> <span class='ocrx_word' id='word_1_27' title='bbox 903 844 1056 903; x_wconf 90' lang='lat' dir='ltr'>nullimode</span> <span class='ocrx_word' id='word_1_28' title='bbox 1064 846 1270 920; x_wconf 89' lang='lat' dir='ltr'>probandaest:</span> 
     </span>
     <span class='ocr_line' id='line_1_5' title="bbox 178 942 1268 1020; baseline 0.004 -21"><span class='ocrx_word' id='word_1_29' title='bbox 178 943 229 1000; x_wconf 88' lang='lat' dir='ltr'>sed</span> <span class='ocrx_word' id='word_1_30' title='bbox 243 945 267 999; x_wconf 89' lang='lat' dir='ltr'>si</span> <span class='ocrx_word' id='word_1_31' title='bbox 280 943 425 1020; x_wconf 84' lang='lat' dir='ltr'>diligentia</span> <span class='ocrx_word' id='word_1_32' title='bbox 447 943 614 1020; x_wconf 89' lang='lat' dir='ltr'>plemmque</span> <span class='ocrx_word' id='word_1_33' title='bbox 637 943 771 1012; x_wconf 90' lang='lat' dir='ltr'>adhibita,</span> <span class='ocrx_word' id='word_1_34' title='bbox 786 942 936 1014; x_wconf 90' lang='lat' dir='ltr'>aliquando</span> <span class='ocrx_word' id='word_1_35' title='bbox 958 963 1024 1000; x_wconf 91' lang='lat' dir='ltr'>casu</span> <span class='ocrx_word' id='word_1_36' title='bbox 1046 945 1196 1011; x_wconf 88' lang='lat' dir='ltr'>omittatur,</span> <span class='ocrx_word' id='word_1_37' title='bbox 1211 964 1268 1003; x_wconf 92' lang='lat' dir='ltr'>non</span> 
     </span>
     <span class='ocr_line' id='line_1_6' title="bbox 178 1038 1270 1120; baseline 0.002 -22"><span class='ocrx_word' id='word_1_38' title='bbox 178 1042 353 1099; x_wconf 90' lang='lat' dir='ltr'>eruntfacile</span> <span class='ocrx_word' id='word_1_39' title='bbox 376 1041 466 1117; x_wconf 85' lang='lat' dir='ltr'>culpae</span> <span class='ocrx_word' id='word_1_40' title='bbox 486 1038 647 1099; x_wconf 89' lang='lat' dir='ltr'>damnandi.</span> <span class='ocrx_word' id='word_1_41' title='bbox 690 1041 786 1099; x_wconf 89' lang='lat' dir='ltr'>Facile</span> <span class='ocrx_word' id='word_1_42' title='bbox 809 1042 894 1098; x_wconf 88' lang='lat' dir='ltr'>etiarn</span> <span class='ocrx_word' id='word_1_43' title='bbox 917 1051 1085 1100; x_wconf 78' lang='lat' dir='ltr'>excusantur</span> <span class='ocrx_word' id='word_1_44' title='bbox 1107 1043 1155 1114; x_wconf 88' lang='lat' dir='ltr'>qui</span> <span class='ocrx_word' id='word_1_45' title='bbox 1177 1043 1270 1120; x_wconf 83' lang='lat' dir='ltr'>legere</span> 
     </span>
     <span class='ocr_line' id='line_1_7' title="bbox 177 1139 1270 1214; baseline 0.001 -17"><span class='ocrx_word' id='word_1_46' title='bbox 177 1159 235 1198; x_wconf 92' lang='lat' dir='ltr'>non</span> <span class='ocrx_word' id='word_1_47' title='bbox 248 1149 359 1207; x_wconf 90' lang='lat' dir='ltr'>norunt,</span> <span class='ocrx_word' id='word_1_48' title='bbox 375 1148 403 1195; x_wconf 91' lang='lat' dir='ltr'>et</span> <span class='ocrx_word' id='word_1_49' title='bbox 411 1141 484 1197; x_wconf 88' lang='lat' dir='ltr'>inter</span> <span class='ocrx_word' id='word_1_50' title='bbox 491 1139 673 1197; x_wconf 84' lang='lat' dir='ltr'>Acatholicos</span> <span class='ocrx_word' id='word_1_51' title='bbox 680 1149 835 1208; x_wconf 81' lang='lat' dir='ltr'>vetantur,</span> <span class='ocrx_word' id='word_1_52' title='bbox 845 1141 1044 1212; x_wconf 89' lang='lat' dir='ltr'>neminemque</span> <span class='ocrx_word' id='word_1_53' title='bbox 1052 1140 1211 1214; x_wconf 89' lang='lat' dir='ltr'>habentqui</span> <span class='ocrx_word' id='word_1_54' title='bbox 1220 1161 1270 1200; x_wconf 88' lang='lat' dir='ltr'>eos</span> 
     </span>
     <span class='ocr_line' id='line_1_8' title="bbox 178 1237 1271 1316; baseline 0.001 -20"><span class='ocrx_word' id='word_1_55' title='bbox 178 1249 292 1296; x_wconf 90' lang='lat' dir='ltr'>moneat</span> <span class='ocrx_word' id='word_1_56' title='bbox 304 1238 439 1296; x_wconf 82' lang='lat' dir='ltr'>festorum</span> <span class='ocrx_word' id='word_1_57' title='bbox 452 1240 498 1295; x_wconf 92' lang='lat' dir='ltr'>vel</span> <span class='ocrx_word' id='word_1_58' title='bbox 511 1237 674 1295; x_wconf 85' lang='lat' dir='ltr'>esurialium</span> <span class='ocrx_word' id='word_1_59' title='bbox 694 1237 813 1296; x_wconf 88' lang='lat' dir='ltr'>dierum.</span> <span class='ocrx_word' id='word_1_60' title='bbox 856 1239 890 1296; x_wconf 87' lang='lat' dir='ltr'>Si</span> <span class='ocrx_word' id='word_1_61' title='bbox 902 1239 1019 1296; x_wconf 89' lang='lat' dir='ltr'>venialis</span> <span class='ocrx_word' id='word_1_62' title='bbox 1033 1238 1116 1297; x_wconf 88' lang='lat' dir='ltr'>suerit</span> <span class='ocrx_word' id='word_1_63' title='bbox 1128 1241 1271 1316; x_wconf 87' lang='lat' dir='ltr'>negligen-</span> 
     </span>
     <span class='ocr_line' id='line_1_9' title="bbox 179 1335 1043 1413; baseline 0 -20"><span class='ocrx_word' id='word_1_64' title='bbox 179 1338 215 1393; x_wconf 92' lang='lat' dir='ltr'>tia</span> <span class='ocrx_word' id='word_1_65' title='bbox 229 1335 368 1403; x_wconf 90' lang='lat' dir='ltr'>discendi,</span> <span class='ocrx_word' id='word_1_66' title='bbox 383 1357 400 1393; x_wconf 89' lang='lat' dir='ltr'>a</span> <span class='ocrx_word' id='word_1_67' title='bbox 412 1337 495 1413; x_wconf 93' lang='lat' dir='ltr'>culpa</span> <span class='ocrx_word' id='word_1_68' title='bbox 508 1337 629 1412; x_wconf 82' lang='lat' dir='ltr'>graviori</span> <span class='ocrx_word' id='word_1_69' title='bbox 642 1336 714 1412; x_wconf 89' lang='lat' dir='ltr'>legis</span> <span class='ocrx_word' id='word_1_70' title='bbox 727 1337 841 1394; x_wconf 86' lang='lat' dir='ltr'>violatio</span> <span class='ocrx_word' id='word_1_71' title='bbox 854 1338 1043 1396; x_wconf 80' lang='lat' dir='ltr'>excusabitur.</span> 
     </span>
    </p>

    <p class='ocr_par' dir='ltr' id='par_1_3' title="bbox 178 1435 1274 3085">
     <span class='ocr_line' id='line_1_10' title="bbox 219 1435 1268 1511; baseline 0.003 -19"><span class='ocrx_word' id='word_1_72' title='bbox 219 1440 268 1492; x_wconf 84' lang='lat'>35.</span> <span class='ocrx_word' id='word_1_73' title='bbox 292 1435 453 1510; x_wconf 84' lang='lat' dir='ltr'>Ignorantia</span> <span class='ocrx_word' id='word_1_74' title='bbox 475 1437 601 1493; x_wconf 91' lang='lat' dir='ltr'>muneris</span> <span class='ocrx_word' id='word_1_75' title='bbox 624 1435 701 1507; x_wconf 91' lang='lat' dir='ltr'>quod</span> <span class='ocrx_word' id='word_1_76' title='bbox 724 1437 787 1507; x_wconf 85' lang='lat' dir='ltr'>quis</span> <span class='ocrx_word' id='word_1_77' title='bbox 814 1437 933 1511; x_wconf 83' lang='lat' dir='ltr'>suscipit</span> <span class='ocrx_word' id='word_1_78' title='bbox 958 1437 1169 1494; x_wconf 87' lang='lat' dir='ltr'>excusationem</span> <span class='ocrx_word' id='word_1_79' title='bbox 1192 1436 1268 1495; x_wconf 91' lang='lat' dir='ltr'>haud</span> 
     </span>
     <span class='ocr_line' id='line_1_11' title="bbox 178 1532 1271 1610; baseline 0.002 -19"><span class='ocrx_word' id='word_1_80' title='bbox 178 1533 260 1591; x_wconf 87' lang='lat' dir='ltr'>facile</span> <span class='ocrx_word' id='word_1_81' title='bbox 274 1532 403 1600; x_wconf 88' lang='lat' dir='ltr'>admittit,</span> <span class='ocrx_word' id='word_1_82' title='bbox 417 1536 574 1610; x_wconf 74' lang='lat' dir='ltr'>prasertim</span> <span class='ocrx_word' id='word_1_83' title='bbox 598 1535 623 1590; x_wconf 85' lang='lat' dir='ltr'>si</span> <span class='ocrx_word' id='word_1_84' title='bbox 646 1533 775 1590; x_wconf 87' lang='lat' dir='ltr'>mercede</span> <span class='ocrx_word' id='word_1_85' title='bbox 798 1545 913 1609; x_wconf 87' lang='lat' dir='ltr'>accepta</span> <span class='ocrx_word' id='word_1_86' title='bbox 934 1534 1004 1591; x_wconf 88' lang='lat' dir='ltr'>illud</span> <span class='ocrx_word' id='word_1_87' title='bbox 1025 1543 1164 1600; x_wconf 87' lang='lat' dir='ltr'>exerceat,</span> <span class='ocrx_word' id='word_1_88' title='bbox 1188 1535 1232 1591; x_wconf 92' lang='lat' dir='ltr'>vel</span> <span class='ocrx_word' id='word_1_89' title='bbox 1246 1537 1271 1594; x_wconf 89' lang='lat' dir='ltr'>si</span> 
     </span>
     <span class='ocr_line' id='line_1_12' title="bbox 181 1630 1271 1707; baseline 0.005 -21"><span class='ocrx_word' id='word_1_90' title='bbox 181 1633 278 1707; x_wconf 90' lang='lat' dir='ltr'>gravia</span> <span class='ocrx_word' id='word_1_91' title='bbox 297 1632 476 1690; x_wconf 90' lang='lat' dir='ltr'>incommoda</span> <span class='ocrx_word' id='word_1_92' title='bbox 501 1651 537 1689; x_wconf 92' lang='lat' dir='ltr'>ex</span> <span class='ocrx_word' id='word_1_93' title='bbox 560 1651 652 1689; x_wconf 89' lang='lat' dir='ltr'>errore</span> <span class='ocrx_word' id='word_1_94' title='bbox 676 1642 837 1703; x_wconf 89' lang='lat' dir='ltr'>sequantur.</span> <span class='ocrx_word' id='word_1_95' title='bbox 881 1630 1022 1690; x_wconf 87' lang='lat' dir='ltr'>“Omnes</span> <span class='ocrx_word' id='word_1_96' title='bbox 1049 1641 1177 1691; x_wconf 87' lang='lat' dir='ltr'>tenentur</span> <span class='ocrx_word' id='word_1_97' title='bbox 1199 1635 1271 1691; x_wconf 87' lang='lat' dir='ltr'>scire</span> 
     </span>
     <span class='ocr_line' id='line_1_13' title="bbox 181 1729 1270 1808; baseline 0.005 -23"><span class='ocrx_word' id='word_1_98' title='bbox 181 1731 372 1787; x_wconf 88' lang='lat' dir='ltr'>communiter</span> <span class='ocrx_word' id='word_1_99' title='bbox 384 1747 418 1786; x_wconf 90' lang='lat' dir='ltr'>ea</span> <span class='ocrx_word' id='word_1_100' title='bbox 430 1749 492 1800; x_wconf 86' lang='lat' dir='ltr'>quae</span> <span class='ocrx_word' id='word_1_101' title='bbox 505 1739 569 1786; x_wconf 87' lang='lat' dir='ltr'>sunt</span> <span class='ocrx_word' id='word_1_102' title='bbox 579 1729 655 1798; x_wconf 89' lang='lat' dir='ltr'>fidei,</span> <span class='ocrx_word' id='word_1_103' title='bbox 671 1739 700 1786; x_wconf 91' lang='lat' dir='ltr'>et</span> <span class='ocrx_word' id='word_1_104' title='bbox 718 1731 888 1788; x_wconf 86' lang='lat' dir='ltr'>universalia</span> <span class='ocrx_word' id='word_1_105' title='bbox 897 1731 970 1808; x_wconf 89' lang='lat' dir='ltr'>juris</span> <span class='ocrx_word' id='word_1_106' title='bbox 984 1743 1141 1807; x_wconf 83' lang='lat' dir='ltr'>praecepta:</span> <span class='ocrx_word' id='word_1_107' title='bbox 1165 1733 1270 1806; x_wconf 86' lang='lat' dir='ltr'>singuli</span> 
     </span>
     <span class='ocr_line' id='line_1_14' title="bbox 180 1823 1274 1904; baseline 0.004 -21"><span class='ocrx_word' id='word_1_108' title='bbox 180 1837 275 1887; x_wconf 88' lang='lat' dir='ltr'>antem</span> <span class='ocrx_word' id='word_1_109' title='bbox 289 1847 323 1884; x_wconf 90' lang='lat' dir='ltr'>ea</span> <span class='ocrx_word' id='word_1_110' title='bbox 336 1847 399 1900; x_wconf 86' lang='lat' dir='ltr'>quae</span> <span class='ocrx_word' id='word_1_111' title='bbox 413 1827 448 1884; x_wconf 91' lang='lat' dir='ltr'>ad</span> <span class='ocrx_word' id='word_1_112' title='bbox 461 1845 557 1884; x_wconf 84' lang='lat' dir='ltr'>eorum</span> <span class='ocrx_word' id='word_1_113' title='bbox 570 1837 681 1897; x_wconf 82' lang='lat' dir='ltr'>statum,</span> <span class='ocrx_word' id='word_1_114' title='bbox 696 1829 741 1886; x_wconf 92' lang='lat' dir='ltr'>vel</span> <span class='ocrx_word' id='word_1_115' title='bbox 764 1828 891 1886; x_wconf 89' lang='lat' dir='ltr'>officium</span> <span class='ocrx_word' id='word_1_116' title='bbox 913 1823 1087 1904; x_wconf 84' lang='lat' dir='ltr'>spectant.’&#39;¹</span> <span class='ocrx_word' id='word_1_117' title='bbox 1129 1828 1274 1902; x_wconf 88' lang='lat' dir='ltr'>Equidem</span> 
     </span>
     <span class='ocr_line' id='line_1_15' title="bbox 180 1926 1271 2004; baseline 0.002 -22"><span class='ocrx_word' id='word_1_118' title='bbox 180 1944 267 1983; x_wconf 92' lang='lat' dir='ltr'>nemo</span> <span class='ocrx_word' id='word_1_119' title='bbox 290 1935 399 1984; x_wconf 86' lang='lat' dir='ltr'>tenetur</span> <span class='ocrx_word' id='word_1_120' title='bbox 421 1927 555 1984; x_wconf 85' lang='lat' dir='ltr'>eximiam</span> <span class='ocrx_word' id='word_1_121' title='bbox 576 1945 691 2002; x_wconf 89' lang='lat' dir='ltr'>prorsus</span> <span class='ocrx_word' id='word_1_122' title='bbox 715 1947 747 1983; x_wconf 90' lang='lat' dir='ltr'>ac</span> <span class='ocrx_word' id='word_1_123' title='bbox 770 1926 941 2004; x_wconf 87' lang='lat' dir='ltr'>singularem</span> <span class='ocrx_word' id='word_1_124' title='bbox 954 1927 1084 2003; x_wconf 88' lang='lat' dir='ltr'>peritiam</span> <span class='ocrx_word' id='word_1_125' title='bbox 1098 1927 1163 1982; x_wconf 87' lang='lat' dir='ltr'>artis</span> <span class='ocrx_word' id='word_1_126' title='bbox 1186 1945 1271 1999; x_wconf 89' lang='lat' dir='ltr'>quam</span> 
     </span>
     <span class='ocr_line' id='line_1_16' title="bbox 179 2024 1273 2101; baseline 0.004 -21"><span class='ocrx_word' id='word_1_127' title='bbox 179 2025 326 2100; x_wconf 85' lang='lat' dir='ltr'>profitetur</span> <span class='ocrx_word' id='word_1_128' title='bbox 337 2025 449 2092; x_wconf 90' lang='lat' dir='ltr'>habere,</span> <span class='ocrx_word' id='word_1_129' title='bbox 464 2025 509 2081; x_wconf 91' lang='lat' dir='ltr'>vel</span> <span class='ocrx_word' id='word_1_130' title='bbox 523 2027 648 2082; x_wconf 84' lang='lat' dir='ltr'>muneris</span> <span class='ocrx_word' id='word_1_131' title='bbox 663 2045 719 2097; x_wconf 89' lang='lat' dir='ltr'>quo</span> <span class='ocrx_word' id='word_1_132' title='bbox 732 2025 866 2101; x_wconf 82' lang='lat' dir='ltr'>fungitur,</span> <span class='ocrx_word' id='word_1_133' title='bbox 880 2026 936 2083; x_wconf 87' lang='lat' dir='ltr'>nisi</span> <span class='ocrx_word' id='word_1_134' title='bbox 949 2026 1010 2101; x_wconf 85' lang='lat' dir='ltr'>ipse</span> <span class='ocrx_word' id='word_1_135' title='bbox 1024 2043 1055 2082; x_wconf 88' lang='lat' dir='ltr'>se</span> <span class='ocrx_word' id='word_1_136' title='bbox 1069 2024 1176 2082; x_wconf 89' lang='lat' dir='ltr'>adeam</span> <span class='ocrx_word' id='word_1_137' title='bbox 1189 2035 1273 2101; x_wconf 88' lang='lat' dir='ltr'>pacto</span> 
     </span>
     <span class='ocr_line' id='line_1_17' title="bbox 178 2123 1272 2200; baseline 0.002 -21"><span class='ocrx_word' id='word_1_138' title='bbox 178 2123 350 2200; x_wconf 87' lang='lat' dir='ltr'>adstringat:</span> <span class='ocrx_word' id='word_1_139' title='bbox 379 2123 430 2180; x_wconf 87' lang='lat' dir='ltr'>sed</span> <span class='ocrx_word' id='word_1_140' title='bbox 457 2123 601 2181; x_wconf 86' lang='lat' dir='ltr'>sufficiens</span> <span class='ocrx_word' id='word_1_141' title='bbox 627 2125 752 2181; x_wconf 90' lang='lat' dir='ltr'>muneris</span> <span class='ocrx_word' id='word_1_142' title='bbox 779 2123 930 2181; x_wconf 88' lang='lat' dir='ltr'>exercendi</span> <span class='ocrx_word' id='word_1_143' title='bbox 955 2125 1053 2181; x_wconf 92' lang='lat' dir='ltr'>notitia</span> <span class='ocrx_word' id='word_1_144' title='bbox 1079 2125 1113 2180; x_wconf 90' lang='lat' dir='ltr'>ab</span> <span class='ocrx_word' id='word_1_145' title='bbox 1139 2125 1272 2183; x_wconf 88' lang='lat' dir='ltr'>omnibus</span> 
     </span>
     <span class='ocr_line' id='line_1_18' title="bbox 178 2220 1268 2298; baseline 0.003 -21"><span class='ocrx_word' id='word_1_146' title='bbox 178 2224 310 2298; x_wconf 86' lang='lat' dir='ltr'>exigitur,</span> <span class='ocrx_word' id='word_1_147' title='bbox 337 2241 374 2280; x_wconf 92' lang='lat' dir='ltr'>ne</span> <span class='ocrx_word' id='word_1_148' title='bbox 400 2222 475 2280; x_wconf 89' lang='lat' dir='ltr'>fraus</span> <span class='ocrx_word' id='word_1_149' title='bbox 501 2222 550 2278; x_wconf 90' lang='lat' dir='ltr'>fiat</span> <span class='ocrx_word' id='word_1_150' title='bbox 575 2223 611 2279; x_wconf 90' lang='lat' dir='ltr'>iis</span> <span class='ocrx_word' id='word_1_151' title='bbox 634 2225 683 2293; x_wconf 88' lang='lat' dir='ltr'>qui</span> <span class='ocrx_word' id='word_1_152' title='bbox 715 2241 813 2280; x_wconf 89' lang='lat' dir='ltr'>eorum</span> <span class='ocrx_word' id='word_1_153' title='bbox 835 2241 960 2298; x_wconf 82' lang='lat' dir='ltr'>operam,</span> <span class='ocrx_word' id='word_1_154' title='bbox 983 2220 1113 2279; x_wconf 90' lang='lat' dir='ltr'>mercede</span> <span class='ocrx_word' id='word_1_155' title='bbox 1135 2224 1268 2297; x_wconf 78' lang='lat' dir='ltr'>praestita,</span> 
     </span>
     <span class='ocr_line' id='line_1_19' title="bbox 180 2320 1273 2394; baseline 0.002 -16"><span class='ocrx_word' id='word_1_156' title='bbox 180 2330 316 2393; x_wconf 87' lang='lat' dir='ltr'>quaerunt,</span> <span class='ocrx_word' id='word_1_157' title='bbox 340 2322 387 2378; x_wconf 90' lang='lat' dir='ltr'>vel</span> <span class='ocrx_word' id='word_1_158' title='bbox 409 2320 607 2377; x_wconf 89' lang='lat' dir='ltr'>detrimentum</span> <span class='ocrx_word' id='word_1_159' title='bbox 629 2331 767 2379; x_wconf 89' lang='lat' dir='ltr'>nascatur.</span> <span class='ocrx_word' id='word_1_160' title='bbox 812 2320 889 2379; x_wconf 90' lang='lat' dir='ltr'>Hinc</span> <span class='ocrx_word' id='word_1_161' title='bbox 912 2322 962 2394; x_wconf 95' lang='lat' dir='ltr'>qui</span> <span class='ocrx_word' id='word_1_162' title='bbox 984 2322 1050 2379; x_wconf 87' lang='lat' dir='ltr'>artis</span> <span class='ocrx_word' id='word_1_163' title='bbox 1072 2320 1205 2380; x_wconf 90' lang='lat' dir='ltr'>medendi</span> <span class='ocrx_word' id='word_1_164' title='bbox 1224 2323 1273 2380; x_wconf 83' lang='lat' dir='ltr'>vix</span> 
     </span>
     <span class='ocr_line' id='line_1_20' title="bbox 179 2419 1273 2494; baseline 0.002 -18"><span class='ocrx_word' id='word_1_165' title='bbox 179 2419 338 2477; x_wconf 89' lang='lat' dir='ltr'>rudimenta</span> <span class='ocrx_word' id='word_1_166' title='bbox 350 2419 494 2486; x_wconf 89' lang='lat' dir='ltr'>callentes,</span> <span class='ocrx_word' id='word_1_167' title='bbox 508 2437 572 2476; x_wconf 92' lang='lat' dir='ltr'>eam</span> <span class='ocrx_word' id='word_1_168' title='bbox 585 2421 750 2494; x_wconf 88' lang='lat' dir='ltr'>profitentur</span> <span class='ocrx_word' id='word_1_169' title='bbox 762 2429 790 2478; x_wconf 92' lang='lat' dir='ltr'>et</span> <span class='ocrx_word' id='word_1_170' title='bbox 803 2429 935 2478; x_wconf 85' lang='lat' dir='ltr'>exercent</span> <span class='ocrx_word' id='word_1_171' title='bbox 947 2438 1012 2478; x_wconf 90' lang='lat' dir='ltr'>cum</span> <span class='ocrx_word' id='word_1_172' title='bbox 1034 2420 1183 2477; x_wconf 85' lang='lat' dir='ltr'>manifesto</span> <span class='ocrx_word' id='word_1_173' title='bbox 1197 2421 1273 2478; x_wconf 86' lang='lat' dir='ltr'>infir·</span> 
     </span>
     <span class='ocr_line' id='line_1_21' title="bbox 179 2517 1273 2595; baseline 0.001 -20"><span class='ocrx_word' id='word_1_174' title='bbox 179 2537 290 2575; x_wconf 90' lang='lat' dir='ltr'>morum</span> <span class='ocrx_word' id='word_1_175' title='bbox 303 2519 368 2576; x_wconf 76' lang='lat' dir='ltr'>vita</span> <span class='ocrx_word' id='word_1_176' title='bbox 391 2517 564 2586; x_wconf 87' lang='lat' dir='ltr'>discrimine,</span> <span class='ocrx_word' id='word_1_177' title='bbox 588 2519 754 2594; x_wconf 84' lang='lat' dir='ltr'>gravissime</span> <span class='ocrx_word' id='word_1_178' title='bbox 777 2529 912 2595; x_wconf 85' lang='lat' dir='ltr'>peccant:</span> <span class='ocrx_word' id='word_1_179' title='bbox 936 2519 985 2591; x_wconf 92' lang='lat' dir='ltr'>qui</span> <span class='ocrx_word' id='word_1_180' title='bbox 1007 2518 1133 2576; x_wconf 88' lang='lat' dir='ltr'>advocati</span> <span class='ocrx_word' id='word_1_181' title='bbox 1157 2537 1273 2577; x_wconf 89' lang='lat' dir='ltr'>munere</span> 
     </span>
     <span class='ocr_line' id='line_1_22' title="bbox 179 2615 1273 2692; baseline 0.001 -19"><span class='ocrx_word' id='word_1_182' title='bbox 179 2615 340 2690; x_wconf 88' lang='lat' dir='ltr'>fungentes,</span> <span class='ocrx_word' id='word_1_183' title='bbox 363 2616 409 2673; x_wconf 91' lang='lat' dir='ltr'>vel</span> <span class='ocrx_word' id='word_1_184' title='bbox 421 2617 531 2683; x_wconf 80' lang='lat' dir='ltr'>notarii,</span> <span class='ocrx_word' id='word_1_185' title='bbox 546 2617 592 2673; x_wconf 90' lang='lat' dir='ltr'>vel</span> <span class='ocrx_word' id='word_1_186' title='bbox 604 2618 713 2685; x_wconf 83' lang='lat' dir='ltr'>scribae,</span> <span class='ocrx_word' id='word_1_187' title='bbox 727 2618 911 2676; x_wconf 79' lang='lat' dir='ltr'>inshrunenta</span> <span class='ocrx_word' id='word_1_188' title='bbox 932 2635 984 2675; x_wconf 91' lang='lat' dir='ltr'>sua</span> <span class='ocrx_word' id='word_1_189' title='bbox 1005 2618 1145 2692; x_wconf 88' lang='lat' dir='ltr'>imperitia</span> <span class='ocrx_word' id='word_1_190' title='bbox 1157 2617 1195 2673; x_wconf 88' lang='lat' dir='ltr'>ita</span> <span class='ocrx_word' id='word_1_191' title='bbox 1207 2637 1273 2674; x_wconf 92' lang='lat' dir='ltr'>con-</span> 
     </span>
     <span class='ocr_line' id='line_1_23' title="bbox 180 2715 1268 2787; baseline 0.002 -17"><span class='ocrx_word' id='word_1_192' title='bbox 180 2715 283 2770; x_wconf 88' lang='lat' dir='ltr'>ficiunt</span> <span class='ocrx_word' id='word_1_193' title='bbox 294 2723 326 2770; x_wconf 92' lang='lat' dir='ltr'>ut</span> <span class='ocrx_word' id='word_1_194' title='bbox 346 2715 444 2770; x_wconf 85' lang='lat' dir='ltr'>robore</span> <span class='ocrx_word' id='word_1_195' title='bbox 466 2725 585 2783; x_wconf 89' lang='lat' dir='ltr'>careant,</span> <span class='ocrx_word' id='word_1_196' title='bbox 600 2715 704 2773; x_wconf 91' lang='lat' dir='ltr'>damna</span> <span class='ocrx_word' id='word_1_197' title='bbox 726 2716 792 2772; x_wconf 90' lang='lat' dir='ltr'>inde</span> <span class='ocrx_word' id='word_1_198' title='bbox 815 2717 995 2773; x_wconf 88' lang='lat' dir='ltr'>obvenientia</span> <span class='ocrx_word' id='word_1_199' title='bbox 1016 2715 1268 2787; x_wconf 80' lang='lat' dir='ltr'>debentneparare.</span> 
     </span>
     <span class='ocr_line' id='line_1_24' title="bbox 182 2811 1274 2890; baseline 0 -20"><span class='ocrx_word' id='word_1_200' title='bbox 182 2813 240 2878; x_wconf 84' lang='lat' dir='ltr'>Qui</span> <span class='ocrx_word' id='word_1_201' title='bbox 254 2811 480 2870; x_wconf 86' lang='lat' dir='ltr'>confessionibus</span> <span class='ocrx_word' id='word_1_202' title='bbox 502 2813 677 2890; x_wconf 85' lang='lat' dir='ltr'>excipiendis</span> <span class='ocrx_word' id='word_1_203' title='bbox 701 2822 809 2881; x_wconf 89' lang='lat' dir='ltr'>vacant,</span> <span class='ocrx_word' id='word_1_204' title='bbox 824 2813 931 2870; x_wconf 89' lang='lat' dir='ltr'>ethices</span> <span class='ocrx_word' id='word_1_205' title='bbox 953 2811 1111 2868; x_wconf 79' lang='lat' dir='ltr'>christiana</span> <span class='ocrx_word' id='word_1_206' title='bbox 1134 2811 1274 2888; x_wconf 90' lang='lat' dir='ltr'>principia</span> 
     </span>
     <span class='ocr_line' id='line_1_25' title="bbox 179 2910 1271 2988; baseline 0.002 -20"><span class='ocrx_word' id='word_1_207' title='bbox 179 2922 207 2968; x_wconf 87' lang='lat' dir='ltr'>et</span> <span class='ocrx_word' id='word_1_208' title='bbox 218 2910 298 2987; x_wconf 88' lang='lat' dir='ltr'>leges</span> <span class='ocrx_word' id='word_1_209' title='bbox 312 2929 412 2986; x_wconf 90' lang='lat' dir='ltr'>parum</span> <span class='ocrx_word' id='word_1_210' title='bbox 425 2910 527 2978; x_wconf 90' lang='lat' dir='ltr'>edocti,</span> <span class='ocrx_word' id='word_1_211' title='bbox 542 2913 711 2988; x_wconf 85' lang='lat' dir='ltr'>gravissimo</span> <span class='ocrx_word' id='word_1_212' title='bbox 723 2922 868 2971; x_wconf 90' lang='lat' dir='ltr'>versantur</span> <span class='ocrx_word' id='word_1_213' title='bbox 881 2913 911 2970; x_wconf 90' lang='lat' dir='ltr'>in</span> <span class='ocrx_word' id='word_1_214' title='bbox 924 2911 1086 2970; x_wconf 88' lang='lat' dir='ltr'>discrimine</span> <span class='ocrx_word' id='word_1_215' title='bbox 1100 2928 1131 2967; x_wconf 86' lang='lat' dir='ltr'>se</span> <span class='ocrx_word' id='word_1_216' title='bbox 1145 2911 1271 2986; x_wconf 88' lang='lat' dir='ltr'>aliosque</span> 
     </span>
     <span class='ocr_line' id='line_1_26' title="bbox 179 3009 1023 3085; baseline 0 -18"><span class='ocrx_word' id='word_1_217' title='bbox 179 3009 327 3085; x_wconf 90' lang='lat' dir='ltr'>perdendi.</span> <span class='ocrx_word' id='word_1_218' title='bbox 1019 3069 1023 3076; x_wconf 72' lang='grc'><strong>,</strong></span> 
     </span>
    </p>

    <p class='ocr_par' dir='ltr' id='par_1_4' title="bbox 179 3109 1272 4172">
     <span class='ocr_line' id='line_1_27' title="bbox 219 3109 1272 3186; baseline 0.004 -21"><span class='ocrx_word' id='word_1_219' title='bbox 219 3113 268 3166; x_wconf 85' lang='grc'>36.</span> <span class='ocrx_word' id='word_1_220' title='bbox 292 3109 396 3166; x_wconf 88' lang='lat' dir='ltr'>Utrum</span> <span class='ocrx_word' id='word_1_221' title='bbox 411 3109 562 3181; x_wconf 89' lang='lat' dir='ltr'>aliquando</span> <span class='ocrx_word' id='word_1_222' title='bbox 574 3119 721 3186; x_wconf 89' lang='lat' dir='ltr'>peccatum</span> <span class='ocrx_word' id='word_1_223' title='bbox 745 3111 902 3169; x_wconf 90' lang='lat' dir='ltr'>admittatur</span> <span class='ocrx_word' id='word_1_224' title='bbox 924 3113 993 3183; x_wconf 91' lang='lat' dir='ltr'>quin</span> <span class='ocrx_word' id='word_1_225' title='bbox 1006 3112 1047 3168; x_wconf 91' lang='lat' dir='ltr'>rei</span> <span class='ocrx_word' id='word_1_226' title='bbox 1059 3110 1166 3168; x_wconf 89' lang='lat' dir='ltr'>malitia</span> <span class='ocrx_word' id='word_1_227' title='bbox 1183 3113 1272 3169; x_wconf 88' lang='lat' dir='ltr'>menti</span> 
     </span>
     <span class='ocr_line' id='line_1_28' title="bbox 179 3207 1272 3286; baseline 0.002 -22"><span class='ocrx_word' id='word_1_228' title='bbox 179 3207 318 3264; x_wconf 87' lang='lat' dir='ltr'>ullatenus</span> <span class='ocrx_word' id='word_1_229' title='bbox 332 3208 505 3277; x_wconf 88' lang='lat' dir='ltr'>obversetur,</span> <span class='ocrx_word' id='word_1_230' title='bbox 520 3208 663 3286; x_wconf 88' lang='lat' dir='ltr'>disputant</span> <span class='ocrx_word' id='word_1_231' title='bbox 676 3209 819 3286; x_wconf 87' lang='lat' dir='ltr'>theologi:</span> <span class='ocrx_word' id='word_1_232' title='bbox 844 3219 909 3270; x_wconf 86' lang='lat' dir='ltr'>sunt</span> <span class='ocrx_word' id='word_1_233' title='bbox 927 3212 1004 3268; x_wconf 91' lang='lat' dir='ltr'>enim</span> <span class='ocrx_word' id='word_1_234' title='bbox 1027 3211 1076 3282; x_wconf 86' lang='lat' dir='ltr'>qui</span> <span class='ocrx_word' id='word_1_235' title='bbox 1098 3216 1215 3265; x_wconf 79' lang='lat' dir='ltr'>censent</span> <span class='ocrx_word' id='word_1_236' title='bbox 1236 3209 1272 3266; x_wconf 93' lang='lat' dir='ltr'>de</span> 
     </span>
     <span class='ocr_line' id='line_1_29' title="bbox 180 3306 1272 3383; baseline 0.002 -21"><span class='ocrx_word' id='word_1_237' title='bbox 180 3306 326 3363; x_wconf 89' lang='lat' dir='ltr'>honestate</span> <span class='ocrx_word' id='word_1_238' title='bbox 340 3307 458 3365; x_wconf 90' lang='lat' dir='ltr'>actionis</span> <span class='ocrx_word' id='word_1_239' title='bbox 479 3326 693 3380; x_wconf 90' lang='lat' dir='ltr'>nonnumquam</span> <span class='ocrx_word' id='word_1_240' title='bbox 705 3308 778 3366; x_wconf 94' lang='lat' dir='ltr'>nihil</span> <span class='ocrx_word' id='word_1_241' title='bbox 792 3307 920 3377; x_wconf 88' lang='lat' dir='ltr'>dubitari,</span> <span class='ocrx_word' id='word_1_242' title='bbox 934 3309 1002 3367; x_wconf 88' lang='lat' dir='ltr'>licet</span> <span class='ocrx_word' id='word_1_243' title='bbox 1019 3325 1117 3364; x_wconf 84' lang='lat' dir='ltr'>revera</span> <span class='ocrx_word' id='word_1_244' title='bbox 1128 3308 1158 3364; x_wconf 91' lang='lat' dir='ltr'>in</span> <span class='ocrx_word' id='word_1_245' title='bbox 1173 3325 1272 3383; x_wconf 89' lang='lat' dir='ltr'>pecca·</span> 
     </span>
     <span class='ocr_line' id='line_1_30' title="bbox 180 3404 1272 3481; baseline 0.001 -20"><span class='ocrx_word' id='word_1_246' title='bbox 180 3413 238 3462; x_wconf 90' lang='lat' dir='ltr'>turn</span> <span class='ocrx_word' id='word_1_247' title='bbox 253 3404 424 3481; x_wconf 83' lang='lat' dir='ltr'>imputetur3</span> <span class='ocrx_word' id='word_1_248' title='bbox 447 3424 535 3477; x_wconf 91' lang='lat' dir='ltr'>quum</span> <span class='ocrx_word' id='word_1_249' title='bbox 549 3407 596 3464; x_wconf 92' lang='lat' dir='ltr'>alii</span> <span class='ocrx_word' id='word_1_250' title='bbox 611 3407 782 3466; x_wconf 89' lang='lat' dir='ltr'>contendant</span> <span class='ocrx_word' id='word_1_251' title='bbox 795 3407 945 3478; x_wconf 87' lang='lat' dir='ltr'>aliqualem</span> <span class='ocrx_word' id='word_1_252' title='bbox 958 3406 1160 3464; x_wconf 90' lang='lat' dir='ltr'>dubitationem</span> <span class='ocrx_word' id='word_1_253' title='bbox 1173 3405 1272 3462; x_wconf 87' lang='lat' dir='ltr'>saltem</span> 
     </span>
     <span class='ocr_line' id='line_1_31' title="bbox 180 3501 1272 3578; baseline 0 -20"><span class='ocrx_word' id='word_1_254' title='bbox 180 3504 286 3574; x_wconf 90' lang='lat' dir='ltr'>requiri</span> <span class='ocrx_word' id='word_1_255' title='bbox 298 3512 330 3560; x_wconf 90' lang='lat' dir='ltr'>ut</span> <span class='ocrx_word' id='word_1_256' title='bbox 340 3514 488 3578; x_wconf 91' lang='lat' dir='ltr'>peccatum</span> <span class='ocrx_word' id='word_1_257' title='bbox 502 3507 547 3562; x_wconf 92' lang='lat' dir='ltr'>sit.</span> <span class='ocrx_word' id='word_1_258' title='bbox 593 3513 613 3540; x_wconf 86' lang='lat'>“</span> <span class='ocrx_word' id='word_1_259' title='bbox 624 3504 747 3570; x_wconf 85' lang='lat' dir='ltr'>Quando</span> <span class='ocrx_word' id='word_1_260' title='bbox 760 3505 836 3561; x_wconf 90' lang='lat' dir='ltr'>nulla</span> <span class='ocrx_word' id='word_1_261' title='bbox 849 3505 910 3560; x_wconf 84' lang='lat' dir='ltr'>talis</span> <span class='ocrx_word' id='word_1_262' title='bbox 924 3503 1081 3578; x_wconf 87' lang='lat' dir='ltr'>cognitio,”</span> <span class='ocrx_word' id='word_1_263' title='bbox 1096 3502 1189 3570; x_wconf 91' lang='lat' dir='ltr'>inquit</span> <span class='ocrx_word' id='word_1_264' title='bbox 1202 3501 1272 3558; x_wconf 88' lang='lat' dir='ltr'>Sua·</span> 
     </span>
     <span class='ocr_line' id='line_1_32' title="bbox 181 3598 1272 3678; baseline 0.004 -22"><span class='ocrx_word' id='word_1_265' title='bbox 181 3603 284 3668; x_wconf 87' lang='lat' dir='ltr'>resins,</span> <span class='ocrx_word' id='word_1_266' title='bbox 301 3608 321 3634; x_wconf 90' lang='lat'>“</span> <span class='ocrx_word' id='word_1_267' title='bbox 331 3601 360 3657; x_wconf 91' lang='lat' dir='ltr'>in</span> <span class='ocrx_word' id='word_1_268' title='bbox 374 3612 497 3660; x_wconf 88' lang='lat' dir='ltr'>mentem</span> <span class='ocrx_word' id='word_1_269' title='bbox 507 3605 602 3672; x_wconf 87' lang='lat' dir='ltr'>subiit,</span> <span class='ocrx_word' id='word_1_270' title='bbox 615 3622 671 3674; x_wconf 92' lang='lat' dir='ltr'>qua</span> <span class='ocrx_word' id='word_1_271' title='bbox 680 3602 772 3678; x_wconf 85' lang='lat' dir='ltr'>possit</span> <span class='ocrx_word' id='word_1_272' title='bbox 779 3600 907 3658; x_wconf 89' lang='lat' dir='ltr'>voluntas</span> <span class='ocrx_word' id='word_1_273' title='bbox 917 3601 1033 3660; x_wconf 86' lang='lat' dir='ltr'>excitari</span> <span class='ocrx_word' id='word_1_274' title='bbox 1044 3598 1080 3657; x_wconf 94' lang='lat' dir='ltr'>ad</span> <span class='ocrx_word' id='word_1_275' title='bbox 1093 3599 1272 3672; x_wconf 88' lang='lat' dir='ltr'>quaerendam</span> 
     </span>
     <span class='ocr_line' id='line_1_33' title="bbox 181 3699 1272 3778; baseline 0.004 -23"><span class='ocrx_word' id='word_1_276' title='bbox 181 3700 340 3768; x_wconf 87' lang='lat' dir='ltr'>scientiam,</span> <span class='ocrx_word' id='word_1_277' title='bbox 354 3719 411 3758; x_wconf 90' lang='lat' dir='ltr'>non</span> <span class='ocrx_word' id='word_1_278' title='bbox 424 3703 510 3758; x_wconf 88' lang='lat' dir='ltr'>estin</span> <span class='ocrx_word' id='word_1_279' title='bbox 523 3710 660 3778; x_wconf 89' lang='lat' dir='ltr'>potestate</span> <span class='ocrx_word' id='word_1_280' title='bbox 673 3701 798 3760; x_wconf 89' lang='lat' dir='ltr'>hominis</span> <span class='ocrx_word' id='word_1_281' title='bbox 812 3717 843 3758; x_wconf 89' lang='lat' dir='ltr'>se</span> <span class='ocrx_word' id='word_1_282' title='bbox 857 3699 892 3756; x_wconf 93' lang='lat' dir='ltr'>ad</span> <span class='ocrx_word' id='word_1_283' title='bbox 904 3701 981 3759; x_wconf 88' lang='lat' dir='ltr'>illam</span> <span class='ocrx_word' id='word_1_284' title='bbox 994 3718 1118 3768; x_wconf 89' lang='lat' dir='ltr'>movere,</span> <span class='ocrx_word' id='word_1_285' title='bbox 1133 3709 1160 3756; x_wconf 93' lang='lat' dir='ltr'>et</span> <span class='ocrx_word' id='word_1_286' title='bbox 1172 3719 1272 3759; x_wconf 84' lang='lat' dir='ltr'>eonse-</span> 
     </span>
     <span class='ocr_line' id='line_1_34' title="bbox 181 3791 1272 3876; baseline 0.001 -21"><span class='ocrx_word' id='word_1_287' title='bbox 181 3809 299 3870; x_wconf 86' lang='lat' dir='ltr'>quanter</span> <span class='ocrx_word' id='word_1_288' title='bbox 311 3817 370 3857; x_wconf 92' lang='lat' dir='ltr'>non</span> <span class='ocrx_word' id='word_1_289' title='bbox 383 3808 476 3874; x_wconf 89' lang='lat' dir='ltr'>potest</span> <span class='ocrx_word' id='word_1_290' title='bbox 497 3800 560 3858; x_wconf 86' lang='lat' dir='ltr'>talis</span> <span class='ocrx_word' id='word_1_291' title='bbox 584 3801 741 3876; x_wconf 87' lang='lat' dir='ltr'>ignorantia</span> <span class='ocrx_word' id='word_1_292' title='bbox 762 3800 873 3858; x_wconf 90' lang='lat' dir='ltr'>homini</span> <span class='ocrx_word' id='word_1_293' title='bbox 895 3791 1074 3876; x_wconf 86' lang='lat' dir='ltr'>imputari.”1</span> <span class='ocrx_word' id='word_1_294' title='bbox 1116 3799 1174 3864; x_wconf 84' lang='lat' dir='ltr'>Qui</span> <span class='ocrx_word' id='word_1_295' title='bbox 1187 3801 1272 3874; x_wconf 90' lang='lat' dir='ltr'>igitur</span> 
     </span>
     <span class='ocr_line' id='line_1_35' title="bbox 180 3897 1269 3974; baseline 0.001 -22"><span class='ocrx_word' id='word_1_296' title='bbox 180 3915 240 3955; x_wconf 89' lang='lat' dir='ltr'>rem</span> <span class='ocrx_word' id='word_1_297' title='bbox 253 3899 379 3970; x_wconf 90' lang='lat' dir='ltr'>aliquam</span> <span class='ocrx_word' id='word_1_298' title='bbox 391 3897 458 3954; x_wconf 85' lang='lat' dir='ltr'>facit</span> <span class='ocrx_word' id='word_1_299' title='bbox 471 3917 556 3970; x_wconf 89' lang='lat' dir='ltr'>quam</span> <span class='ocrx_word' id='word_1_300' title='bbox 568 3898 644 3956; x_wconf 90' lang='lat' dir='ltr'>haud</span> <span class='ocrx_word' id='word_1_301' title='bbox 666 3900 825 3974; x_wconf 85' lang='lat' dir='ltr'>suspicatur</span> <span class='ocrx_word' id='word_1_302' title='bbox 846 3916 914 3974; x_wconf 82' lang='lat' dir='ltr'>esse¹</span> <span class='ocrx_word' id='word_1_303' title='bbox 931 3900 1075 3974; x_wconf 87' lang='lat' dir='ltr'>injustam,</span> <span class='ocrx_word' id='word_1_304' title='bbox 1089 3915 1148 3954; x_wconf 91' lang='lat' dir='ltr'>non</span> <span class='ocrx_word' id='word_1_305' title='bbox 1162 3907 1269 3971; x_wconf 79' lang='lat' dir='ltr'>peccat,</span> 
     </span>
     <span class='ocr_line' id='line_1_36' title="bbox 181 3993 1270 4073; baseline 0.002 -23"><span class='ocrx_word' id='word_1_306' title='bbox 181 3993 281 4054; x_wconf 89' lang='lat' dir='ltr'>homm</span> <span class='ocrx_word' id='word_1_307' title='bbox 296 3995 493 4072; x_wconf 85' lang='lat' dir='ltr'>theologorum</span> <span class='ocrx_word' id='word_1_308' title='bbox 502 3997 623 4073; x_wconf 88' lang='lat' dir='ltr'>judicio,</span> <span class='ocrx_word' id='word_1_309' title='bbox 637 3996 704 4054; x_wconf 90' lang='lat' dir='ltr'>licet</span> <span class='ocrx_word' id='word_1_310' title='bbox 716 3996 810 4054; x_wconf 85' lang='lat' dir='ltr'>forsan</span> <span class='ocrx_word' id='word_1_311' title='bbox 832 3998 863 4053; x_wconf 92' lang='lat' dir='ltr'>in</span> <span class='ocrx_word' id='word_1_312' title='bbox 875 4015 961 4054; x_wconf 85' lang='lat' dir='ltr'>causa</span> <span class='ocrx_word' id='word_1_313' title='bbox 972 3995 1139 4072; x_wconf 88' lang='lat' dir='ltr'>peccaverit.</span> <span class='ocrx_word' id='word_1_314' title='bbox 1182 3995 1240 4054; x_wconf 83' lang='lat' dir='ltr'>Alii</span> <span class='ocrx_word' id='word_1_315' title='bbox 1254 4015 1270 4052; x_wconf 91' lang='lat' dir='ltr'>e</span> 
     </span>
     <span class='ocr_line' id='line_1_37' title="bbox 182 4091 1269 4172; baseline 0.002 -24"><span class='ocrx_word' id='word_1_316' title='bbox 182 4103 278 4152; x_wconf 87' lang='lat' dir='ltr'>contra</span> <span class='ocrx_word' id='word_1_317' title='bbox 290 4095 390 4153; x_wconf 88' lang='lat' dir='ltr'>dicunt</span> <span class='ocrx_word' id='word_1_318' title='bbox 402 4113 468 4152; x_wconf 91' lang='lat' dir='ltr'>eum</span> <span class='ocrx_word' id='word_1_319' title='bbox 481 4105 544 4153; x_wconf 87' lang='lat' dir='ltr'>actu</span> <span class='ocrx_word' id='word_1_320' title='bbox 557 4113 673 4172; x_wconf 89' lang='lat' dir='ltr'>peccare</span> <span class='ocrx_word' id='word_1_321' title='bbox 685 4095 752 4153; x_wconf 89' lang='lat' dir='ltr'>licet</span> <span class='ocrx_word' id='word_1_322' title='bbox 764 4094 799 4151; x_wconf 91' lang='lat' dir='ltr'>de</span> <span class='ocrx_word' id='word_1_323' title='bbox 812 4093 938 4171; x_wconf 88' lang='lat' dir='ltr'>periculo</span> <span class='ocrx_word' id='word_1_324' title='bbox 951 4091 1088 4171; x_wconf 87' lang='lat' dir='ltr'>peccandi</span> <span class='ocrx_word' id='word_1_325' title='bbox 1100 4094 1141 4152; x_wconf 93' lang='lat' dir='ltr'>nil</span> <span class='ocrx_word' id='word_1_326' title='bbox 1154 4113 1269 4170; x_wconf 89' lang='lat' dir='ltr'>prorsus</span> 
     </span>
    </p>
   </div>
   <div class='ocr_carea' id='block_1_3' title="bbox 415 4260 1003 4410">
    <p class='ocr_par' dir='ltr' id='par_1_5' title="bbox 415 4260 1003 4410">
     <span class='ocr_line' id='line_1_38' title="bbox 418 4260 1003 4328; baseline 0.005 -21"><span class='ocrx_word' id='word_1_327' title='bbox 418 4261 461 4326; x_wconf 90' lang='lat'>(1)</span> <span class='ocrx_word' id='word_1_328' title='bbox 481 4261 507 4311; x_wconf 78' lang='lat' dir='ltr'>S.</span> <span class='ocrx_word' id='word_1_329' title='bbox 519 4260 609 4312; x_wconf 81' lang='lat' dir='ltr'>Thom.</span> <span class='ocrx_word' id='word_1_330' title='bbox 624 4263 644 4310; x_wconf 92' lang='lat' dir='ltr'>l.</span> <span class='ocrx_word' id='word_1_331' title='bbox 656 4265 679 4310; x_wconf 76' lang='lat'>2.</span> <span class='ocrx_word' id='word_1_332' title='bbox 692 4276 731 4324; x_wconf 91' lang='lat' dir='ltr'>qu.</span> <span class='ocrx_word' id='word_1_333' title='bbox 744 4260 819 4310; x_wconf 83' lang='lat' dir='ltr'>lxxvi.</span> <span class='ocrx_word' id='word_1_334' title='bbox 829 4269 871 4310; x_wconf 83' lang='lat' dir='ltr'>art.</span> <span class='ocrx_word' id='word_1_335' title='bbox 883 4260 917 4310; x_wconf 89' lang='lat'>11.</span> <span class='ocrx_word' id='word_1_336' title='bbox 929 4261 1003 4328; x_wconf 81' lang='lat' dir='ltr'>Rcap.</span> 
     </span>
     <span class='ocr_line' id='line_1_39' title="bbox 415 4344 906 4410; baseline 0.002 -18"><span class='ocrx_word' id='word_1_337' title='bbox 415 4347 455 4410; x_wconf 77' lang='lat'>(2)</span> <span class='ocrx_word' id='word_1_338' title='bbox 474 4344 906 4410; x_wconf 71' lang='lat' dir='ltr'>1n3p.to.1).480cas.n.1a</span> 
     </span>
    </p>
   </div>
   <div class='ocr_carea' id='block_1_4' title="bbox 0 0 1578 5266">
    <p class='ocr_par' dir='ltr' id='par_1_6' title="bbox 0 0 1578 5266">
     <span class='ocr_line' id='line_1_40' title="bbox 0 0 1578 5266; baseline 0 0"><span class='ocrx_word' id='word_1_339' title='bbox 0 0 1578 5266; x_wconf 95' lang='lat' dir='ltr'> </span> 
     </span>
    </p>
   </div>
  </div>
 </body>
</html>
