3068 5256
459 466 516 525 DE
539 464 710 525 OCTAVO
732 465 983 528 PRAEOEPTO.
1215 472 1270 526 149

174 637 323 710 terrogatio
336 636 393 693 nisi
407 634 585 710 precesserit
597 634 755 710 semiplena
773 636 912 710 probatio.
953 633 1099 692 Caeterum
1118 651 1182 706 quae
1196 599 1285 694 solet0

174 735 236 792 fieri
250 733 324 810 apud
337 753 390 792 nos
403 733 530 790 criminis
550 735 663 810 negatio
683 753 699 790 a
721 735 777 792 reis
797 733 907 792 videtur
925 735 1070 810 plerisque
1090 733 1262 800 excusanda,
1331 762 1337 780 ·

174 851 261 904 quum
275 841 443 890 censeantur
455 841 563 890 tantum
576 833 652 891 nolle
665 832 755 900 fateri,
771 833 901 905 quamvis
915 833 984 891 alias
997 833 1118 890 senserit
1131 827 1267 908 Taylor.¹

174 932 240 990 Non
253 932 382 990 licetrco
402 931 510 1004 aliquid
528 931 592 989 salsi
612 931 749 1008 prolerre,
763 941 795 989 ut
814 949 845 986 se
866 941 992 998 tueamr3
1013 929 1065 988 sed
1087 930 1172 989 debet
1193 930 1264 1006 legis

171 1030 336 1106 presidium
359 1031 521 1106 implorare,
543 1032 568 1087 si
590 1050 648 1103 qua
666 1029 718 1088 fiat
737 1032 930 1106 interrogatio,
951 1031 997 1088 cui
1017 1031 1125 1103 absque
1145 1030 1191 1088 sui
1204 1029 1260 1088 dis·

171 1129 289 1187 crimine
312 1128 485 1205 respondere
507 1147 565 1187 uon
587 1130 670 1186 valet.
713 1129 759 1188 De
785 1130 893 1186 ceteris
917 1131 1104 1206 interrogatus
1123 1130 1149 1186 si
1169 1129 1262 1186 verbis

171 1226 256 1294 ludat,
271 1229 415 1285 occultum
428 1228 465 1284 iis
478 1227 616 1304 affingens
631 1245 759 1297 sensum,
777 1229 908 1304 perjurus
921 1226 1020 1285 meritb
1043 1227 1172 1286 habetur.
1215 1227 1265 1284 Sic

171 1327 274 1398 siquis
287 1325 459 1402 respondeat
472 1345 503 1382 se
515 1345 574 1385 non
583 1326 689 1384 vidisse
700 1329 823 1400 aliquem
837 1338 915 1385 certo
925 1326 1050 1399 quodam
1063 1328 1128 1386 loco
1141 1327 1187 1386 die
1201 1327 1261 1393 illo,

174 1425 215 1482 vel
228 1435 324 1491 noete,
339 1443 424 1497 quem
438 1435 532 1482 tamen
552 1425 624 1484 vidit
643 1444 772 1503 vespere,
787 1425 885 1484 dolose
907 1426 1043 1498 loquitor,
1057 1436 1086 1484 et
1106 1425 1185 1494 fallit,
1200 1443 1261 1502 gra·

172 1525 243 1581 viter
255 1523 361 1582 idcirco
374 1522 543 1600 culpandae.
565 1525 671 1582 Testes
685 1534 778 1583 autem
791 1543 920 1582 recusare
930 1535 1049 1601 possunt
1062 1524 1168 1598 aliquid
1181 1525 1263 1582 lateri

172 1641 230 1694 quo
251 1641 342 1697 poenae
361 1623 430 1680 fiant
449 1623 582 1681 obnoxii:
605 1623 656 1681 sed
676 1643 733 1682 non
753 1624 856 1682 debent
875 1642 926 1700 per
950 1625 1102 1682 verborum
1129 1624 1261 1700 ambages

172 1715 322 1792 evadere.²

213 1823 280 1877 192.
296 1820 367 1886 Quae
376 1821 539 1896 juramenta
550 1821 622 1878 fiunt
631 1822 665 1878 ab
678 1823 713 1880 iis
728 1823 777 1893 qui
791 1820 937 1880 admunus
944 1820 1060 1894 aliquod
1070 1833 1261 1888 assumuntur,

171 1927 237 1974 sunt
251 1921 334 1995 juxta
352 1920 501 1978 verborum
525 1921 638 1978 obviam
657 1921 716 1977 vim
736 1919 915 1995 excipienda,
935 1919 1029 1977 habita
1048 1920 1155 1976 mhone
1177 1921 1262 1977 etiam

156 2017 261 2100 vanimi
274 2037 330 2091 quo
348 2029 554 2094 proponuntur,
569 2029 598 2076 et
617 2019 776 2078 communis
797 2028 825 2075 et
844 2019 1001 2077 notissime
1014 2018 1144 2076 omnium
1162 2017 1263 2076 intelli·

171 2119 292 2190 gentiae:
307 2136 372 2176 nam
379 2116 444 2176 Deo
457 2119 588 2178 invocato
602 2117 762 2186 teste,nihil
774 2119 875 2176 leviter
884 2118 931 2176 vel
944 2117 1042 2176 dolose
1057 2117 1261 2176 admittendum

171 2224 231 2282 est;
253 2236 307 2274 nec
321 2234 438 2274 munera
451 2217 565 2293 publica
579 2231 683 2274 temere
703 2216 872 2274 assumenda
891 2226 966 2284 sunt,
986 2215 1194 2276 conditionibus
1214 2233 1262 2274 ne·

171 2313 278 2388 glectis,
305 2315 410 2383 studio,
434 2316 479 2373 vel
505 2315 581 2374 dolo.
623 2317 728 2374 Merito
748 2315 854 2374 idcirco
867 2315 996 2374 damnata
1021 2325 1064 2374 est
1086 2315 1260 2393 propositio:

172 2414 259 2479 “Qui
281 2415 422 2473 mediante
442 2415 697 2482 commendatione,
721 2415 766 2472 vel
788 2433 915 2484 munere,
939 2415 973 2472 ad
995 2415 1199 2491 magistratum,
1212 2415 1260 2472 vel

171 2511 297 2571 officium
317 2514 462 2590 publicum
485 2524 631 2590 promotus
652 2523 703 2582 est,
724 2515 828 2590 poterit
847 2534 913 2573 cum
939 2516 1116 2573 restrictione
1142 2515 1260 2573 mentali

170 2623 304 2685 praestare
314 2614 515 2689 juramentum,
530 2613 607 2685 quod
621 2616 656 2673 de
670 2614 801 2671 mandato
815 2615 890 2689 regis
904 2633 920 2670 a
933 2613 1073 2670 similibus
1087 2614 1160 2671 solet
1172 2613 1260 2687 exigi,

172 2728 232 2767 non
245 2710 342 2768 habito
355 2720 481 2784 respectu
495 2711 528 2768 ad
541 2714 727 2772 intentionem
741 2712 892 2786 exigentis,
907 2711 974 2782 quia
987 2729 1046 2768 non
1059 2720 1169 2768 tenetur
1182 2711 1262 2766 satori

172 2810 282 2866 crimen
296 2803 486 2866 occultum.”³

211 2911 279 2966 193.
301 2907 336 2966 ln
349 2911 544 2977 contractibus,
559 2920 588 2968 et
600 2911 711 2984 quoties
724 2909 760 2967 de
769 2909 879 2986 justitia
892 2908 992 2986 agitur,
1005 2908 1097 2967 omnis
1111 2908 1261 2968 verborum

171 3008 337 3084 ambiguitas
352 3008 481 3066 evitanda
494 3018 547 3078 cst,
561 3011 628 3083 quia
650 3027 738 3083 quum
759 3009 889 3068 voluntas
909 3007 1134 3068 contrahentium
1147 3010 1262 3068 nonnisi

204 3209 242 3272 (l)
255 3214 270 3238 “
278 3207 301 3257 It
311 3208 334 3258 is
344 3217 389 3259 not
396 3210 479 3260 lawlul
490 3210 527 3259 ier
539 3225 553 3259 a
564 3210 642 3274 guilty
652 3209 761 3274 prisoner
769 3216 794 3259 to
806 3225 849 3274 say
862 3209 911 3259 Nol
919 3208 1016 3276 guilty.
1027 3210 1099 3260 when
1111 3209 1143 3258 bs
1155 3210 1177 3258 is
1184 3211 1262 3274 jastly

172 3291 338 3354 interrogated,
373 3294 502 3357 Althoogh
521 3295 540 3345 it
551 3297 581 3344 be
592 3295 652 3354 said,
663 3294 716 3344 that
726 3309 759 3343 no
771 3310 828 3344 man
840 3295 862 3343 is
873 3293 956 3344 bound
967 3302 992 3343 to
1008 3310 1080 3344 acuse
1091 3294 1197 3352 himself,
1215 3294 1263 3343 and

170 3376 256 3431 indeed
268 3377 310 3428 the
322 3379 382 3428 laws
394 3380 422 3428 ol
435 3396 493 3428 man
505 3379 536 3428 do
549 3387 592 3429 not
601 3379 633 3428 tie
646 3378 698 3428 him
710 3387 735 3428 ιο
746 3379 819 3428 doit:
837 3388 879 3442 yet
888 3379 936 3428 this
948 3378 1046 3428 binders
1058 3387 1102 3428 not
1113 3377 1154 3428 tho
1163 3380 1262 3428 conclu-

170 3459 223 3507 sion
234 3460 262 3508 in
273 3460 323 3510 this
332 3477 402 3519 case;
420 3462 456 3510 lor
467 3462 495 3510 in
506 3463 546 3510 the
555 3469 661 3526 ¹present
672 3477 727 3510 case
746 3461 788 3510 the
806 3477 864 3509 man
875 3461 897 3509 is
908 3460 1012 3510 accused
1023 3459 1127 3522 already,
1139 3460 1186 3508 and
1198 3458 1230 3509 bc
1242 3461 1263 3508 is

170 3550 214 3590 not
225 3544 303 3592 called
315 3553 338 3593 ιο
350 3547 379 3594 be
391 3545 430 3595 his
442 3563 499 3596 own
510 3562 616 3605 accuser,
635 3547 680 3595 but
692 3555 717 3595 to
737 3544 832 3594 consess
844 3543 886 3592 the
897 3543 945 3592 fact
956 3542 978 3592 it
990 3541 1022 3590 be
1033 3543 1062 3590 be
1070 3543 1146 3606 justly
1160 3545 1262 3592 accused

169 3627 202 3690 by
214 3626 257 3674 tho
269 3627 329 3678 law:
346 3630 382 3679 sor
399 3630 457 3695 why
469 3631 528 3680 does
537 3630 578 3680 tbc
585 3631 663 3697 Judgs
675 3631 727 3689 ask,
738 3631 782 3679 but
794 3637 818 3677 ιο
830 3630 860 3676 be
872 3627 997 3677 answcred
1009 3627 1092 3692 trulyl
1129 3627 1179 3678 For
1195 3627 1262 3679 there

169 3711 243 3773 being
251 3711 317 3762 three
328 3730 397 3778 ways
408 3715 435 3764 in
444 3715 491 3764 law
508 3717 536 3765 os
549 3715 696 3780 procecding
707 3724 732 3764 to
743 3713 868 3764 definitive
876 3721 997 3773 sentence,
1016 3716 1037 3764 1.
1056 3714 1097 3764 the
1106 3716 1225 3780 notoriety
1238 3718 1267 3766 ol

170 3796 210 3846 ibe
221 3797 278 3856 fact,
290 3798 316 3847 2.
335 3799 375 3848 tbc
387 3799 527 3850 conviction
541 3802 571 3864 by
584 3801 719 3859 witnesses,
731 3799 780 3850 and
789 3803 812 3848 3.
832 3798 874 3849 tha
885 3799 1024 3849 confession
1036 3800 1064 3849 ol
1078 3800 1119 3850 tba
1130 3809 1199 3864 party
1210 3818 1217 3859 3
1235 3802 1262 3850 in

168 3881 208 3932 tbc
219 3883 364 3933 destitution
376 3885 404 3933 ol
418 3884 459 3935 the
471 3885 530 3945 first,
540 3894 567 3936 ιο
578 3895 679 3952 prevent
691 3885 732 3936 the
743 3887 836 3935 trouble
848 3885 876 3934 of
889 3883 932 3934 the
943 3884 1041 3944 second,
1052 3885 1094 3934 the
1105 3886 1152 3933 law
1164 3886 1262 3934 interro-

168 3975 235 4028 gatas
246 3969 397 4031 concerning
409 3970 449 4019 the
468 3969 555 4020 third.’'
591 3971 639 4020 Jer.
651 3971 750 4034 Taylor,
763 3971 860 4020 Ductor
871 3967 1065 4027 Dubitandum,
1076 3968 1091 4016 l.
1104 3968 1137 4017 iii.
1148 3985 1169 4018 e.
1182 3972 1205 4017 2.
1215 3971 1261 4020 vol.

167 4051 192 4104 ii.
204 4068 228 4117 p.
240 4057 281 4102 89.

202 4138 244 4205 (2)
262 4139 411 4203 “ltisquite
421 4141 484 4189 clear
497 4141 550 4190 that
560 4158 574 4190 a
587 4157 643 4192 man
655 4141 677 4190 is
690 4153 733 4190 not
744 4139 826 4188 bound
840 4147 865 4187 to
876 4153 974 4187 suswer
985 4154 1033 4203 any
1044 4139 1175 4202 questions,
1186 4141 1262 4193 either

165 4224 191 4272 in
204 4239 219 4272 a
230 4234 300 4273 court
312 4225 340 4273 os
352 4226 399 4274 low
412 4241 439 4275 or
449 4227 542 4290 cquity,
554 4225 636 4276 which
648 4242 704 4289 may
717 4225 775 4274 tend
787 4232 813 4273 to
824 4222 949 4274 criminato
959 4223 1062 4284 himself,
1075 4240 1102 4274 or
1113 4225 1194 4277 which
1206 4244 1262 4292 may

166 4307 254 4357 render
267 4308 319 4358 bim
331 4310 402 4358 liablo
414 4319 439 4359 to
451 4327 466 4359 a
477 4311 601 4376 penalty.’'
637 4311 731 4374 chiny.
742 4317 800 4358 note
812 4307 852 4368 31,
861 4323 893 4358 on
906 4307 1061 4370 Blaclsstonc,
1073 4310 1088 4360 l.
1100 4309 1134 4360 iii.
1146 4327 1170 4361 n.
1183 4313 1239 4362 370.

202 4391 245 4458 (3)
265 4394 339 4459 Prop.
351 4395 436 4444 xxviii.
448 4395 512 4446 inter
520 4397 648 4446 damoetas
657 4397 687 4444 ab
699 4393 844 4445 Innocentio
852 4393 898 4444 Xl.

646 4484 704 4540 14³*
