3068 5256
442 497 499 554 nn
523 494 711 556 ansuino
732 497 986 559 ermenero.
1228 475 1285 567 iar

185 675 240 738 per
251 662 402 730 intervalla,
424 670 472 719 ant
491 660 611 719 diversis
630 662 731 721 eodem
753 647 891 739 tempore,
905 667 1057 738 requiritur
1077 677 1105 724 et
1125 668 1231 728 sufficit
1249 669 1285 730 ad

187 762 331 819 materiam
345 779 461 837 gravem
475 761 610 836 simplum
624 780 690 819 eum
703 761 841 821 dimidio:
863 783 890 820 v.
906 781 941 840 g:
964 783 1016 823 sex
1035 763 1106 823 Julii
1124 765 1285 846 (sexaginta

186 857 284 937 oboli).
327 861 360 917 Si
373 879 441 918 vero
462 868 614 930 utrumque
635 871 793 930 concurrat,
815 881 919 939 nempe
941 865 1048 922 sitiant
1067 884 1083 922 a
1103 864 1234 936 diversis,
1256 879 1284 926 et

185 959 425 1027 discontinuatim,
440 977 546 1017 censeo
559 961 665 1030 requiri
679 960 766 1036 duplo
780 963 884 1038 majus,
899 963 1007 1020 scilieet
1019 959 1131 1021 octo.’'¹

227 1061 295 1116 164.
318 1057 433 1116 Minuta
446 1059 519 1116 furta
532 1077 548 1114 a
560 1059 689 1134 pluribus
709 1059 795 1117 simul
813 1060 887 1118 sacta
903 1063 1025 1138 singulis
1043 1081 1157 1138 gravem
1171 1065 1283 1140 culpam

186 1156 332 1224 inducunt,
343 1159 448 1216 sitiant
460 1158 606 1215 communi
622 1158 761 1215 oonsilio:
790 1177 873 1218 secus
888 1161 912 1217 si
927 1160 995 1220 fiant
1013 1181 1030 1218 a
1042 1162 1162 1238 singulis
1176 1163 1282 1235 absque

186 1256 306 1313 consilio
319 1269 349 1313 et
361 1257 461 1314 notitia
474 1254 651 1314 caeterorum.
694 1257 726 1314 Si
747 1259 852 1335 singuli
872 1261 1003 1318 noverint
1015 1261 1086 1318 alios
1100 1262 1185 1320 simul
1198 1281 1284 1338 parva

173 1425 176 1430 Ι
186 1355 258 1412 furta
267 1365 387 1430 patrare,
397 1357 467 1428 quin
477 1374 629 1413 commune
640 1356 736 1414 ineant
744 1359 905 1426 consilium,
913 1359 1009 1435 plures
1016 1369 1113 1418 tenent
1120 1379 1184 1418 cum
1194 1361 1226 1417 S.
1236 1362 1283 1418 Al·

187 1453 310 1530 phonso,
318 1455 412 1512 levem
420 1462 527 1512 tantum
536 1455 650 1530 culpam
661 1456 815 1528 unicuique
823 1458 967 1533 imputari,
976 1459 1105 1531 quamvis
1114 1477 1198 1536 grave
1206 1459 1283 1518 dam·

188 1572 257 1610 num
270 1552 386 1612 domino
399 1553 556 1629 proveniat.
585 1553 650 1610 Etsi
664 1555 797 1630 exemplo
811 1565 975 1615 caeterorum
989 1557 1094 1634 singuli
1108 1569 1283 1626 moveantur,

190 1660 256 1708 sunt
269 1653 318 1724 qui
337 1652 432 1710 dicunt
451 1671 501 1710 eos
515 1670 633 1728 peccare
655 1653 769 1724 quidem
790 1657 912 1730 graviter
931 1666 1027 1715 contra
1047 1656 1219 1725 charitatem,
1234 1657 1285 1716 sed

188 1769 246 1808 nou
261 1761 364 1810 contra¹
368 1751 514 1828 justitiam,
530 1749 653 1824 ideoque
665 1752 699 1810 ad
709 1753 916 1812 restituendum
930 1775 993 1828 quae
1003 1756 1097 1813 caeteri
1111 1757 1285 1814 abstulerunt

188 1851 265 1908 nulla
276 1853 383 1908 ratione
398 1852 496 1908 teneri.
540 1850 613 1907 Haec
626 1870 685 1927 prae
699 1851 790 1910 oculis
805 1862 870 1910 sunt
889 1853 1018 1912 habenda
1030 1863 1061 1910 ut
1078 1853 1113 1911 de
1129 1855 1283 1931 juvenibus

188 1949 294 2007 fructus
308 1951 452 2008 hortomm
466 1949 668 2018 auferentibus,
683 1950 729 2008 vel
749 1951 817 2008 alias
831 1971 876 2009 res
891 1955 1017 2010 minores
1037 1952 1194 2011 furantibus
1211 1951 1285 2031 judi·

190 2059 278 2107 cetur.
319 2050 451 2108 Attamen
477 2051 502 2107 si
526 2069 647 2126 magnus
666 2052 806 2127 juvenum
829 2069 965 2111 numerus
986 2073 1002 2110 a
1024 2051 1159 2111 dulciario
1178 2055 1285 2130 pistore

190 2167 321 2225 magnam
334 2151 461 2207 cibomm
475 2151 588 2224 copiam
602 2150 687 2208 simul
700 2149 815 2218 auferat,
830 2152 935 2230 singuli
946 2151 1096 2210 smstulum
1109 2154 1284 2230 arripientes,

187 2247 252 2305 licet
265 2248 340 2307 lraud
354 2251 501 2307 communi
515 2249 645 2317 consilio,
666 2249 788 2308 seduno
802 2252 888 2310 veluti
903 2253 1013 2328 spiritu,
1028 2251 1096 2309 alter
1109 2253 1222 2310 alterius
1236 2269 1285 2308 ex·

188 2349 281 2424 emplo
295 2359 400 2417 motus,
415 2348 528 2406 videtur
541 2359 689 2424 peccatum
709 2367 773 2406 esse
793 2369 888 2426 grave,
906 2352 998 2409 sciunt
1011 2352 1088 2410 enim
1101 2371 1185 2428 grave
1205 2349 1284 2408 dam·

187 2466 256 2504 num
269 2449 376 2516 inserti,
401 2466 539 2520 suamque
560 2466 675 2523 operam
696 2449 862 2508 conferunt:
892 2451 942 2509 sed
964 2451 1129 2510 restituendi
1152 2451 1285 2527 obligatio

187 2557 267 2604 extra
279 2557 390 2624 partem
403 2565 490 2620 quam
505 2547 569 2618 quis
583 2549 699 2623 arripuit
712 2568 769 2607 non
787 2544 975 2608 extenditur.²

230 2651 298 2704 165.
333 2647 483 2704 “Furtum
506 2647 597 2704 lacere
620 2647 761 2716 videntur,
790 2650 839 2721 qui
865 2649 938 2706 fictis
962 2649 1158 2720 simulatisque
1181 2647 1283 2713 verbis,

190 2746 278 2816 quive
291 2744 385 2806 fallaci
404 2745 582 2802 mendicitate
603 2747 755 2820 pecuniam
776 2756 955 2818 extorquent,
974 2763 1095 2816 quorum
1116 2764 1150 2801 eo
1171 2745 1285 2819 gravius

189 2853 235 2900 est
248 2852 407 2920 peecatum,
422 2842 497 2915 quod
509 2843 614 2901 furtum
635 2842 784 2901 mendacio
804 2837 995 2902 cumulant.’'³
1036 2843 1078 2899 lta
1097 2841 1285 2898 catechismus

189 2943 348 3002 Romanus.
391 2941 537 3022 Equidem
550 2945 601 3016 qui
613 2941 684 3000 saled
699 2953 893 3020 paupertatem
907 2950 1076 3020 praetexunt,
1097 2940 1224 2999 fraudem
1238 2940 1285 2998 de·

188 3043 255 3100 bent
267 3061 397 3119 reparare
410 3043 585 3100 restituendo
595 3060 659 3115 quae
673 3053 861 3120 acceperunt:
883 3042 933 3101 sed
947 3044 971 3100 si
982 3051 1090 3100 tanturn
1099 3059 1286 3118 exaggerave-

189 3143 244 3200 rint
263 3161 331 3200 suas
352 3160 502 3208 aerumnas,
523 3159 662 3218 pauperes
684 3142 808 3216 alioquin
832 3153 859 3200 et
877 3143 1036 3219 indigentes
1060 3141 1204 3209 subsidiis,
1227 3159 1286 3198 non

189 3241 319 3299 videntur
341 3242 486 3318 injustitiae
507 3242 559 3308 rei,
581 3260 668 3313 quum
690 3242 764 3301 adsit
785 3244 854 3300 ratio
868 3241 983 3319 petendi
1005 3242 1118 3316 stipem,
1140 3251 1169 3297 et
1187 3259 1285 3298 eorum

188 3342 272 3398 verba
298 3341 469 3417 plerumque
496 3359 555 3397 non
582 3326 697 3415 plenam
723 3344 876 3418 impetrent
900 3340 997 3397 fidem.
1039 3339 1286 3410 Quotiescumque

188 3439 284 3498 fraude
299 3439 424 3498 adhibita
443 3439 514 3515 stips
534 3449 650 3516 accepta
670 3451 722 3510 est,
742 3440 915 3500 restituenda
935 3448 978 3496 est
996 3438 1180 3514 pauperibus,
1199 3455 1287 3508 quum

190 3537 338 3596 donatores
353 3539 491 3598 censendi
505 3541 563 3597 sint
576 3539 611 3597 iis
626 3540 750 3597 voluisse
771 3539 885 3597 donare.
928 3534 1050 3602 Quodsi
1065 3542 1175 3591 constet
1187 3553 1237 3590 eos
1251 3534 1286 3590 ad

190 3647 333 3714 petentem
353 3639 568 3714 eleemosynam
588 3639 779 3706 restrinxisse,
795 3638 830 3696 iis
850 3633 1023 3695 restituenda
1041 3634 1107 3693 erit.
1159 3633 1204 3692 De
1225 3651 1285 3692 om·

191 3737 274 3795 uibus
288 3738 337 3810 qui
356 3741 601 3815 circumvagantur
620 3740 763 3797 ementitis
786 3737 942 3796 rationibus
962 3736 1039 3794 cives
1052 3735 1175 3813 pecunia
1187 3753 1286 3793 emun-

190 3847 288 3912 gentes
301 3835 378 3895 idem
392 3836 563 3895 dicendum:
585 3845 651 3895 sunt
670 3840 748 3897 enim
757 3839 830 3897 inter
839 3838 915 3897 sures
935 3835 1115 3903 recensendi,
1129 3834 1287 3905 debentque

190 3937 400 4016 conserentibus
415 3955 551 3996 nummos
564 3935 692 4006 reddere,
702 3939 726 3996 si
739 3937 828 3996 velint
842 3958 901 3996 suae
915 3936 1066 3994 consulere
1080 3933 1173 3990 saluti.

230 4040 298 4094 166.
320 4036 399 4104 Quid
411 4055 478 4096 voro
492 4035 644 4095 dicendum
664 4036 699 4094 de
719 4038 890 4114 pauperibus
904 4036 953 4106 qui
974 4034 1127 4111 pecuniam
1142 4027 1285 4106 quandam

394 4235 437 4300 (l)
452 4236 478 4284 S.
492 4236 645 4300 Alpbonsus,
657 4237 672 4286 l.
682 4236 717 4288 iii.
729 4251 755 4285 n.
767 4235 825 4282 530.

392 4321 435 4384 (2)
449 4321 514 4370 Vide
527 4322 611 4384 Mayol
623 4321 715 4384 Expos.
727 4319 768 4368 vii.
780 4333 852 4384 praee.
864 4333 906 4382 qu.
921 4321 942 4367 l.
954 4319 1001 4370 ccl.
1013 4319 1069 4370 stt.

392 4406 436 4474 (³)
450 4405 506 4456 Par.
517 4407 551 4457 iii.
563 4407 593 4456 de
605 4405 646 4456 vii.
658 4412 786 4472 praeopto,
798 4421 825 4456 n.
836 4404 899 4455 xvii.
