3068 5256
263 465 320 519 108
551 455 609 514 DE
630 453 795 522 QUINTO
816 453 1067 515 PRAEOEPTO.

268 600 359 686 salsos
366 629 461 688 testes,
470 639 502 678 ac
516 621 598 679 etiam
609 619 748 696 judicem,
763 641 779 678 a
792 638 849 693 quo
862 622 961 693 iniqua
974 619 1049 678 certo
1063 621 1195 679 imminet
1207 619 1356 694 sententia,

266 726 291 783 si
304 725 358 782 alia
371 723 416 779 via
430 738 488 777 non
502 731 596 796 potest
607 722 745 778 innocens
756 719 890 778 damnum
903 720 1039 778 evitare.”

313 825 379 879 110.
402 821 451 878 Ex
471 818 602 878 damnata
627 819 822 896 propositione
843 837 927 892 quam
947 818 1039 896 primb
1059 819 1251 888 recitavimus,
1271 821 1362 893 liquet

266 941 325 980 non
346 921 432 978 licere
456 937 508 996 pro
526 939 557 978 re
578 919 726 994 temporali
748 920 827 993 parvi
840 919 977 976 momenti
991 917 1095 977 tuenda
1113 918 1204 976 furem
1217 919 1358 978 occidere.

268 1021 371 1080 Utrum
395 1028 487 1076 autem
510 1020 594 1076 etiam
617 1037 669 1094 pro
691 1035 721 1074 re
744 1018 869 1074 maxima
890 1017 919 1074 id
943 1017 1035 1085 liceat,
1051 1018 1267 1075 controvertitur
1286 1019 1360 1076 inter

267 1119 426 1196 theologos,
441 1118 517 1174 clero
541 1117 690 1175 Gallicano
710 1117 747 1173 iis
770 1118 941 1174 assentiente
964 1118 1013 1189 qui
1035 1124 1149 1194 negant,
1163 1135 1198 1174 eo
1212 1116 1289 1188 qnod
1301 1119 1359 1176 vita

267 1219 360 1300 aliena
373 1218 574 1292 temporalibus
589 1218 693 1274 nostris
707 1217 937 1291 possessionibus
951 1217 988 1274 sit
1009 1215 1224 1292 anteponenda:
1248 1224 1268 1250 ‘⁴
1281 1216 1358 1282 Quo·

267 1317 354 1376 modo
377 1315 486 1383 enim‚”
510 1317 604 1374 verbis
627 1315 735 1373 Evodii
756 1314 829 1390 apud
849 1317 1042 1391 Augustinum
1060 1323 1175 1372 utuntur
1196 1323 1291 1372 “sunt
1312 1315 1358 1373 isti

267 1426 384 1494 peccato
397 1416 489 1483 liberi,
504 1416 553 1489 qui
566 1434 618 1490 pro
632 1415 666 1472 iis
679 1415 763 1470 rebus
778 1432 849 1485 quas
858 1415 1002 1472 contemni
1015 1421 1133 1489 oportet,
1144 1413 1269 1470 humana
1282 1413 1357 1471 caede

267 1516 367 1592 polluti
382 1509 505 1572 sunti'’1
545 1513 791 1571 Communissima
809 1522 903 1570 tamen
926 1521 954 1571 et
973 1512 1201 1588 probabilissima
1221 1513 1358 1569 sententia

267 1614 403 1680 affirmat3
418 1631 472 1668 nee
482 1613 558 1670 enim
573 1621 701 1669 tenemur
714 1611 788 1666 bona
798 1621 894 1668 nostra
907 1612 1018 1679 cedere,
1031 1620 1063 1668 ut
1075 1613 1137 1688 ejus
1150 1612 1214 1668 vitae
1229 1610 1357 1668 consula·

265 1731 328 1770 mus
352 1712 400 1783 qui
423 1723 523 1786 sponte
541 1729 572 1767 se
592 1710 711 1786 exponit
730 1710 828 1767 mortis
848 1702 1031 1769 discrimini.²
1070 1709 1134 1768 Imo
1154 1709 1238 1767 docet
1264 1709 1297 1765 S.
1311 1709 1358 1766 Al·

266 1812 407 1889 phonsus‚
422 1818 487 1886 post
496 1810 577 1879 alios,
600 1810 715 1867 “licere
728 1809 820 1866 iurem
837 1810 949 1866 eminus
963 1810 1018 1866 telo
1031 1807 1169 1877 occidere,
1183 1810 1208 1866 si
1221 1811 1285 1884 ipse
1298 1827 1359 1866 reru

268 1919 401 1987 asportet,
416 1911 639 1984 etpraemonitus
662 1908 697 1966 de
718 1927 771 1966 suo
791 1909 927 1983 periculo,
942 1927 1004 1966 eam
1016 1907 1088 1964 nolit
1107 1907 1279 1968 dimittere.”
1322 1908 1354 1965 Si

265 2027 326 2068 rem
348 2010 422 2066 furto
443 2009 560 2064 ablatam
581 2009 674 2064 statim
696 2025 862 2082 recuperare
883 2008 963 2075 velis,
985 2007 1086 2078 furque
1108 2008 1228 2075 resistat,
1248 2007 1356 2074 licebit,

262 2109 345 2184 juxta
358 2107 464 2180 plures,
479 2123 545 2163 eum
566 2106 736 2173 interimere,
752 2107 775 2163 si
799 2107 876 2164 nulla
889 2107 944 2164 alia
962 2113 1095 2182 suppetat
1114 2107 1185 2164 ratio
1204 2125 1268 2163 eam
1281 2123 1359 2163 recu·

269 2205 398 2282 perandi.
439 2204 509 2270 Qnae
520 2213 613 2261 autem
626 2223 671 2260 res
681 2207 778 2281 magni
786 2207 924 2264 momenti
936 2203 1066 2262 habenda
1073 2205 1119 2274 sit,
1130 2224 1167 2263 ex
1177 2223 1306 2281 personae
1314 2205 1359 2262 cui

267 2304 390 2361 aufertur
410 2304 572 2361 conditione
594 2305 719 2361 maxime
740 2304 861 2380 pendet:
888 2323 933 2362 res
956 2305 1064 2362 seilicet
1085 2323 1189 2382 magna
1214 2304 1276 2370 erit,
1304 2323 1359 2376 qua

266 2403 383 2470 sublata,
397 2421 455 2460 non
470 2403 571 2479 poterit
584 2421 615 2460 se
629 2421 753 2473 suosque
767 2405 889 2476 quisque
902 2413 1068 2462 sustentare.
1103 2402 1247 2462 Ceterum
1260 2401 1358 2460 licebit

266 2502 352 2560 etiarn
366 2500 446 2559 diviti
459 2521 590 2578 magnam
605 2503 734 2578 pecunia
747 2521 888 2562 summam
902 2504 957 2561 sibi
977 2521 1097 2570 servare,
1112 2503 1197 2560 etiarn
1211 2502 1267 2558 vita
1280 2501 1356 2558 iuva·

267 2602 324 2658 sori
343 2600 442 2659 ablata.
486 2600 593 2660 Clerici
614 2601 714 2660 eodem
738 2621 795 2673 quo
808 2603 902 2661 caeteri
917 2604 982 2680 jure
1001 2602 1130 2660 fruuntur
1148 2621 1200 2660 sua
1216 2599 1355 2667 servandi,

266 2700 388 2774 ideoque
414 2702 581 2779 irregulares
602 2722 660 2760 non
682 2701 754 2758 fiunt
779 2703 803 2759 si
830 2719 1008 2779 aggressores
1034 2701 1202 2760 interficiant
1227 2699 1262 2757 ad
1283 2701 1356 2757 bona

266 2803 387 2860 maximi
400 2802 503 2859 valoris
518 2801 663 2859 servanda.
704 2801 766 2858 Eos
782 2811 874 2860 tamen
895 2801 1020 2859 maxime
1038 2801 1156 2858 dedecet
1167 2801 1243 2857 bona
1255 2800 1357 2875 exigua

267 2918 333 2956 curn
351 2901 415 2954 vitoe
429 2901 526 2956 alienae
536 2901 646 2974 jactura
658 2897 825 2957 defendere:
847 2909 1018 2976 quapropter
1026 2902 1091 2978 jure
1105 2899 1248 2957 damnavit
1260 2897 1356 2957 Ponti·

266 2997 315 3054 fex
329 2996 492 3070 Religiosos
506 2997 653 3068 quosdam,
669 3015 787 3066 quorum
811 3000 879 3056 alter
891 2999 1031 3058 interiecit
1043 2998 1113 3056 duos
1126 2987 1250 3056 latrones
1262 3005 1354 3054 vestes

265 3095 292 3152 ei
306 3095 414 3170 eripere
425 3104 568 3163 conantes,
583 3113 671 3167 quum
684 3097 782 3153 mortis
796 3099 954 3173 periculum
971 3097 1046 3156 haud
1062 3099 1233 3164 immineret,
1256 3105 1275 3132 “
1287 3113 1355 3168 quo·

266 3193 342 3252 niam
356 3192 523 3268 expediebat
535 3195 629 3270 potius
642 3213 736 3252 rerum
750 3199 889 3255 sustinere
906 3198 1056 3274 jacturam,
1070 3217 1155 3270 quam
1179 3215 1231 3272 pro
1245 3211 1356 3254 conser-

262 3291 365 3350 vandis
379 3291 481 3350 vilibus
489 3293 572 3351 rebus
586 3304 614 3351 et
624 3295 799 3363 transitoriis,
816 3307 872 3353 tam
886 3297 985 3353 acriter
997 3298 1027 3354 in
1041 3298 1110 3354 alios
1124 3287 1355 3354 exardescere.”³

261 3411 265 3416 ·
309 3396 375 3449 111.
397 3391 509 3450 Famuli
523 3394 607 3450 etiam
617 3393 797 3452 dorninomm
810 3415 926 3454 suorum
939 3397 1013 3453 bona
1023 3407 1055 3454 ut
1063 3395 1224 3462 defendant,
1239 3400 1357 3470 possunt

265 3493 352 3561 sures,
367 3511 401 3549 ea
414 3493 520 3551 ratione
538 3513 593 3567 qua
611 3493 730 3562 domini,
750 3495 916 3552 interficere.
958 3494 1022 3552 Imo
1042 3495 1112 3552 alius
1130 3494 1256 3568 quilibet,
1275 3493 1356 3568 juxta

270 3595 365 3669 plures
380 3592 527 3668 theologos
541 3603 634 3669 potest
645 3596 719 3651 bona
731 3596 854 3669 proximi
867 3593 927 3671 pari
939 3593 1045 3652 ratione
1059 3595 1140 3651 tueri.

306 3681 600 3768 112.}'Aggressorem
614 3693 766 3766 pudicitia,
776 3694 801 3750 si
814 3694 893 3750 aliter
911 3692 1010 3768 repelli
1027 3701 1158 3765 nequeat,
1172 3693 1239 3749 licet
1251 3688 1354 3748 interii·

264 3810 339 3858 cere,
361 3774 381 3824 ‘3
393 3787 492 3860 quia,’'
506 3797 537 3846 ut
550 3790 589 3846 ait
603 3789 634 3846 S.
652 3791 825 3859 Antoninus,
847 3791 977 3848 “mulier
989 3793 1075 3850 utitur
1083 3793 1147 3868 jure
1161 3809 1214 3849 suo
1227 3787 1354 3854 naturali,

265 3910 321 3963 quo
343 3890 409 3948 licet
429 3886 486 3947 vim
505 3889 534 3946 vi
552 3888 699 3964 repellere,
720 3898 749 3946 et
768 3890 859 3966 magis
878 3898 986 3948 tenetur
1008 3891 1092 3950 saluti
1114 3909 1173 3949 suae
1197 3887 1352 3967 providere,

294 4141 337 4206 (1)
357 4139 387 4191 u.
399 4140 414 4190 r.
425 4141 455 4190 ue
467 4140 507 4189 no.
519 4142 567 4189 aru.
579 4158 601 4192 ο.
616 4142 640 4190 5.

295 4225 338 4290 (2)
358 4224 422 4272 Vide
434 4223 460 4271 S.
472 4224 593 4288 Alphons.
605 4227 621 4275 l.
633 4226 668 4275 iii.
687 4242 712 4276 u.
733 4227 790 4278 ³83.
811 4234 836 4278 et
854 4224 944 4294 Mayol.
961 4224 1055 4294 Expos.
1072 4242 1095 4278 v.
1107 4241 1178 4294 praec.
1191 4225 1277 4276 artri·
1296 4227 1310 4282 i
1329 4225 1352 4271 3·

331 4311 372 4356 29.

258 4309 335 4460 colite)
353 4387 389 4441 Ὁ.
399 4388 566 4457 Suecipimue,
576 4391 606 4442 de
617 4391 732 4444 homicid.
