3146 5266
675 1244 817 1307 CAPUT
839 1246 894 1306 111.

513 1477 551 1516 DE
567 1477 607 1525 vt,
621 1475 715 1524 tinuit,
729 1475 770 1516 ltu·
782 1471 1053 1514 concernentium.

275 1641 325 1717 21⁴.
349 1663 523 1724 Vronrnrm
543 1666 675 1724 definitur
694 1665 723 1723 id
744 1664 821 1738 quod
841 1673 884 1720 est
899 1664 1067 1742 aprinoipio
1080 1671 1207 1728 extemo,
1221 1679 1323 1737 repug-

236 1769 321 1814 nante
334 1778 369 1817 eo
383 1763 433 1834 qui
445 1765 502 1820 vim
515 1767 624 1839 patitur.
653 1765 718 1822 Alia
730 1773 774 1821 est
786 1761 914 1840 simplex
927 1771 955 1819 et
967 1759 1115 1828 absoluta,
1129 1779 1192 1832 quae
1206 1759 1324 1816 insertur

237 1865 334 1914 contra
347 1868 436 1918 toturn
449 1862 542 1918 nisum
556 1863 712 1929 voluntatis,
727 1863 811 1919 sicuti
833 1861 949 1936 contigit
969 1859 1120 1932 aliquando
1141 1857 1322 1931 martyribus,

237 1953 306 2010 dum
319 1975 417 2015 eorum
430 1960 558 2016 manibus
573 1960 635 2017 thus
648 1962 677 2018 vi
690 1962 874 2036 ingereretur,
889 1957 1012 2032 indeque
1033 1973 1127 2015 eoram
1141 1953 1224 2012 idolis
1238 1952 1325 2029 proji-

235 2063 351 2111 ceretur.
382 2057 447 2115 Alia
460 2066 503 2114 est
515 2058 679 2117 secundum
692 2058 776 2136 quid,
786 2055 899 2130 quando
913 2057 977 2128 quis
991 2057 1077 2114 alium
1090 2071 1163 2130 aegre
1177 2051 1324 2109 cedentem

234 2153 319 2226 cogit.
362 2155 411 2211 sto
425 2156 527 2228 aliquis
541 2157 577 2213 ad
589 2158 706 2214 nimiam
728 2157 899 2232 potationem
918 2153 1068 2227 aliquando
1082 2171 1098 2208 a
1111 2152 1206 2217 sociis,
1221 2149 1324 2226 poculo

235 2250 277 2305 ori
290 2254 448 2327 propinato,
463 2255 625 2330 impellitur.
668 2237 726 2313 Ubi
747 2253 880 2312 violentia
902 2262 946 2310 est
964 2249 1127 2310 omnimoda
1147 2259 1175 2306 et
1188 2247 1322 2314 absoluta,

236 2346 339 2406 tollitur
351 2353 444 2408 omnis
458 2352 608 2410 voluntarii
620 2354 700 2420 ratio,
714 2353 835 2424 ideoque
848 2361 996 2427 peceatum
1009 2359 1053 2407 est
1067 2348 1186 2414 nullum,
1200 2347 1266 2404 lieet
1278 2363 1324 2402 res

238 2461 322 2518 prava
334 2449 383 2505 fiat
395 2450 491 2507 invito.
536 2451 585 2508 Sio
599 2452 631 2508 S.
646 2451 736 2508 Lucia
747 2450 865 2508 minanti
878 2449 991 2507 ethnico
1004 2447 1176 2524 magistratui
1190 2463 1253 2502 eam
1266 2445 1325 2501 vio·

237 2541 358 2613 landam,
372 2548 555 2622 respondisse
568 2548 670 2606 fertur:
695 2558 714 2584 “
725 2549 758 2606 st
770 2567 817 2606 me
830 2549 946 2606 invitem
955 2548 1076 2625 jusseris
1091 2545 1198 2610 violari,
1213 2543 1325 2601 castitas

238 2643 310 2698 mihi
322 2643 505 2718 duplicabitur
518 2647 553 2704 ad
563 2647 729 2704 eoronam.”
772 2646 812 2704 Et
822 2646 996 2721 Augustinus
1007 2643 1139 2702 mulieres
1150 2642 1326 2706 christianas,

241 2757 317 2810 qssaet
330 2741 424 2797 Roma
436 2753 525 2818 capta,
538 2746 595 2802 vim
610 2765 626 2802 a
640 2746 745 2803 Gothis
758 2763 849 2819 passae
870 2753 958 2808 erant,
980 2748 1127 2798 excusatas
1140 2739 1237 2796 habuit
1250 2735 1327 2807 quod

240 2837 376 2896 victorum
390 2858 491 2897 manus
504 2841 621 2899 evadere
634 2842 798 2915 nequibant,
812 2840 868 2899 nisi
886 2857 918 2896 se
938 2834 1143 2903 interficiendo,
1158 2834 1234 2908 quod
1247 2833 1328 2890 nefas

238 2945 313 2992 erat:
337 2936 513 3011 “Quidquid
526 2940 596 2997 alius
610 2939 645 2997 de
659 2959 786 3016 corpore,
800 2938 846 2996 vel
866 2941 897 2996 in
917 2956 1035 3014 corpore
1053 2935 1159 3002 feeerit,
1174 2933 1251 3009 quod
1265 2934 1327 2989 sine

238 3045 354 3109 peccato
376 3038 491 3112 proprio
514 3057 572 3095 non
594 3039 685 3096 valeat
706 3038 813 3105 evitari,
837 3045 938 3113 praeter
958 3037 1070 3112 eulpam
1092 3035 1125 3090 fit
1146 3023 1327 3110 patientis.''¹

238 3132 382 3190 Violentia
394 3135 550 3194 seeundum
564 3136 643 3209 quid,
660 3155 711 3195 seu
725 3134 855 3208 quaedam
875 3136 929 3202 vis,
950 3152 1007 3192 non
1024 3133 1104 3198 tollit,
1118 3130 1169 3189 sed
1182 3131 1330 3188 dumtaxat

238 3232 340 3288 minuit
352 3232 500 3292 voluntarii
512 3236 659 3293 rationem.
701 3233 771 3293 Ideo
783 3234 881 3300 homo,
896 3234 955 3306 qui,
970 3232 1032 3290 aliis
1047 3231 1221 3305 cogentibus
1236 3235 1327 3286 morte

239 3331 322 3386 etiam
335 3332 478 3399 intentata,
492 3352 557 3390 oum
571 3333 627 3390 illis
641 3333 716 3392 vadit
737 3333 772 3390 ad
793 3332 878 3390 alium
900 3327 1134 3394 interficiendum,
1149 3325 1328 3385 excusandus

240 3438 362 3495 nonest,
377 3431 506 3501 quamvis
520 3433 624 3489 invitus
638 3443 710 3508 agat.

279 3532 329 3583 22.
351 3527 409 3584 Vis·
425 3547 580 3601 numquam
601 3530 719 3587 insertur
739 3529 883 3594 voluntati,
899 3536 994 3581 “nam
1015 3525 1118 3580 invitus
1139 3539 1224 3579 nemo
1237 3528 1331 3597 potest

242 3623 324 3690 velle,
351 3626 416 3697 quia
441 3644 525 3684 nemo
557 3637 651 3703 potest
681 3626 763 3693 velle,
790 3625 889 3682 nolens
918 3615 1040 3681 velle.”²
1093 3623 1135 3680 Ita
1165 3619 1329 3678 Anselmus.

243 3721 344 3786 Quoad
374 3731 451 3780 aetus
484 3726 636 3801 imperatos
674 3726 846 3784 voluntatem
884 3725 942 3781 vim
981 3739 1066 3798 posse
1104 3722 1160 3800 pati
1196 3720 1264 3777 dicit
1297 3719 1330 3775 S.

242 3819 380 3888 Thomas,
407 3840 442 3879 eo
468 3823 545 3894 quod
571 3823 739 3900 impediatur
764 3821 914 3896 aliquando
939 3839 975 3878 ne
1001 3830 1157 3892 exequatur
1178 3836 1241 3890 quae
1267 3833 1331 3890 pro-

241 3920 336 3993 ponit:
364 3929 496 3978 oaeterum
530 3922 623 3980 nullus
650 3932 737 3989 actua,
760 3923 809 3993 qui
834 3922 867 3978 fit
891 3921 998 3992 absque
1023 3917 1173 3975 voluntatis
1199 3913 1331 3990 imperio,

241 4015 376 4074 dicendus
390 4027 434 4074 est
446 4019 609 4095 imperatus.
652 4021 701 4077 Sia
723 4021 748 4077 si
766 4037 866 4077 manus
880 4019 959 4075 inviti
974 4015 1164 4082 admoveatur,
1178 4023 1206 4071 et
1218 4012 1332 4070 charae·

241 4123 312 4171 teres
326 4116 435 4172 calamo
448 4117 614 4186 efficiantur,
629 4129 706 4183 actus
720 4115 884 4194 hujusmodi
906 4133 963 4173 non
984 4132 1063 4182 suus,
1077 4112 1128 4171 sed
1149 4114 1257 4170 alienus
1277 4119 1332 4170 est.

243 4211 399 4272 Communi
412 4222 506 4272 tamen
518 4214 654 4288 loquendi
667 4216 774 4276 ratione
787 4216 831 4272 vis
844 4213 945 4273 dieitur
965 4213 1040 4276 illata
1059 4211 1203 4282 voluntati,
1219 4207 1334 4285 quando

278 4413 319 4482 (1)
339 4412 369 4465 L.
382 4415 398 4464 i.
411 4414 442 4464 de
453 4413 501 4465 riv.
514 4413 562 4464 Dei
574 4431 594 4466 o.
606 4415 655 4468 xvi.
978 4411 1019 4482 (Ξ)
1039 4409 1069 4460 L.
1081 4410 1112 4462 de
1123 4411 1163 4462 lib.
1175 4408 1223 4462 orb.
1236 4422 1257 4457 c.
1269 4404 1301 4453 vi.
