3076 5260
270 482 329 538 ³32
437 477 494 536 DE
515 476 876 538 OBLIGATIONIBUS
896 475 1191 542 OLERIOORUM.

272 643 382 702 videtur
394 646 462 703 stari
469 663 565 723 posse,
580 643 716 717 quamdiu
726 643 881 722 episcopus
892 643 962 718 quid
971 645 1094 722 speciale
1101 644 1178 705 haud
1188 644 1365 704 decreverit:

273 741 323 800 sed
336 743 493 802 cavendum
505 762 542 802 ue
555 742 709 803 discrimen
732 761 816 803 omne
840 746 914 803 inter
934 743 1061 804 clericos
1077 755 1107 803 et
1126 745 1217 803 laicos
1241 744 1365 810 telinum,

271 859 337 900 uam
348 841 384 900 ad
392 841 480 902 decus
490 843 563 902 sacri
576 841 684 900 ordinis
695 843 827 918 pertinet,
841 851 872 902 ut
884 844 1020 912 vestibus,
1031 845 1106 902 sicut
1118 854 1146 901 et
1158 843 1296 910 moribus,
1307 842 1369 900 dis·

272 949 430 1012 cernantur,
454 941 525 1000 adeo
547 950 579 1000 ut
600 940 776 1002 consuetudo
798 961 855 1015 qua
876 941 1030 1000 discrimen
1051 943 1203 1010 tolleretur,
1219 942 1368 1018 plerisque

272 1037 400 1098 videatur
412 1040 580 1118 corruptele,
594 1042 623 1098 vi
636 1049 665 1098 et
672 1042 854 1100 excusatione
862 1059 971 1108 carens,
987 1049 1006 1077 ‘⁶
1014 1042 1071 1100 nisi
1079 1042 1152 1120 justi
1161 1059 1248 1100 causa
1254 1040 1368 1098 timoris

271 1139 401 1214 exegerit
421 1138 547 1197 habitum
570 1135 818 1208 transformatum
837 1140 883 1198 vel
906 1140 963 1198 nisi
984 1142 1077 1220 gentis
1099 1159 1195 1198 mores
1218 1141 1368 1197 inveterati

271 1235 391 1306 obstent,
406 1239 482 1296 sicut
490 1236 567 1315 apud
576 1238 664 1296 ludos
677 1239 841 1314 contingere
856 1238 967 1296 dicitur.

563 1467 629 1545 511.
671 1470 718 1530 Du
733 1489 899 1529 craumers
914 1489 1081 1529 suavinus.
1125 1540 1129 1545 ⁴

313 1653 342 1706 3.
364 1647 514 1705 Tenentur
526 1645 702 1716 subdiaconi,
712 1658 740 1706 et
752 1650 801 1722 qui
820 1667 902 1707 sacro
915 1648 970 1706 aiio
983 1647 1082 1706 ordine
1095 1649 1224 1725 insigniti
1237 1659 1315 1716 sunt,
1330 1649 1368 1706 ad

274 1745 440 1806 servandam
461 1747 627 1814 castitatem,
642 1746 712 1806 adeo
734 1756 766 1804 ut
784 1749 893 1806 irritum
913 1748 951 1805 sit
969 1748 1180 1806 matrimonium
1200 1757 1368 1806 attentatum

274 1853 340 1922 post
352 1843 481 1904 ordinem
494 1863 606 1904 sacrum
619 1854 793 1922 susceptum.
836 1855 854 1883 ‘⁶
865 1846 1053 1922 Presbyteris,
1062 1846 1237 1915 diaconibus,
1251 1845 1368 1906 subdia·

274 1944 403 2011 conibus,
414 1953 442 2000 et
453 1943 611 2012 monachis,
625 1945 797 2003 concubinas
809 1944 922 2013 habere,
931 1963 981 2003 seu
995 1945 1173 2004 matrimonia
1186 1944 1367 2013 contrahere,

274 2043 388 2120 penitus
408 2042 621 2110 interdicimus;
642 2053 784 2102 contracta
806 2063 919 2117 quoque
941 2045 1119 2102 matrimonia
1141 2044 1176 2104 ab
1197 2044 1368 2121 hujusmodi

274 2141 405 2218 personis
418 2141 554 2220 disjungi,
568 2151 598 2199 et
616 2159 751 2218 personas
775 2143 810 2201 ad
831 2143 1026 2220 poenitentiam
1048 2141 1148 2202 debere
1168 2143 1271 2220 redigi,
1280 2145 1367 2220 juxta

274 2257 418 2299 sacrorum
431 2259 573 2300 canonum
587 2239 782 2300 definitionem
791 2241 988 2320 judicamus.”
1030 2242 1073 2301 Ita
1082 2242 1236 2302 concilium
1249 2243 1366 2302 Latera·

274 2356 362 2396 nense
377 2333 419 2396 1.²

313 2439 342 2492 4.
355 2435 515 2494 Utcastitas
523 2435 701 2520 sacerdotum
711 2438 872 2513 suspicione
880 2457 913 2496 ac
921 2441 1048 2516 periculo
1055 2440 1244 2509 sitimmunis,
1255 2443 1367 2500 “vetuit

273 2535 391 2594 omniuo
404 2551 507 2610 magna
516 2533 645 2611 synodus
656 2533 810 2616 (Nicoenn)
821 2537 949 2598 ueiiceat
961 2540 1108 2618 episcopo,
1119 2559 1173 2598 uec
1185 2541 1364 2616 presbytero,

273 2653 328 2694 nec
336 2633 465 2701 diacono,
476 2651 529 2692 nec
541 2633 593 2694 uili
606 2637 719 2712 penitus
729 2653 828 2696 eorum
845 2638 970 2708 quisunt
982 2640 1012 2697 in
1025 2639 1111 2708 clero,
1122 2639 1363 2700 subintroductam

273 2735 378 2794 hebere
398 2733 565 2803 mulierem,
582 2745 769 2812 preterquam
789 2745 917 2805 matrem,
935 2737 981 2796 vel
1001 2757 1138 2806 summm,
1163 2738 1210 2796 vel
1238 2741 1363 2806 amitam,

273 2834 321 2894 vel
334 2853 383 2892 eas
400 2832 475 2891 solas
491 2851 639 2908 personas,
655 2853 717 2907 quae
732 2853 849 2896 omnem
864 2837 1058 2914 suspicionem
1073 2833 1264 2914 effugiunt.’'³
1298 2839 1364 2900 Plu·

264 2932 354 2989 'rimis
374 2931 545 3006 specialibus
559 2933 751 2992 sanctionibus
764 2935 917 3012 disciplina
935 2935 998 2994 haec
1011 2955 1089 3014 soepe
1103 2939 1212 2998 munita
1230 2947 1293 3006 est;
1314 2937 1363 2996 sed

273 3037 433 3106 temporum
441 3029 544 3104 injuria
556 3029 717 3090 etlocomm
729 3034 932 3094 consuetudine
942 3036 1027 3096 ctiam
1038 3038 1196 3096 imminuta.
1218 3035 1362 3096 Oaeterum

272 3127 385 3186 castitas
399 3134 442 3184 est
460 3127 578 3186 omnino
598 3129 747 3200 servanda,
761 3143 789 3189 et
810 3151 845 3190 ea
857 3134 1015 3194 adhibenda
1028 3147 1073 3194 est
1085 3136 1239 3196 cautelain
1253 3137 1362 3196 ancillis

272 3225 424 3304 seligendis
444 3243 507 3300 que
533 3228 660 3304 speciem
679 3249 796 3290 omnem
816 3233 884 3291 mali
909 3244 1048 3294 amoveat
1090 3236 1180 3314 igitur
1199 3237 1361 3296 maturioris

272 3328 361 3386 eutis
374 3325 495 3385 etfamae
519 3328 634 3404 integre
653 3347 702 3386 eas
724 3349 788 3388 esse
808 3341 935 3408 oportet:
957 3344 985 3392 et
1001 3335 1160 3396 cavendum
1182 3337 1361 3397 nemoribus

272 3428 333 3486 suis
351 3426 418 3484 deut
435 3425 531 3486 iocum
553 3428 721 3504 mspicioni.
749 3430 961 3492 -Sacerdotibus
982 3433 1052 3510 ipsis
1066 3444 1142 3494 tauto
1154 3434 1251 3494 studio
1264 3421 1363 3494 vacan-

271 3525 340 3586 dum
353 3535 397 3584 est
408 3525 507 3584 litteris
521 3535 551 3584 ot
561 3528 667 3586 muniis
677 3530 775 3598 sacris,
790 3541 821 3588 ut
833 3531 964 3590 humanoe
977 3533 1076 3592 salutis
1086 3533 1162 3592 hosti
1174 3534 1257 3594 locus
1268 3535 1360 3594 nulius

192 3646 193 3650 ¹
271 3624 362 3684 detur.
404 3623 550 3697 Equidem
573 3645 659 3684 nemo
682 3629 736 3686 sibi
756 3630 935 3690 securitatem
945 3633 1050 3708 poterit
1068 3633 1216 3710 polliceri;
1237 3634 1358 3708 ideoque

270 3723 396 3784 oratioue
409 3721 537 3780 divinum
551 3725 689 3785 auxilium
704 3728 886 3799 quaerendum
900 3741 952 3789 est
982 3731 1102 3808 Oportet
1113 3735 1208 3801 etiam,
1223 3743 1359 3806 quatenus

270 3821 332 3882 fieri
351 3822 452 3898 possit,
474 3829 505 3878 ut
524 3823 656 3882 sacerdos
676 3843 774 3885 secum
798 3827 900 3888 habeat
918 3841 1140 3892 commorantem
1159 3833 1206 3892 vel
1222 3833 1356 3910 juvenem

270 3939 357 3994 quem
367 3920 527 3980 adsacrum
540 3923 729 3984 ministerium
743 3929 829 3986 verbo
842 3938 870 3987 et
886 3931 1028 4008 exemplis
1048 3940 1136 4008 parat,
1150 3933 1196 3990 vel
1209 3932 1297 3994 aliurn
1310 3933 1354 4005 qui

269 4022 348 4079 testis
362 4021 399 4078 sit
411 4041 524 4083 momm
537 4023 714 4102 integritatis.

305 4222 345 4286 (l)
366 4221 445 4274 Cone.
457 4223 512 4276 Lat.
522 4228 554 4277 iv.

304 4305 346 4370 (2)
366 4306 428 4354 Can.
438 4309 491 4358 xxi.
509 4309 571 4362 Vide
583 4312 672 4364 Theoi.
681 4316 770 4379 Dogm.
781 4317 863 4368 Tract.
873 4334 913 4367 xv.
921 4335 974 4381 cup.
985 4319 1026 4370 xii
1037 4321 1085 4370 vcl.
1093 4319 1125 4370 iv.

301 4391 342 4456 (3)
363 4387 426 4458 Gau,
434 4390 466 4440 iii.
484 4393 548 4444 Vide
559 4406 583 4446 et
595 4398 629 4447 tit
641 4399 666 4450 ii.
678 4401 709 4450 de
720 4403 899 4454 cohabitatione
910 4405 1052 4456 clericorum
1062 4415 1087 4457 et
1097 4407 1237 4469 mulierum,
1247 4421 1300 4459 cuu-
1310 4407 1340 4456 ir.
