3076 5260
296 457 353 516 DE
375 455 735 519 OBLIGATIONIBUS
756 459 1088 522 RELIGIOSORUM.
1185 471 1241 526 361
1313 471 1315 474 ’

157 623 248 680 tinent
267 623 302 681 ad
325 625 486 688 interiorem
510 634 617 684 motum
639 627 800 693 voluntatis,
820 625 908 684 horno
928 645 986 704 non
1006 637 1118 686 tenetur
1135 629 1246 688 homiui

156 721 281 790 obedire,
294 722 345 780 sed
357 723 450 782 solum
465 725 529 782 Deo
541 717 586 780 :'’¹
606 724 657 782 sed
671 725 753 801 plane
766 726 891 797 loquitur
900 724 935 782 de
944 726 1090 802 potestatis
1101 728 1246 795 exercitio,

156 821 234 894 quod
243 823 274 878 in
287 831 386 880 natura
399 822 541 891 suudatur,
555 824 601 886 vel
614 823 737 882 humane
755 824 852 882 nititur
873 823 960 906 lege..
988 809 1078 882 Aliud
1096 825 1247 884 dicendum

158 916 193 975 de
213 929 280 978 voto
300 919 377 994 quod
399 921 464 979 Deo
487 922 528 990 fit,
550 919 683 994 quodque
703 924 834 980 virtutem
860 907 1008 980 colendam
1032 925 1158 1000 respicit.
1201 922 1246 982 De

158 1019 287 1088 aequitate
307 1021 441 1096 praecepti
461 1019 536 1077 haud
558 1019 639 1076 facile
662 1030 706 1077 est
724 1019 907 1078 dubitandum
919 1015 945 1076 :²
964 1028 1086 1079 attamen
1106 1023 1131 1080 si
1144 1023 1248 1080 ressit

159 1101 308 1176 manifesto
322 1128 420 1176 contra
432 1118 488 1175 Dei
500 1119 606 1194 legem,
620 1120 738 1176 minime
752 1128 795 1175 est
808 1116 944 1175 facienda.

198 1219 247 1273 81.
269 1218 327 1283 Qui
350 1217 461 1294 regulas
482 1217 600 1275 instituti
613 1217 689 1288 quod
702 1216 847 1293 professus
860 1225 904 1272 est
916 1218 1024 1292 passim
1038 1219 1166 1295 negligit,
1182 1239 1247 1277 cum

159 1312 277 1372 aliorum
291 1315 459 1382 offensione,
474 1325 502 1371 et
514 1316 557 1371 sui
572 1313 749 1382 detrimento,
763 1315 844 1372 facile
858 1314 890 1371 fit
903 1333 968 1372 reus
987 1317 1097 1392 peccati
1110 1318 1247 1385 mortalis,

159 1430 226 1470 nam
238 1415 360 1490 graviter
371 1426 456 1473 nocet
469 1413 639 1489 discipline,
654 1423 682 1470 et
695 1431 725 1468 se
738 1431 842 1490 magno
855 1413 955 1489 objicit
967 1413 1132 1472 discrimini.
1167 1417 1249 1474 Sem·

159 1528 211 1584 per
225 1521 317 1570 autem
330 1522 430 1588 peccat
446 1513 565 1590 graviter
579 1513 627 1584 qui
643 1511 751 1588 spernit
763 1510 900 1588 regulam,
914 1513 961 1569 vel
978 1513 1162 1588 Superiorem
1179 1533 1249 1588 pre-

160 1608 328 1686 cipientem:
352 1613 465 1678 “elatio
488 1611 594 1686 quippe
618 1609 858 1677 contemnentis,’'
882 1609 1000 1668 docente
1027 1611 1065 1668 D.
1090 1611 1247 1679 Bemardo,

160 1715 179 1741 ‘⁶
190 1711 219 1766 in
233 1710 358 1769 minimis
372 1729 487 1785 quoque
501 1709 639 1768 mandatis
653 1709 765 1785 culpam
779 1708 845 1767 facit
857 1727 916 1768 non
937 1711 1093 1778 minimam,
1108 1712 1249 1768 convertit

161 1807 190 1864 in
203 1809 311 1866 crimen
331 1811 424 1886 gravis
438 1809 601 1868 rebellionis
615 1827 726 1866 naevum
741 1808 808 1864 satis
825 1809 919 1866 levem
941 1808 1079 1883 simplicis
1094 1817 1250 1886 transgres-

162 1907 251 1965 sionis
263 1901 309 1964 :'’³
327 1909 376 1966 sed
393 1917 572 1983 contemptus
589 1927 646 1964 non
662 1916 802 1975 censetur,
819 1906 893 1980 quod
913 1906 977 1978 quis
994 1906 1097 1982 regulae
1117 1917 1250 1966 statutum

158 2004 229 2063 levis
242 2015 322 2082 putet
334 2026 398 2064 esse
411 2007 558 2073 momenti,
572 2006 618 2064 vel
631 2007 748 2064 modum
772 2006 873 2082 agendi
893 2021 978 2078 quem
994 2006 1130 2080 Superior
1145 2016 1247 2074 servat,

149 2105 239 2181 'parvi
259 2106 351 2164 faciat.
394 2115 412 2142 ‘⁶
425 2107 509 2164 Tunc
532 2108 682 2164 committit
707 2105 808 2178 aliquis
828 2105 874 2162 vel
895 2103 1097 2179 transgreditur
1123 2124 1160 2162 ex
1183 2124 1249 2162 eon-

160 2213 276 2279 temptu‚
298 2203 410 2276 quando
432 2205 562 2264 voluntas
586 2206 647 2281 ejus
667 2203 761 2261 renuit
785 2203 889 2280 subjici
907 2201 1076 2260 ordinationi
1099 2203 1181 2280 legis,
1203 2205 1249 2262 rel

161 2303 263 2379 regulae
276 2323 282 2360 :
305 2312 333 2360 et
346 2322 383 2360 ex
396 2303 451 2361 hoe
464 2301 592 2379 procedit
605 2303 639 2360 ad
653 2301 814 2360 faciendum
828 2310 925 2358 conua
936 2301 1042 2376 legem,
1055 2301 1100 2357 vel
1113 2302 1249 2377 regulam.

163 2401 282 2466 Quando
304 2412 398 2460 autem
421 2421 437 2460 e
460 2420 599 2460 converso
622 2410 736 2477 propter
757 2400 879 2472 aliquam
905 2400 1103 2475 particularem
1124 2419 1249 2468 causam,

163 2510 231 2574 puta
240 2503 511 2577 concupiscentiam,
521 2501 568 2557 vel
578 2503 659 2569 iram,
669 2499 812 2558 inducitur
825 2499 859 2556 ad
868 2498 975 2571 aliquid
986 2498 1147 2556 faciendum
1155 2509 1253 2558 contra

160 2607 260 2655 statuta
271 2600 354 2674 legis,
365 2599 411 2656 vel
425 2599 539 2676 regulae,
553 2619 611 2656 non
626 2608 725 2674 peccat
734 2617 771 2654 ex
785 2606 957 2672 contemptu,
972 2596 1023 2653 sed
1037 2615 1073 2653 ex
1088 2598 1181 2670 aliqua
1194 2599 1249 2655 alia

157 2715 253 2762 causa,
269 2698 352 2754 etiam
367 2699 393 2756 si
405 2697 566 2770 frequenter
580 2716 616 2754 ex
630 2696 728 2754 eadem
742 2713 838 2762 causa,
853 2695 899 2751 vel
917 2694 981 2761 alia,
996 2695 1089 2752 simile
1103 2704 1251 2770 peccatum

161 2788 293 2851 iteret.''’⁴

197 2897 247 2950 82.
270 2893 407 2969 Superior
420 2895 630 2971 Religiosomm
648 2893 730 2950 debet
749 2910 872 2968 praeesse
893 2892 923 2949 in
945 2889 1152 2960 solicitudine,⁵
1165 2901 1194 2950 et
1206 2911 1248 2950 re·

158 2992 262 3067 gularis
276 2993 459 3051 observantie
478 2993 571 3051 studio
592 2993 724 3051 omnibus
744 2992 854 3068 praeire,
875 2989 982 3048 docens
1003 2991 1135 3067 exemplo
1156 2993 1248 3068 magis

160 3109 244 3161 quam
258 3093 354 3148 verbo.
396 3090 547 3168 invigilare
562 3091 644 3149 debet
656 3091 785 3158 subditis,
800 3110 836 3149 ne
857 3091 1003 3166 negligant
1022 3092 1170 3149 sanctioris
1186 3092 1250 3148 vitre

159 3191 349 3265 propositum,
372 3200 400 3246 et
419 3209 534 3248 ornnem
555 3189 686 3247 adhibere
707 3207 823 3264 operam
844 3198 875 3245 ut
888 3189 922 3245 ad
946 3196 1048 3244 metam
1074 3199 1194 3256 nunant,
1216 3191 1252 3246 iis

161 3289 294 3345 virtutum
308 3289 452 3346 exercitiis
467 3309 530 3362 quae
545 3308 598 3346 suo
619 3288 701 3344 statui
716 3287 870 3362 praesertim
884 3285 1075 3343 conveniunt:
1098 3285 1160 3362 ipse
1174 3287 1250 3344 enim

160 3384 194 3441 de
208 3388 355 3445 animabus
375 3405 475 3445 eorum
490 3388 627 3445 rationem
641 3398 776 3461 supremo
795 3383 887 3460 judici
903 3393 946 3441 est
964 3374 1149 3440 redditurus.⁶
1189 3383 1252 3442 Hu-

161 3484 292 3553 militate,
308 3486 535 3553 mansuetudine,
550 3485 683 3543 charitate
697 3501 727 3540 se
741 3483 897 3558 benignum
910 3491 939 3538 et
954 3479 1104 3538 amabilem
1117 3491 1249 3558 prestet:

164 3583 346 3641 “Rectorem
361 3592 387 3642 te
401 3583 575 3660 posuerunt?
618 3583 688 3640 Noli
707 3581 822 3638 extolli:
844 3589 903 3638 esto
918 3581 947 3638 in
961 3580 1017 3638 illis
1031 3581 1112 3652 quasi
1125 3599 1199 3638 unus
1214 3599 1250 3639 ex

193 3760 233 3823 (l)
269 3757 293 3810 2'.
305 3763 329 3809 2.
341 3776 382 3822 qu.
393 3761 439 3810 civ.
453 3768 496 3809 ert.
507 3775 530 3807 v.
565 3757 639 3824 Resp.

194 3843 235 3907 (Q)
255 3843 320 3892 “He
332 3844 388 3892 who
400 3845 460 3893 bath
480 3843 549 3892 mede
568 3860 582 3891 a
600 3858 655 3892 vew
671 3842 699 3891 of
714 3841 851 3898 obedieuce,
869 3840 929 3890 hatb
940 3840 1048 3890 diverted
1061 3839 1161 3890 himself
1174 3842 1203 3890 of
1216 3842 1250 3891 all

156 3931 281 3992 pretences
293 3928 321 3978 of
334 3928 510 3990 contradicting
528 3927 595 3977 what
613 3927 675 3976 shall
694 3929 723 3976 be
737 3925 853 3991 imposed,
873 3926 920 3974 end
937 3925 959 3973 if
971 3925 1011 3972 his
1028 3923 1172 3974 conscience
1189 3925 1251 3976 shell

157 4011 234 4060 ebech
245 4011 297 4060 him
314 4013 340 4062 in
352 4013 393 4062 the
404 4013 514 4062 instance
526 4013 557 4061 he
569 4013 646 4074 ought
663 4019 688 4060 to
700 4011 758 4060 look
769 4025 836 4074 upou
848 4009 867 4058 it
879 4025 906 4058 as
917 4025 932 4058 a
942 4007 1095 4073 temptation,
1108 4009 1156 4057 end
1170 4025 1215 4060 use
1232 4009 1253 4060 it

157 4096 335 4161 aecorffingtyr’
369 4098 420 4148 der.
430 4097 530 4162 Teylor,
542 4098 636 4147 Ductor
647 4095 827 4154 Dubitandum,
838 4095 854 4143 l.
866 4093 882 4143 i
893 4110 914 4142 c.
926 4094 961 4143 iii.
973 4094 1025 4142 rule
1039 4095 1062 4141 θ.
1075 4109 1098 4158 p.
1113 4093 1169 4146 ill.

195 4183 237 4246 (3)
261 4181 292 4230 L.
305 4183 335 4232 de
347 4191 460 4248 precept.
472 4191 497 4234 et
508 4183 611 4249 dispens.
625 4199 646 4232 c.
657 4182 707 4230 xiv.

192 4266 234 4329 (4)
255 4267 279 4314 2.
291 4271 314 4316 Q,
326 4282 367 4329 qu.
379 4267 487 4316 clxxxvi.
500 4275 543 4317 art.
555 4267 589 4316 ix.
624 4265 663 4314 Ad
678 4263 782 4314 tertium.
892 4264 933 4328 (5)
954 4263 1025 4313 Rem.
1039 4264 1081 4313 xii.
1092 4264 1118 4314 8.

196 4352 239 4416 (6)
259 4350 323 4400 Heb.
336 4350 387 4399 xiii
400 4355 439 4400 17.

247 4434 333 4495 Vou.
351 4433 461 4497 1.-32
