3068 5256
283 503 339 558 122
566 491 623 550 DE
646 488 810 559 QUINTO
831 489 1083 551 PRAEOEPTO.

285 663 397 734 utrique
408 655 545 716 exercitui
555 653 743 716 consulatur.¹
761 657 875 715 Privata
884 655 950 715 vend
962 659 1125 716 auctoritate
1131 673 1190 715 non
1198 657 1267 716 licet
1274 673 1376 735 provo·

287 779 350 820 care
365 760 401 817 ad
413 757 617 835 pugnandum
631 775 684 816 nec
698 757 928 834 provocationem
942 766 1105 835 acceptare;
1120 758 1251 828 quamvis
1265 775 1377 833 aggres-

287 879 381 920 sorem
402 857 486 915 liceat
506 855 662 933 repellere;
690 866 727 925 et,
754 857 780 913 si
800 857 861 932 ipse
888 855 987 914 offerat
1012 855 1148 933 gladium,
1169 865 1217 912 aut
1234 856 1375 914 ballistam

286 961 412 1038 igneam,
426 957 461 1015 iis
486 957 571 1014 etiam
584 957 635 1024 uti,
650 956 694 1013 vel
708 955 761 1013 tela
774 957 799 1014 si
820 964 923 1032 praesto
936 957 993 1012 sint
1012 957 1145 1032 arripere,
1158 955 1236 1012 nulla
1248 955 1377 1031 fugiendi

287 1061 392 1133 absque
406 1054 545 1114 dedecore
559 1065 726 1132 suppetente
740 1056 899 1113 occasione.
921 1055 1096 1114 Provocatus
1105 1056 1191 1131 igitur
1204 1053 1241 1110 ad
1249 1053 1375 1112 duellum

287 1167 382 1236 potest
394 1174 448 1214 suo
465 1155 568 1213 honori
582 1156 649 1212 satis
663 1155 821 1222 consulere,
830 1155 1010 1230 protestando
1023 1173 1065 1222 se,
1079 1162 1175 1230 utpote
1190 1151 1302 1210 Christi
1311 1154 1376 1231 lege

288 1259 461 1321 devinctum,
475 1255 612 1330 singulari
625 1255 772 1312 certamini
785 1273 842 1312 non
857 1271 942 1329 posse
955 1271 986 1310 se
1007 1253 1192 1314 committtere
1205 1271 1212 1319 ;
1233 1261 1329 1310 tamen
1342 1253 1375 1312 ad

287 1375 404 1418 omnem
426 1353 558 1431 injuriam
580 1353 774 1430 repellendam
795 1371 908 1430 semper
929 1363 1066 1428 paratum.
1109 1352 1174 1410 Nec
1195 1352 1263 1410 licet
1280 1361 1375 1412 notam

288 1457 407 1535 ignavie
427 1451 550 1510 evitandi
570 1472 665 1522 causa,
685 1454 731 1510 vel
750 1453 837 1510 officii
862 1452 1008 1510 amittendi
1033 1461 1121 1519 metu,
1144 1453 1376 1528 provocationem

289 1563 444 1631 acceptare.
499 1551 564 1608 Hac
596 1554 626 1610 in
657 1571 687 1609 re
715 1551 851 1609 habendae
877 1560 945 1608 sunt
968 1570 1026 1627 prae
1052 1552 1142 1610 oculis
1165 1552 1375 1627 propositiones

291 1651 485 1712 aBenedicto
504 1649 589 1708 XIV.
613 1649 761 1708 damnate.
807 1655 832 1707 1.
863 1649 945 1706 “Vir
964 1651 1102 1719 militaris,
1124 1651 1173 1723 qui
1192 1651 1248 1708 nisi
1278 1650 1376 1709 offerat

290 1763 318 1810 et
344 1759 470 1827 acceptet
504 1749 641 1818 duellum,
671 1759 814 1822 tamquam
842 1748 1055 1818 formidolosus,
1084 1750 1210 1818 timidus,
1239 1751 1375 1827 abjectus,

291 1863 319 1910 et
339 1852 375 1910 ad
394 1849 489 1909 officia
508 1851 642 1908 militaria
660 1851 774 1926 ineptus
800 1848 958 1916 haberetur,
981 1849 1104 1923 indeque
1129 1849 1235 1917 officio,
1262 1869 1320 1922 quo
1346 1867 1376 1906 se

292 1971 419 2026 suosque
433 1959 581 2018 sustentat,
595 1949 761 2026 privaretur,
775 1950 820 2007 rel
841 1949 1028 2025 promotionis
1050 1949 1120 2007 alias
1140 1948 1193 2006 sibi
1215 1948 1325 2016 debita,
1345 1967 1376 2004 ac

291 2053 450 2128 promeritae
465 2067 516 2132 spe
538 2058 675 2124 perpetuo
695 2067 789 2106 carere
810 2047 934 2115 deberet,
949 2050 1032 2124 culpa
1045 2058 1073 2106 et
1085 2067 1171 2125 poena
1183 2058 1304 2115 vacaret,
1318 2050 1376 2106 sive

287 2150 396 2218 offerat,
411 2157 540 2222 acceptet
552 2147 688 2206 duellum.
709 2153 738 2206 2.
753 2148 896 2206 Excusari
909 2158 1029 2222 possunt
1041 2151 1125 2208 etiam
1139 2146 1256 2206 honoris
1270 2147 1375 2214 tuendi,

287 2251 334 2307 vel
347 2249 478 2307 humanae
491 2247 689 2324 vilipensionis
703 2247 824 2305 vitanda
838 2248 936 2324 gratia,
946 2245 1070 2307 duellum
1080 2257 1269 2324 acceptantes,
1282 2247 1329 2304 vel
1342 2245 1376 2303 ad

286 2348 355 2407 illud
368 2356 564 2424 provocantes
579 2346 692 2418 quando
705 2357 782 2404 certo
795 2349 887 2404 sciunt
896 2366 1021 2423 pugnam
1035 2367 1094 2406 non
1107 2365 1170 2404 esse
1184 2356 1376 2420 sequuturam,

286 2456 382 2524 utpote
396 2447 430 2503 ab
444 2445 506 2502 aliis
520 2445 740 2522 impediendam.
785 2451 813 2504 3.
836 2448 906 2503 Non
925 2447 1041 2506 incurrit
1060 2446 1264 2506 ecclesiasticas
1277 2464 1377 2522 peenas

287 2555 383 2606 contra
398 2543 553 2604 duellantes
565 2545 635 2602 latas
649 2545 708 2602 dux
720 2545 766 2602 vel
779 2545 907 2604 officialis
921 2547 1028 2605 militia
1039 2555 1188 2624 acceptans
1202 2545 1327 2604 duellum
1341 2563 1377 2603 ex

288 2647 367 2726 gravi
389 2654 465 2704 metu
489 2645 650 2703 amissionis
672 2645 765 2713 samae,
789 2647 834 2702 vel
854 2645 952 2704 officii.
994 2651 1022 2704 4.
1045 2646 1168 2706 Licitum
1192 2655 1236 2702 est
1257 2647 1286 2704 in
1306 2655 1377 2703 statu

289 2747 413 2806 hominis
436 2746 555 2804 naturali
576 2755 720 2822 acceptare
747 2754 775 2802 et
800 2744 903 2803 offerre
929 2744 1054 2805 duellum
1074 2746 1109 2804 ad
1134 2745 1287 2803 servandas
1313 2763 1377 2803 cum

287 2849 396 2906 honore
410 2847 545 2914 fortunas,
560 2845 674 2918 quando
682 2845 737 2902 alio
746 2844 872 2902 remedio
881 2864 978 2903 eorum
985 2847 1094 2923 jactura
1102 2846 1261 2922 propulsari
1270 2845 1376 2916 nequit.

290 2952 318 3004 5.
339 2947 455 3002 Asserta
477 2944 591 3000 licentia
612 2961 664 3019 pro
687 2953 759 3000 statu
779 2945 897 3001 naturali
917 2946 1052 3021 applicari
1072 2947 1156 3004 etiam
1180 2954 1274 3020 potest
1295 2944 1377 3001 statui

289 3042 409 3100 civitatis
423 3041 496 3097 male
510 3041 654 3107 ordinate,
669 3041 698 3100 in
718 3060 776 3113 qua
798 3042 932 3102 nimirum
954 3045 998 3102 vel
1018 3045 1200 3122 negligentia,
1215 3045 1260 3101 vel
1273 3043 1378 3101 malitia

290 3143 480 3218 magistratus,
490 3141 601 3217 justitia
613 3148 708 3217 aperte
723 3136 926 3226 denegatur.”²

331 3245 397 3298 138.
419 3239 517 3297 Poenae
531 3241 562 3298 in
575 3240 730 3298 duellantes
743 3241 805 3298 latae
819 3252 885 3300 sunt
906 3246 932 3306 l.
949 3241 1216 3301 Excommunicatio
1230 3243 1295 3319 ipso
1305 3241 1378 3299 facto

288 3338 464 3407 incurrenda‚
479 3350 507 3396 et
529 3339 662 3398 Pontifici
685 3349 835 3398 reservata.
877 3347 906 3400 2.
928 3343 1054 3400 Privatio
1068 3343 1218 3419 sepulture
1232 3341 1379 3399 ecclesias·

287 3444 358 3510 ucae,
368 3440 421 3498 etsi
435 3441 617 3498 sacramentis
626 3440 727 3497 muniti
736 3433 941 3498 dicesserint.³
961 3441 1268 3501 Excommunicatione
1276 3442 1379 3518 pariter

286 3545 408 3620 ligantur
421 3541 534 3618 patrini,
549 3551 577 3599 et
589 3559 689 3599 omnes
703 3540 750 3596 alii
764 3541 813 3612 qui
826 3541 944 3598 consilio
958 3560 1020 3608 suo,
1031 3541 1076 3598 vel
1086 3543 1237 3619 praesentia
1250 3541 1380 3598 sanciunt

287 3655 315 3699 et
328 3643 447 3718 probant
466 3640 602 3707 duellum,
624 3640 750 3697 animum
772 3642 937 3716 pugnaturis
960 3640 1130 3716 adjiciendo.
1173 3641 1262 3707 “Qui
1276 3638 1377 3706 rero‚”

289 3740 381 3812 inquit
395 3745 414 3772 ‘⁶
426 3736 628 3795 Tridentinum
652 3738 804 3797 concilium
820 3757 946 3815 pugnam
960 3741 1163 3808 commiserint,
1178 3741 1267 3813 etqui
1281 3757 1378 3797 eorum

288 3838 390 3918 patrini
403 3845 547 3904 vocantur,
568 3837 882 3905 excommunicationis,
897 3859 929 3896 ac
951 3840 1080 3898 omnium
1102 3840 1242 3900 bonorum
1262 3857 1377 3896 suorum

290 3937 513 4016 proscriptionis,
529 3955 560 3995 ac
574 3944 718 4014 perpetue
738 3935 861 3994 insamiae
875 3957 989 4016 poenam
1013 3941 1172 4008 incurrant;
1193 3948 1222 3996 et
1243 3949 1275 3996 ut
1287 3938 1378 3996 homi·

288 4038 367 4106 cidae,
378 4039 462 4115 juxta
475 4055 571 4098 sacros
584 4054 708 4096 canones
722 4036 816 4112 puniri
829 4036 958 4096 debeant.
1000 4039 1049 4109 Et,
1064 4041 1089 4098 si
1108 4041 1139 4098 in
1159 4041 1224 4116 ipso
1245 4038 1375 4097 conflicto

387 4257 429 4322 (1)
450 4255 513 4306 Vide
525 4257 644 4310 ieremias
656 4259 759 4326 Taylor,
770 4257 843 4311 Duct.
854 4259 922 4312 Dub.
933 4261 950 4310 l.
958 4260 992 4310 iii.
1005 4275 1026 4310 c.
1038 4261 1063 4311 ii.
1075 4261 1123 4312 vol.
1135 4260 1159 4311 ii.
1171 4277 1195 4326 p.
1209 4261 1265 4308 lla.

386 4342 428 4406 (2)
448 4341 530 4390 Const.
543 4342 726 4394 Detestabilem.

388 4427 430 4495 (3)
450 4425 551 4476 ibidem.
