<?xml version="1.0" encoding="UTF-8"?>
<!DOCTYPE html PUBLIC "-//W3C//DTD XHTML 1.0 Transitional//EN"
    "http://www.w3.org/TR/xhtml1/DTD/xhtml1-transitional.dtd">
<html xmlns="http://www.w3.org/1999/xhtml" xml:lang="en" lang="en">
 <head>
  <title>
</title>
<meta http-equiv="Content-Type" content="text/html;charset=utf-8" />
  <meta name='ocr-system' content='tesseract 3.04.00' />
  <meta name='ocr-capabilities' content='ocr_page ocr_carea ocr_par ocr_line ocrx_word'/>
</head>
<body>
  <div class='ocr_page' id='page_1' title='image "./theologiaemoral03kenrgoog_0105.png"; bbox 0 0 3068 5256; ppageno 0'>
   <div class='ocr_carea' id='block_1_1' title="bbox 216 450 1037 516">
    <p class='ocr_par' dir='ltr' id='par_1_1' title="bbox 216 450 1037 516">
     <span class='ocr_line' id='line_1_1' title="bbox 216 450 1037 516; baseline -0.01 0"><span class='ocrx_word' id='word_1_1' title='bbox 216 461 256 516; x_wconf 83' lang='grc'>86</span> <span class='ocrx_word' id='word_1_2' title='bbox 484 455 541 516; x_wconf 88' lang='lat' dir='ltr'>DE</span> <span class='ocrx_word' id='word_1_3' title='bbox 563 450 765 516; x_wconf 76' lang='lat' dir='ltr'>SECUNDO</span> <span class='ocrx_word' id='word_1_4' title='bbox 786 450 1037 512; x_wconf 82' lang='lat' dir='ltr'>PRAECEPTO.</span> 
     </span>
    </p>
   </div>
   <div class='ocr_carea' id='block_1_2' title="bbox 179 617 1315 3753">
    <p class='ocr_par' dir='ltr' id='par_1_2' title="bbox 216 617 1308 800">
     <span class='ocr_line' id='line_1_2' title="bbox 218 617 1308 698; baseline -0.002 -16"><span class='ocrx_word' id='word_1_5' title='bbox 218 622 304 682; x_wconf 84' lang='lat' dir='ltr'>Sedis</span> <span class='ocrx_word' id='word_1_6' title='bbox 320 621 445 689; x_wconf 85' lang='lat' dir='ltr'>licentia,</span> <span class='ocrx_word' id='word_1_7' title='bbox 459 619 641 698; x_wconf 76' lang='lat' dir='ltr'>Religionem</span> <span class='ocrx_word' id='word_1_8' title='bbox 655 617 785 694; x_wconf 84' lang='lat' dir='ltr'>ingredi:</span> <span class='ocrx_word' id='word_1_9' title='bbox 807 618 932 677; x_wconf 87' lang='lat' dir='ltr'>obstante</span> <span class='ocrx_word' id='word_1_10' title='bbox 942 619 1106 694; x_wconf 86' lang='lat' dir='ltr'>juramento</span> <span class='ocrx_word' id='word_1_11' title='bbox 1119 637 1178 691; x_wconf 88' lang='lat' dir='ltr'>quo</span> <span class='ocrx_word' id='word_1_12' title='bbox 1191 619 1308 680; x_wconf 84' lang='lat' dir='ltr'>adstrin-</span> 
     </span>
     <span class='ocr_line' id='line_1_3' title="bbox 216 729 329 800; baseline 0 -22"><span class='ocrx_word' id='word_1_13' title='bbox 216 729 329 800; x_wconf 85' lang='lat' dir='ltr'>grmtur.</span> 
     </span>
    </p>

    <p class='ocr_par' dir='ltr' id='par_1_3' title="bbox 214 813 1313 1289">
     <span class='ocr_line' id='line_1_4' title="bbox 258 813 1313 895; baseline -0.001 -17"><span class='ocrx_word' id='word_1_14' title='bbox 258 825 307 878; x_wconf 77' lang='grc'>54.</span> <span class='ocrx_word' id='word_1_15' title='bbox 328 819 525 878; x_wconf 82' lang='lat' dir='ltr'>duramentum</span> <span class='ocrx_word' id='word_1_16' title='bbox 540 817 576 877; x_wconf 91' lang='lat' dir='ltr'>de</span> <span class='ocrx_word' id='word_1_17' title='bbox 595 835 654 876; x_wconf 94' lang='lat' dir='ltr'>non</span> <span class='ocrx_word' id='word_1_18' title='bbox 675 813 810 882; x_wconf 86' lang='lat' dir='ltr'>ludendo,</span> <span class='ocrx_word' id='word_1_19' title='bbox 824 814 871 872; x_wconf 83' lang='lat' dir='ltr'>vel</span> <span class='ocrx_word' id='word_1_20' title='bbox 889 831 947 872; x_wconf 88' lang='lat' dir='ltr'>non</span> <span class='ocrx_word' id='word_1_21' title='bbox 959 815 1091 884; x_wconf 90' lang='lat' dir='ltr'>bibendo,</span> <span class='ocrx_word' id='word_1_22' title='bbox 1106 815 1214 892; x_wconf 88' lang='lat' dir='ltr'>obligat</span> <span class='ocrx_word' id='word_1_23' title='bbox 1229 820 1313 895; x_wconf 85' lang='lat' dir='ltr'>juxta</span> 
     </span>
     <span class='ocr_line' id='line_1_5' title="bbox 214 914 1312 998; baseline -0.002 -20"><span class='ocrx_word' id='word_1_24' title='bbox 214 919 337 998; x_wconf 84' lang='lat' dir='ltr'>jurantis</span> <span class='ocrx_word' id='word_1_25' title='bbox 350 920 555 978; x_wconf 87' lang='lat' dir='ltr'>intentionem:</span> <span class='ocrx_word' id='word_1_26' title='bbox 577 916 647 973; x_wconf 86' lang='lat' dir='ltr'>adeo</span> <span class='ocrx_word' id='word_1_27' title='bbox 659 925 691 972; x_wconf 86' lang='lat' dir='ltr'>ut</span> <span class='ocrx_word' id='word_1_28' title='bbox 703 915 727 972; x_wconf 90' lang='lat' dir='ltr'>si</span> <span class='ocrx_word' id='word_1_29' title='bbox 741 915 837 972; x_wconf 88' lang='lat' dir='ltr'>animo</span> <span class='ocrx_word' id='word_1_30' title='bbox 850 914 1039 990; x_wconf 79' lang='lat' dir='ltr'>proposuerit,</span> <span class='ocrx_word' id='word_1_31' title='bbox 1051 933 1081 972; x_wconf 90' lang='lat' dir='ltr'>se</span> <span class='ocrx_word' id='word_1_32' title='bbox 1096 917 1130 972; x_wconf 87' lang='lat' dir='ltr'>ab</span> <span class='ocrx_word' id='word_1_33' title='bbox 1140 916 1221 973; x_wconf 91' lang='lat' dir='ltr'>omni</span> <span class='ocrx_word' id='word_1_34' title='bbox 1234 936 1312 993; x_wconf 88' lang='lat' dir='ltr'>pror-</span> 
     </span>
     <span class='ocr_line' id='line_1_6' title="bbox 220 1012 1312 1093; baseline -0.003 -17"><span class='ocrx_word' id='word_1_35' title='bbox 220 1037 269 1076; x_wconf 87' lang='lat' dir='ltr'>sus</span> <span class='ocrx_word' id='word_1_36' title='bbox 282 1017 341 1074; x_wconf 85' lang='lat' dir='ltr'>ludi</span> <span class='ocrx_word' id='word_1_37' title='bbox 355 1035 458 1093; x_wconf 88' lang='lat' dir='ltr'>genere</span> <span class='ocrx_word' id='word_1_38' title='bbox 472 1018 677 1083; x_wconf 77' lang='lat' dir='ltr'>abstenturum,</span> <span class='ocrx_word' id='word_1_39' title='bbox 698 1023 727 1072; x_wconf 86' lang='lat' dir='ltr'>et</span> <span class='ocrx_word' id='word_1_40' title='bbox 746 1015 780 1071; x_wconf 89' lang='lat' dir='ltr'>ab</span> <span class='ocrx_word' id='word_1_41' title='bbox 800 1012 879 1070; x_wconf 89' lang='lat' dir='ltr'>omni</span> <span class='ocrx_word' id='word_1_42' title='bbox 898 1021 967 1088; x_wconf 88' lang='lat' dir='ltr'>potu</span> <span class='ocrx_word' id='word_1_43' title='bbox 986 1013 1151 1081; x_wconf 80' lang='lat' dir='ltr'>inebriante,</span> <span class='ocrx_word' id='word_1_44' title='bbox 1166 1014 1266 1072; x_wconf 85' lang='lat' dir='ltr'>debeat</span> <span class='ocrx_word' id='word_1_45' title='bbox 1277 1019 1312 1073; x_wconf 91' lang='lat' dir='ltr'>ab</span> 
     </span>
     <span class='ocr_line' id='line_1_7' title="bbox 221 1111 1311 1187; baseline -0.001 -13"><span class='ocrx_word' id='word_1_46' title='bbox 221 1119 256 1176; x_wconf 88' lang='lat' dir='ltr'>iis</span> <span class='ocrx_word' id='word_1_47' title='bbox 277 1116 427 1176; x_wconf 85' lang='lat' dir='ltr'>abstinere.</span> <span class='ocrx_word' id='word_1_48' title='bbox 471 1115 616 1173; x_wconf 71' lang='lat' dir='ltr'>Ceterum</span> <span class='ocrx_word' id='word_1_49' title='bbox 637 1115 693 1172; x_wconf 90' lang='lat' dir='ltr'>levi</span> <span class='ocrx_word' id='word_1_50' title='bbox 716 1113 746 1170; x_wconf 95' lang='lat' dir='ltr'>in</span> <span class='ocrx_word' id='word_1_51' title='bbox 765 1129 796 1170; x_wconf 84' lang='grc'>11</span> <span class='ocrx_word' id='word_1_52' title='bbox 814 1130 831 1169; x_wconf 88' lang='lat' dir='ltr'>a</span> <span class='ocrx_word' id='word_1_53' title='bbox 848 1112 1012 1187; x_wconf 87' lang='lat' dir='ltr'>juramento</span> <span class='ocrx_word' id='word_1_54' title='bbox 1033 1111 1176 1182; x_wconf 84' lang='lat' dir='ltr'>recedere,</span> <span class='ocrx_word' id='word_1_55' title='bbox 1190 1116 1311 1173; x_wconf 88' lang='lat' dir='ltr'>venialis</span> 
     </span>
     <span class='ocr_line' id='line_1_8' title="bbox 222 1214 522 1289; baseline -0.003 -16"><span class='ocrx_word' id='word_1_56' title='bbox 222 1214 365 1273; x_wconf 89' lang='lat' dir='ltr'>censenda</span> <span class='ocrx_word' id='word_1_57' title='bbox 377 1223 420 1271; x_wconf 85' lang='lat' dir='ltr'>est</span> <span class='ocrx_word' id='word_1_58' title='bbox 428 1214 522 1289; x_wconf 86' lang='lat' dir='ltr'>culpa.</span> 
     </span>
    </p>

    <p class='ocr_par' dir='ltr' id='par_1_4' title="bbox 219 1290 1312 1587">
     <span class='ocr_line' id='line_1_9' title="bbox 262 1290 1311 1388; baseline -0.001 -18"><span class='ocrx_word' id='word_1_59' title='bbox 262 1290 310 1371; x_wconf 70' lang='grc'>55.</span> <span class='ocrx_word' id='word_1_60' title='bbox 331 1313 531 1372; x_wconf 77' lang='lat' dir='ltr'>duramentum</span> <span class='ocrx_word' id='word_1_61' title='bbox 545 1312 580 1370; x_wconf 91' lang='lat' dir='ltr'>de</span> <span class='ocrx_word' id='word_1_62' title='bbox 594 1329 623 1368; x_wconf 91' lang='lat' dir='ltr'>re</span> <span class='ocrx_word' id='word_1_63' title='bbox 636 1311 731 1384; x_wconf 83' lang='lat' dir='ltr'>aliqua</span> <span class='ocrx_word' id='word_1_64' title='bbox 743 1307 820 1383; x_wconf 89' lang='lat' dir='ltr'>quod</span> <span class='ocrx_word' id='word_1_65' title='bbox 836 1328 902 1367; x_wconf 89' lang='lat' dir='ltr'>cum</span> <span class='ocrx_word' id='word_1_66' title='bbox 916 1309 1004 1385; x_wconf 86' lang='lat' dir='ltr'>priori</span> <span class='ocrx_word' id='word_1_67' title='bbox 1019 1309 1181 1386; x_wconf 87' lang='lat' dir='ltr'>juramento</span> <span class='ocrx_word' id='word_1_68' title='bbox 1194 1325 1311 1388; x_wconf 84' lang='lat' dir='ltr'>pugnat,</span> 
     </span>
     <span class='ocr_line' id='line_1_10' title="bbox 220 1406 1312 1485; baseline -0.002 -15"><span class='ocrx_word' id='word_1_69' title='bbox 220 1413 331 1472; x_wconf 84' lang='lat' dir='ltr'>irritum</span> <span class='ocrx_word' id='word_1_70' title='bbox 344 1421 405 1470; x_wconf 91' lang='lat' dir='ltr'>est:</span> <span class='ocrx_word' id='word_1_71' title='bbox 420 1414 552 1484; x_wconf 89' lang='lat' dir='ltr'>iniquum</span> <span class='ocrx_word' id='word_1_72' title='bbox 560 1412 636 1469; x_wconf 88' lang='lat' dir='ltr'>enim</span> <span class='ocrx_word' id='word_1_73' title='bbox 650 1411 722 1467; x_wconf 85' lang='lat' dir='ltr'>foret</span> <span class='ocrx_word' id='word_1_74' title='bbox 733 1411 813 1485; x_wconf 88' lang='lat' dir='ltr'>prius</span> <span class='ocrx_word' id='word_1_75' title='bbox 826 1407 896 1466; x_wconf 83' lang='lat' dir='ltr'>iliud</span> <span class='ocrx_word' id='word_1_76' title='bbox 909 1406 985 1479; x_wconf 91' lang='lat' dir='ltr'>quod</span> <span class='ocrx_word' id='word_1_77' title='bbox 998 1407 1032 1464; x_wconf 89' lang='lat' dir='ltr'>de</span> <span class='ocrx_word' id='word_1_78' title='bbox 1045 1427 1076 1466; x_wconf 90' lang='lat' dir='ltr'>re</span> <span class='ocrx_word' id='word_1_79' title='bbox 1084 1409 1161 1466; x_wconf 87' lang='lat' dir='ltr'>licita</span> <span class='ocrx_word' id='word_1_80' title='bbox 1174 1412 1312 1470; x_wconf 90' lang='lat' dir='ltr'>emissum</span> 
     </span>
     <span class='ocr_line' id='line_1_11' title="bbox 219 1510 591 1587; baseline -0.005 -19"><span class='ocrx_word' id='word_1_81' title='bbox 219 1521 263 1568; x_wconf 90' lang='lat' dir='ltr'>est</span> <span class='ocrx_word' id='word_1_82' title='bbox 271 1512 465 1587; x_wconf 87' lang='lat' dir='ltr'>juramentum</span> <span class='ocrx_word' id='word_1_83' title='bbox 478 1510 591 1568; x_wconf 89' lang='lat' dir='ltr'>violare.</span> 
     </span>
    </p>

    <p class='ocr_par' dir='ltr' id='par_1_5' title="bbox 179 1605 1315 3163">
     <span class='ocr_line' id='line_1_12' title="bbox 261 1605 1312 1681; baseline -0.001 -15"><span class='ocrx_word' id='word_1_84' title='bbox 261 1613 309 1667; x_wconf 80' lang='grc'>56.</span> <span class='ocrx_word' id='word_1_85' title='bbox 347 1610 545 1669; x_wconf 75' lang='lat' dir='ltr'>duramentum</span> <span class='ocrx_word' id='word_1_86' title='bbox 571 1606 697 1681; x_wconf 86' lang='lat' dir='ltr'>sequitur</span> <span class='ocrx_word' id='word_1_87' title='bbox 718 1617 846 1665; x_wconf 88' lang='lat' dir='ltr'>naturam</span> <span class='ocrx_word' id='word_1_88' title='bbox 872 1605 1072 1680; x_wconf 71' lang='lat' dir='ltr'>promissionis</span> <span class='ocrx_word' id='word_1_89' title='bbox 1099 1625 1183 1679; x_wconf 89' lang='lat' dir='ltr'>quam</span> <span class='ocrx_word' id='word_1_90' title='bbox 1209 1609 1312 1675; x_wconf 87' lang='lat' dir='ltr'>firmat,</span> 
     </span>
     <span class='ocr_line' id='line_1_13' title="bbox 223 1703 1315 1786; baseline -0.001 -20"><span class='ocrx_word' id='word_1_91' title='bbox 223 1727 288 1766; x_wconf 84' lang='lat' dir='ltr'>narn</span> <span class='ocrx_word' id='word_1_92' title='bbox 298 1709 382 1784; x_wconf 77' lang='lat' dir='ltr'>juxta</span> <span class='ocrx_word' id='word_1_93' title='bbox 396 1710 470 1785; x_wconf 88' lang='lat' dir='ltr'>juris</span> <span class='ocrx_word' id='word_1_94' title='bbox 483 1707 621 1784; x_wconf 87' lang='lat' dir='ltr'>regulam,</span> <span class='ocrx_word' id='word_1_95' title='bbox 636 1705 836 1764; x_wconf 74' lang='lat' dir='ltr'>accessorium</span> <span class='ocrx_word' id='word_1_96' title='bbox 846 1703 982 1780; x_wconf 79' lang='lat' dir='ltr'>seqnitur</span> <span class='ocrx_word' id='word_1_97' title='bbox 1000 1711 1144 1786; x_wconf 62' lang='lat' dir='ltr'>natugom</span> <span class='ocrx_word' id='word_1_98' title='bbox 1158 1707 1315 1784; x_wconf 79' lang='lat' dir='ltr'>principa·</span> 
     </span>
     <span class='ocr_line' id='line_1_14' title="bbox 223 1802 1314 1883; baseline 0.001 -20"><span class='ocrx_word' id='word_1_99' title='bbox 223 1806 272 1865; x_wconf 83' lang='lat' dir='ltr'>lis.</span> <span class='ocrx_word' id='word_1_100' title='bbox 315 1808 365 1866; x_wconf 87' lang='lat' dir='ltr'>Sic</span> <span class='ocrx_word' id='word_1_101' title='bbox 379 1809 429 1880; x_wconf 91' lang='lat' dir='ltr'>qui</span> <span class='ocrx_word' id='word_1_102' title='bbox 438 1808 514 1883; x_wconf 91' lang='lat' dir='ltr'>jurat</span> <span class='ocrx_word' id='word_1_103' title='bbox 527 1825 557 1862; x_wconf 91' lang='lat' dir='ltr'>se</span> <span class='ocrx_word' id='word_1_104' title='bbox 572 1817 747 1864; x_wconf 84' lang='lat' dir='ltr'>servaturum</span> <span class='ocrx_word' id='word_1_105' title='bbox 766 1813 869 1862; x_wconf 86' lang='lat' dir='ltr'>statuta</span> <span class='ocrx_word' id='word_1_106' title='bbox 887 1802 1115 1879; x_wconf 79' lang='lat' dir='ltr'>congregationis</span> <span class='ocrx_word' id='word_1_107' title='bbox 1128 1805 1257 1883; x_wconf 88' lang='lat' dir='ltr'>alicujus,</span> <span class='ocrx_word' id='word_1_108' title='bbox 1271 1807 1314 1864; x_wconf 89' lang='lat' dir='ltr'>in-</span> 
     </span>
     <span class='ocr_line' id='line_1_15' title="bbox 224 1904 1315 1982; baseline -0.002 -18"><span class='ocrx_word' id='word_1_109' title='bbox 224 1907 358 1982; x_wconf 86' lang='lat' dir='ltr'>telligitur</span> <span class='ocrx_word' id='word_1_110' title='bbox 370 1926 401 1965; x_wconf 87' lang='lat' dir='ltr'>se</span> <span class='ocrx_word' id='word_1_111' title='bbox 416 1905 450 1963; x_wconf 91' lang='lat' dir='ltr'>ad</span> <span class='ocrx_word' id='word_1_112' title='bbox 464 1923 496 1962; x_wconf 86' lang='lat' dir='ltr'>ea</span> <span class='ocrx_word' id='word_1_113' title='bbox 510 1904 646 1964; x_wconf 89' lang='lat' dir='ltr'>servanda</span> <span class='ocrx_word' id='word_1_114' title='bbox 665 1905 799 1980; x_wconf 88' lang='lat' dir='ltr'>obligare,</span> <span class='ocrx_word' id='word_1_115' title='bbox 821 1912 961 1975; x_wconf 85' lang='lat' dir='ltr'>quatenus</span> <span class='ocrx_word' id='word_1_116' title='bbox 982 1913 1048 1960; x_wconf 90' lang='lat' dir='ltr'>sunt</span> <span class='ocrx_word' id='word_1_117' title='bbox 1072 1921 1127 1961; x_wconf 87' lang='lat' dir='ltr'>usu</span> <span class='ocrx_word' id='word_1_118' title='bbox 1148 1914 1271 1981; x_wconf 81' lang='lat' dir='ltr'>recepta,</span> <span class='ocrx_word' id='word_1_119' title='bbox 1285 1915 1315 1962; x_wconf 88' lang='lat' dir='ltr'>et</span> 
     </span>
     <span class='ocr_line' id='line_1_16' title="bbox 221 2000 1313 2079; baseline -0.001 -18"><span class='ocrx_word' id='word_1_120' title='bbox 221 2005 276 2061; x_wconf 83' lang='lat' dir='ltr'>snb</span> <span class='ocrx_word' id='word_1_121' title='bbox 291 2006 369 2079; x_wconf 86' lang='lat' dir='ltr'>gravi</span> <span class='ocrx_word' id='word_1_122' title='bbox 382 2005 428 2061; x_wconf 90' lang='lat' dir='ltr'>vel</span> <span class='ocrx_word' id='word_1_123' title='bbox 439 2004 496 2060; x_wconf 89' lang='lat' dir='ltr'>levi</span> <span class='ocrx_word' id='word_1_124' title='bbox 510 2004 603 2079; x_wconf 86' lang='lat' dir='ltr'>eulpa,</span> <span class='ocrx_word' id='word_1_125' title='bbox 617 2010 702 2075; x_wconf 87' lang='lat' dir='ltr'>prout</span> <span class='ocrx_word' id='word_1_126' title='bbox 714 2000 888 2058; x_wconf 89' lang='lat' dir='ltr'>consuetudo</span> <span class='ocrx_word' id='word_1_127' title='bbox 902 2001 1106 2076; x_wconf 86' lang='lat' dir='ltr'>interpretatur.</span> <span class='ocrx_word' id='word_1_128' title='bbox 1148 2002 1251 2061; x_wconf 89' lang='lat' dir='ltr'>Omnis</span> <span class='ocrx_word' id='word_1_129' title='bbox 1265 2022 1313 2060; x_wconf 88' lang='lat' dir='ltr'>au-</span> 
     </span>
     <span class='ocr_line' id='line_1_17' title="bbox 222 2097 1312 2177; baseline 0.001 -19"><span class='ocrx_word' id='word_1_130' title='bbox 222 2111 279 2159; x_wconf 85' lang='lat' dir='ltr'>tem</span> <span class='ocrx_word' id='word_1_131' title='bbox 289 2103 442 2176; x_wconf 85' lang='lat' dir='ltr'>promissio</span> <span class='ocrx_word' id='word_1_132' title='bbox 455 2099 551 2175; x_wconf 89' lang='lat' dir='ltr'>plures</span> <span class='ocrx_word' id='word_1_133' title='bbox 561 2097 738 2158; x_wconf 90' lang='lat' dir='ltr'>conditiones</span> <span class='ocrx_word' id='word_1_134' title='bbox 751 2099 894 2157; x_wconf 89' lang='lat' dir='ltr'>includere</span> <span class='ocrx_word' id='word_1_135' title='bbox 911 2109 1057 2157; x_wconf 85' lang='lat' dir='ltr'>censetur:</span> <span class='ocrx_word' id='word_1_136' title='bbox 1081 2101 1121 2158; x_wconf 84' lang='lat'>1⁰.</span> <span class='ocrx_word' id='word_1_137' title='bbox 1137 2102 1171 2158; x_wconf 84' lang='lat' dir='ltr'>Si</span> <span class='ocrx_word' id='word_1_138' title='bbox 1183 2110 1312 2177; x_wconf 88' lang='lat' dir='ltr'>potuero,</span> 
     </span>
     <span class='ocr_line' id='line_1_18' title="bbox 219 2194 1312 2276; baseline 0.002 -20"><span class='ocrx_word' id='word_1_139' title='bbox 219 2217 304 2257; x_wconf 91' lang='lat' dir='ltr'>nemo</span> <span class='ocrx_word' id='word_1_140' title='bbox 324 2200 400 2258; x_wconf 90' lang='lat' dir='ltr'>enim</span> <span class='ocrx_word' id='word_1_141' title='bbox 424 2197 458 2255; x_wconf 87' lang='lat' dir='ltr'>ad</span> <span class='ocrx_word' id='word_1_142' title='bbox 480 2198 657 2275; x_wconf 89' lang='lat' dir='ltr'>impossibile</span> <span class='ocrx_word' id='word_1_143' title='bbox 681 2207 798 2255; x_wconf 87' lang='lat' dir='ltr'>tenetur.</span> <span class='ocrx_word' id='word_1_144' title='bbox 840 2197 882 2254; x_wconf 80' lang='lat'>2⁰.</span> <span class='ocrx_word' id='word_1_145' title='bbox 907 2197 993 2255; x_wconf 80' lang='lat' dir='ltr'>Salvo</span> <span class='ocrx_word' id='word_1_146' title='bbox 1011 2199 1075 2274; x_wconf 91' lang='lat' dir='ltr'>jure</span> <span class='ocrx_word' id='word_1_147' title='bbox 1095 2194 1312 2276; x_wconf 85' lang='lat' dir='ltr'>Superiorum;¹</span> 
     </span>
     <span class='ocr_line' id='line_1_19' title="bbox 219 2297 1312 2374; baseline 0 -21"><span class='ocrx_word' id='word_1_148' title='bbox 219 2297 347 2356; x_wconf 88' lang='lat' dir='ltr'>subditus</span> <span class='ocrx_word' id='word_1_149' title='bbox 369 2299 447 2356; x_wconf 90' lang='lat' dir='ltr'>enim</span> <span class='ocrx_word' id='word_1_150' title='bbox 466 2299 565 2371; x_wconf 87' lang='lat' dir='ltr'>nequit</span> <span class='ocrx_word' id='word_1_151' title='bbox 590 2299 744 2372; x_wconf 89' lang='lat' dir='ltr'>superioris</span> <span class='ocrx_word' id='word_1_152' title='bbox 760 2299 827 2374; x_wconf 83' lang='lat' dir='ltr'>jura</span> <span class='ocrx_word' id='word_1_153' title='bbox 846 2297 1009 2372; x_wconf 83' lang='lat' dir='ltr'>transigere.</span> <span class='ocrx_word' id='word_1_154' title='bbox 1045 2297 1085 2355; x_wconf 82' lang='lat'>3⁰.</span> <span class='ocrx_word' id='word_1_155' title='bbox 1108 2299 1141 2355; x_wconf 82' lang='lat' dir='ltr'>si</span> <span class='ocrx_word' id='word_1_156' title='bbox 1163 2300 1188 2355; x_wconf 92' lang='lat' dir='ltr'>is</span> <span class='ocrx_word' id='word_1_157' title='bbox 1211 2301 1257 2357; x_wconf 88' lang='lat' dir='ltr'>eui</span> <span class='ocrx_word' id='word_1_158' title='bbox 1279 2300 1312 2356; x_wconf 88' lang='lat' dir='ltr'>fit</span> 
     </span>
     <span class='ocr_line' id='line_1_20' title="bbox 219 2394 1313 2472; baseline 0.002 -20"><span class='ocrx_word' id='word_1_159' title='bbox 219 2397 372 2472; x_wconf 86' lang='lat' dir='ltr'>promissio</span> <span class='ocrx_word' id='word_1_160' title='bbox 386 2404 521 2471; x_wconf 87' lang='lat' dir='ltr'>acceptet,</span> <span class='ocrx_word' id='word_1_161' title='bbox 535 2396 580 2453; x_wconf 88' lang='lat' dir='ltr'>vel</span> <span class='ocrx_word' id='word_1_162' title='bbox 593 2414 651 2454; x_wconf 91' lang='lat' dir='ltr'>non</span> <span class='ocrx_word' id='word_1_163' title='bbox 664 2398 794 2454; x_wconf 89' lang='lat' dir='ltr'>remittat.</span> <span class='ocrx_word' id='word_1_164' title='bbox 836 2394 877 2451; x_wconf 86' lang='lat'>4⁰.</span> <span class='ocrx_word' id='word_1_165' title='bbox 899 2395 933 2451; x_wconf 82' lang='lat' dir='ltr'>Si</span> <span class='ocrx_word' id='word_1_166' title='bbox 952 2414 997 2452; x_wconf 89' lang='lat' dir='ltr'>res</span> <span class='ocrx_word' id='word_1_167' title='bbox 1016 2414 1074 2453; x_wconf 93' lang='lat' dir='ltr'>non</span> <span class='ocrx_word' id='word_1_168' title='bbox 1089 2397 1173 2454; x_wconf 80' lang='grc'><strong>111111</strong></span> <span class='ocrx_word' id='word_1_169' title='bbox 1185 2398 1313 2456; x_wconf 87' lang='lat' dir='ltr'>notabili·</span> 
     </span>
     <span class='ocr_line' id='line_1_21' title="bbox 220 2491 1310 2574; baseline 0.001 -23"><span class='ocrx_word' id='word_1_170' title='bbox 220 2504 263 2552; x_wconf 86' lang='lat' dir='ltr'>ter</span> <span class='ocrx_word' id='word_1_171' title='bbox 281 2502 395 2552; x_wconf 82' lang='lat' dir='ltr'>mutata.</span> <span class='ocrx_word' id='word_1_172' title='bbox 438 2494 516 2552; x_wconf 89' lang='lat' dir='ltr'>Hinc</span> <span class='ocrx_word' id='word_1_173' title='bbox 538 2495 690 2571; x_wconf 88' lang='lat' dir='ltr'>promissio</span> <span class='ocrx_word' id='word_1_174' title='bbox 713 2495 748 2552; x_wconf 90' lang='lat' dir='ltr'>de</span> <span class='ocrx_word' id='word_1_175' title='bbox 771 2491 903 2554; x_wconf 85' lang='lat' dir='ltr'>ducenda</span> <span class='ocrx_word' id='word_1_176' title='bbox 924 2494 954 2550; x_wconf 93' lang='lat' dir='ltr'>in</span> <span class='ocrx_word' id='word_1_177' title='bbox 975 2496 1186 2554; x_wconf 84' lang='lat' dir='ltr'>matrimonium</span> <span class='ocrx_word' id='word_1_178' title='bbox 1207 2497 1310 2574; x_wconf 89' lang='lat' dir='ltr'>puella,</span> 
     </span>
     <span class='ocr_line' id='line_1_22' title="bbox 179 2593 1311 2670; baseline 0.002 -20"><span class='ocrx_word' id='word_1_179' title='bbox 179 2661 182 2668; x_wconf 68' lang='lat'>,</span> <span class='ocrx_word' id='word_1_180' title='bbox 219 2611 281 2666; x_wconf 76' lang='lat' dir='ltr'>quae</span> <span class='ocrx_word' id='word_1_181' title='bbox 295 2594 370 2650; x_wconf 86' lang='lat' dir='ltr'>bona</span> <span class='ocrx_word' id='word_1_182' title='bbox 383 2593 485 2670; x_wconf 86' lang='lat' dir='ltr'>gaudet</span> <span class='ocrx_word' id='word_1_183' title='bbox 497 2594 582 2661; x_wconf 85' lang='lat' dir='ltr'>fama,</span> <span class='ocrx_word' id='word_1_184' title='bbox 601 2613 658 2652; x_wconf 86' lang='lat' dir='ltr'>non</span> <span class='ocrx_word' id='word_1_185' title='bbox 679 2595 793 2670; x_wconf 87' lang='lat' dir='ltr'>obligat,</span> <span class='ocrx_word' id='word_1_186' title='bbox 815 2593 868 2649; x_wconf 86' lang='lat' dir='ltr'>etsi</span> <span class='ocrx_word' id='word_1_187' title='bbox 883 2593 1045 2668; x_wconf 86' lang='lat' dir='ltr'>juramento</span> <span class='ocrx_word' id='word_1_188' title='bbox 1066 2594 1184 2662; x_wconf 89' lang='lat' dir='ltr'>firmata,</span> <span class='ocrx_word' id='word_1_189' title='bbox 1205 2597 1230 2653; x_wconf 88' lang='lat' dir='ltr'>si</span> <span class='ocrx_word' id='word_1_190' title='bbox 1249 2596 1311 2670; x_wconf 87' lang='lat' dir='ltr'>ipsa</span> 
     </span>
     <span class='ocr_line' id='line_1_23' title="bbox 224 2690 1311 2770; baseline 0.001 -20"><span class='ocrx_word' id='word_1_191' title='bbox 224 2693 417 2751; x_wconf 82' lang='lat' dir='ltr'>fornicationis</span> <span class='ocrx_word' id='word_1_192' title='bbox 437 2712 485 2750; x_wconf 89' lang='lat' dir='ltr'>rea</span> <span class='ocrx_word' id='word_1_193' title='bbox 503 2702 602 2770; x_wconf 84' lang='lat' dir='ltr'>postea</span> <span class='ocrx_word' id='word_1_194' title='bbox 620 2694 784 2770; x_wconf 89' lang='lat' dir='ltr'>reperiatur.</span> <span class='ocrx_word' id='word_1_195' title='bbox 811 2691 977 2749; x_wconf 85' lang='lat' dir='ltr'>Juramenta</span> <span class='ocrx_word' id='word_1_196' title='bbox 995 2690 1030 2748; x_wconf 88' lang='lat' dir='ltr'>de</span> <span class='ocrx_word' id='word_1_197' title='bbox 1051 2693 1113 2750; x_wconf 83' lang='lat' dir='ltr'>aliis</span> <span class='ocrx_word' id='word_1_198' title='bbox 1131 2694 1218 2751; x_wconf 87' lang='lat' dir='ltr'>etiam</span> <span class='ocrx_word' id='word_1_199' title='bbox 1234 2695 1311 2770; x_wconf 86' lang='lat' dir='ltr'>juste</span> 
     </span>
     <span class='ocr_line' id='line_1_24' title="bbox 220 2791 1310 2870; baseline -0.002 -20"><span class='ocrx_word' id='word_1_200' title='bbox 220 2792 381 2866; x_wconf 86' lang='lat' dir='ltr'>puniendis,</span> <span class='ocrx_word' id='word_1_201' title='bbox 396 2795 490 2866; x_wconf 78' lang='lat' dir='ltr'>qualia</span> <span class='ocrx_word' id='word_1_202' title='bbox 502 2811 716 2865; x_wconf 82' lang='lat' dir='ltr'>nonnumquam</span> <span class='ocrx_word' id='word_1_203' title='bbox 730 2791 919 2866; x_wconf 86' lang='lat' dir='ltr'>aparentibus</span> <span class='ocrx_word' id='word_1_204' title='bbox 937 2791 1111 2859; x_wconf 86' lang='lat' dir='ltr'>emittuntur,</span> <span class='ocrx_word' id='word_1_205' title='bbox 1125 2811 1183 2850; x_wconf 90' lang='lat' dir='ltr'>non</span> <span class='ocrx_word' id='word_1_206' title='bbox 1197 2794 1310 2870; x_wconf 86' lang='lat' dir='ltr'>obligat,</span> 
     </span>
     <span class='ocr_line' id='line_1_25' title="bbox 220 2887 1310 2968; baseline 0.005 -24"><span class='ocrx_word' id='word_1_207' title='bbox 220 2891 245 2947; x_wconf 92' lang='lat' dir='ltr'>si</span> <span class='ocrx_word' id='word_1_208' title='bbox 259 2907 324 2945; x_wconf 89' lang='lat' dir='ltr'>reus</span> <span class='ocrx_word' id='word_1_209' title='bbox 341 2890 568 2947; x_wconf 85' lang='lat' dir='ltr'>emendationem</span> <span class='ocrx_word' id='word_1_210' title='bbox 589 2891 761 2964; x_wconf 89' lang='lat' dir='ltr'>polliceatur,</span> <span class='ocrx_word' id='word_1_211' title='bbox 784 2889 829 2945; x_wconf 89' lang='lat' dir='ltr'>vel</span> <span class='ocrx_word' id='word_1_212' title='bbox 848 2887 915 2944; x_wconf 82' lang='lat' dir='ltr'>alias</span> <span class='ocrx_word' id='word_1_213' title='bbox 936 2887 1084 2964; x_wconf 87' lang='lat' dir='ltr'>prudentia</span> <span class='ocrx_word' id='word_1_214' title='bbox 1102 2890 1219 2948; x_wconf 86' lang='lat' dir='ltr'>suadeat</span> <span class='ocrx_word' id='word_1_215' title='bbox 1237 2893 1310 2968; x_wconf 87' lang='lat' dir='ltr'>plee-</span> 
     </span>
     <span class='ocr_line' id='line_1_26' title="bbox 221 2985 1309 3066; baseline 0.004 -24"><span class='ocrx_word' id='word_1_216' title='bbox 221 2985 336 3043; x_wconf 90' lang='lat' dir='ltr'>tendum</span> <span class='ocrx_word' id='word_1_217' title='bbox 349 3004 407 3042; x_wconf 88' lang='lat' dir='ltr'>non</span> <span class='ocrx_word' id='word_1_218' title='bbox 421 3004 495 3042; x_wconf 87' lang='lat' dir='ltr'>esse.</span> <span class='ocrx_word' id='word_1_219' title='bbox 537 2987 587 3044; x_wconf 82' lang='lat' dir='ltr'>Sic</span> <span class='ocrx_word' id='word_1_220' title='bbox 601 2988 626 3042; x_wconf 91' lang='lat' dir='ltr'>si</span> <span class='ocrx_word' id='word_1_221' title='bbox 638 3005 684 3044; x_wconf 87' lang='lat' dir='ltr'>res</span> <span class='ocrx_word' id='word_1_222' title='bbox 697 2987 839 3062; x_wconf 89' lang='lat' dir='ltr'>promissa</span> <span class='ocrx_word' id='word_1_223' title='bbox 857 2985 905 3042; x_wconf 86' lang='lat' dir='ltr'>fiat</span> <span class='ocrx_word' id='word_1_224' title='bbox 924 2987 1007 3054; x_wconf 87' lang='lat' dir='ltr'>mala,</span> <span class='ocrx_word' id='word_1_225' title='bbox 1028 2990 1141 3047; x_wconf 87' lang='lat' dir='ltr'>mutatis</span> <span class='ocrx_word' id='word_1_226' title='bbox 1161 2989 1309 3066; x_wconf 75' lang='lat' dir='ltr'>adjunctiS,</span> 
     </span>
     <span class='ocr_line' id='line_1_27' title="bbox 220 3083 1273 3163; baseline 0.005 -24"><span class='ocrx_word' id='word_1_227' title='bbox 220 3084 266 3140; x_wconf 86' lang='lat' dir='ltr'>vel</span> <span class='ocrx_word' id='word_1_228' title='bbox 279 3084 375 3159; x_wconf 87' lang='lat' dir='ltr'>gravia</span> <span class='ocrx_word' id='word_1_229' title='bbox 387 3083 554 3141; x_wconf 87' lang='lat' dir='ltr'>immineant</span> <span class='ocrx_word' id='word_1_230' title='bbox 566 3103 603 3142; x_wconf 88' lang='lat' dir='ltr'>ex</span> <span class='ocrx_word' id='word_1_231' title='bbox 612 3085 773 3160; x_wconf 85' lang='lat' dir='ltr'>juramento</span> <span class='ocrx_word' id='word_1_232' title='bbox 786 3085 903 3159; x_wconf 88' lang='lat' dir='ltr'>impleto</span> <span class='ocrx_word' id='word_1_233' title='bbox 913 3085 996 3152; x_wconf 88' lang='lat' dir='ltr'>mala,</span> <span class='ocrx_word' id='word_1_234' title='bbox 1010 3088 1054 3143; x_wconf 89' lang='lat' dir='ltr'>vis</span> <span class='ocrx_word' id='word_1_235' title='bbox 1067 3088 1129 3163; x_wconf 82' lang='lat' dir='ltr'>ejus</span> <span class='ocrx_word' id='word_1_236' title='bbox 1143 3083 1273 3146; x_wconf 82' lang='lat' dir='ltr'>desinit²</span> 
     </span>
    </p>

    <p class='ocr_par' dir='ltr' id='par_1_6' title="bbox 216 3181 1311 3753">
     <span class='ocr_line' id='line_1_28' title="bbox 260 3181 1309 3262; baseline 0.006 -24"><span class='ocrx_word' id='word_1_237' title='bbox 260 3186 308 3240; x_wconf 79' lang='lat'>57.</span> <span class='ocrx_word' id='word_1_238' title='bbox 323 3181 342 3238; x_wconf 86' lang='lat' dir='ltr'><strong>J</strong></span> <span class='ocrx_word' id='word_1_239' title='bbox 344 3192 521 3240; x_wconf 83' lang='lat' dir='ltr'>uramentum</span> <span class='ocrx_word' id='word_1_240' title='bbox 534 3185 565 3241; x_wconf 93' lang='lat' dir='ltr'>in</span> <span class='ocrx_word' id='word_1_241' title='bbox 577 3185 703 3241; x_wconf 85' lang='lat' dir='ltr'>savorem</span> <span class='ocrx_word' id='word_1_242' title='bbox 717 3184 791 3240; x_wconf 88' lang='lat' dir='ltr'>tertii</span> <span class='ocrx_word' id='word_1_243' title='bbox 804 3184 951 3250; x_wconf 86' lang='lat' dir='ltr'>emissum,</span> <span class='ocrx_word' id='word_1_244' title='bbox 961 3193 989 3240; x_wconf 86' lang='lat' dir='ltr'>et</span> <span class='ocrx_word' id='word_1_245' title='bbox 1002 3186 1036 3242; x_wconf 91' lang='lat' dir='ltr'>ab</span> <span class='ocrx_word' id='word_1_246' title='bbox 1048 3186 1112 3260; x_wconf 89' lang='lat' dir='ltr'>ipso</span> <span class='ocrx_word' id='word_1_247' title='bbox 1126 3197 1309 3262; x_wconf 67' lang='lat' dir='ltr'>acceptatum.</span> 
     </span>
     <span class='ocr_line' id='line_1_29' title="bbox 219 3281 1310 3358; baseline 0.005 -20"><span class='ocrx_word' id='word_1_248' title='bbox 219 3299 277 3338; x_wconf 91' lang='lat' dir='ltr'>non</span> <span class='ocrx_word' id='word_1_249' title='bbox 291 3289 385 3356; x_wconf 89' lang='lat' dir='ltr'>potest</span> <span class='ocrx_word' id='word_1_250' title='bbox 397 3281 527 3349; x_wconf 81' lang='lat' dir='ltr'>relaxari,</span> <span class='ocrx_word' id='word_1_251' title='bbox 543 3283 649 3353; x_wconf 89' lang='lat' dir='ltr'>absque</span> <span class='ocrx_word' id='word_1_252' title='bbox 663 3282 737 3339; x_wconf 92' lang='lat' dir='ltr'>illius</span> <span class='ocrx_word' id='word_1_253' title='bbox 752 3283 833 3358; x_wconf 87' lang='lat' dir='ltr'>cujus</span> <span class='ocrx_word' id='word_1_254' title='bbox 850 3283 968 3338; x_wconf 88' lang='lat' dir='ltr'>interest</span> <span class='ocrx_word' id='word_1_255' title='bbox 986 3301 1146 3342; x_wconf 86' lang='lat' dir='ltr'>consensu:</span> <span class='ocrx_word' id='word_1_256' title='bbox 1167 3305 1221 3343; x_wconf 87' lang='lat' dir='ltr'>nec</span> <span class='ocrx_word' id='word_1_257' title='bbox 1235 3287 1310 3343; x_wconf 90' lang='lat' dir='ltr'>enim</span> 
     </span>
     <span class='ocr_line' id='line_1_30' title="bbox 216 3379 1309 3457; baseline 0.005 -21"><span class='ocrx_word' id='word_1_258' title='bbox 216 3381 281 3456; x_wconf 89' lang='lat' dir='ltr'>jura</span> <span class='ocrx_word' id='word_1_259' title='bbox 294 3379 385 3436; x_wconf 84' lang='lat' dir='ltr'>aliena</span> <span class='ocrx_word' id='word_1_260' title='bbox 397 3389 491 3456; x_wconf 89' lang='lat' dir='ltr'>potest</span> <span class='ocrx_word' id='word_1_261' title='bbox 510 3381 612 3457; x_wconf 84' lang='lat' dir='ltr'>praesnl</span> <span class='ocrx_word' id='word_1_262' title='bbox 633 3381 1012 3438; x_wconf 86' lang='lat' dir='ltr'>ecclesiasticus-remittere.</span> <span class='ocrx_word' id='word_1_263' title='bbox 1054 3383 1139 3448; x_wconf 85' lang='lat' dir='ltr'>Quod</span> <span class='ocrx_word' id='word_1_264' title='bbox 1159 3384 1309 3456; x_wconf 90' lang='lat' dir='ltr'>aliquando</span> 
     </span>
     <span class='ocr_line' id='line_1_31' title="bbox 220 3479 1311 3558; baseline 0.003 -21"><span class='ocrx_word' id='word_1_265' title='bbox 220 3479 369 3555; x_wconf 88' lang='lat' dir='ltr'>pontifices</span> <span class='ocrx_word' id='word_1_266' title='bbox 384 3501 400 3537; x_wconf 91' lang='lat' dir='ltr'>a</span> <span class='ocrx_word' id='word_1_267' title='bbox 412 3480 525 3538; x_wconf 90' lang='lat' dir='ltr'>vinculo</span> <span class='ocrx_word' id='word_1_268' title='bbox 534 3481 687 3557; x_wconf 86' lang='lat' dir='ltr'>juramenti</span> <span class='ocrx_word' id='word_1_269' title='bbox 701 3479 837 3538; x_wconf 87' lang='lat' dir='ltr'>solverint</span> <span class='ocrx_word' id='word_1_270' title='bbox 848 3480 1050 3554; x_wconf 85' lang='lat' dir='ltr'>imperatorum</span> <span class='ocrx_word' id='word_1_271' title='bbox 1069 3501 1205 3558; x_wconf 85' lang='lat' dir='ltr'>regumve</span> <span class='ocrx_word' id='word_1_272' title='bbox 1218 3482 1311 3540; x_wconf 89' lang='lat' dir='ltr'>subdi·</span> 
     </span>
     <span class='ocr_line' id='line_1_32' title="bbox 220 3577 1309 3654; baseline 0.006 -22"><span class='ocrx_word' id='word_1_273' title='bbox 220 3586 274 3645; x_wconf 88' lang='lat' dir='ltr'>tos,</span> <span class='ocrx_word' id='word_1_274' title='bbox 289 3579 394 3635; x_wconf 85' lang='lat' dir='ltr'>facturn</span> <span class='ocrx_word' id='word_1_275' title='bbox 414 3588 466 3646; x_wconf 87' lang='lat' dir='ltr'>est,</span> <span class='ocrx_word' id='word_1_276' title='bbox 480 3587 512 3634; x_wconf 92' lang='lat' dir='ltr'>ut</span> <span class='ocrx_word' id='word_1_277' title='bbox 523 3581 606 3636; x_wconf 90' lang='lat' dir='ltr'>nobis</span> <span class='ocrx_word' id='word_1_278' title='bbox 627 3579 746 3646; x_wconf 85' lang='lat' dir='ltr'>videtur,</span> <span class='ocrx_word' id='word_1_279' title='bbox 768 3597 805 3635; x_wconf 88' lang='lat' dir='ltr'>ex</span> <span class='ocrx_word' id='word_1_280' title='bbox 826 3577 938 3636; x_wconf 88' lang='lat' dir='ltr'>illorum</span> <span class='ocrx_word' id='word_1_281' title='bbox 958 3589 1117 3654; x_wconf 83' lang='lat' dir='ltr'>temporum</span> <span class='ocrx_word' id='word_1_282' title='bbox 1138 3581 1309 3648; x_wconf 86' lang='lat' dir='ltr'>conditione,</span> 
     </span>
     <span class='ocr_line' id='line_1_33' title="bbox 216 3673 1311 3753; baseline 0.005 -22"><span class='ocrx_word' id='word_1_283' title='bbox 216 3677 300 3749; x_wconf 87' lang='lat' dir='ltr'>juxta</span> <span class='ocrx_word' id='word_1_284' title='bbox 314 3693 399 3745; x_wconf 83' lang='lat' dir='ltr'>quarn</span> <span class='ocrx_word' id='word_1_285' title='bbox 413 3673 448 3730; x_wconf 89' lang='lat' dir='ltr'>de</span> <span class='ocrx_word' id='word_1_286' title='bbox 461 3675 572 3732; x_wconf 89' lang='lat' dir='ltr'>violatis</span> <span class='ocrx_word' id='word_1_287' title='bbox 586 3676 684 3753; x_wconf 93' lang='lat' dir='ltr'>populi</span> <span class='ocrx_word' id='word_1_288' title='bbox 698 3685 726 3734; x_wconf 89' lang='lat' dir='ltr'>et</span> <span class='ocrx_word' id='word_1_289' title='bbox 738 3675 878 3734; x_wconf 73' lang='lat' dir='ltr'>Ecclesia</span> <span class='ocrx_word' id='word_1_290' title='bbox 894 3677 1016 3752; x_wconf 90' lang='lat' dir='ltr'>juribus,</span> <span class='ocrx_word' id='word_1_291' title='bbox 1032 3696 1104 3749; x_wconf 84' lang='lat' dir='ltr'>quae,</span> <span class='ocrx_word' id='word_1_292' title='bbox 1119 3679 1187 3736; x_wconf 90' lang='lat' dir='ltr'>dum</span> <span class='ocrx_word' id='word_1_293' title='bbox 1208 3699 1311 3738; x_wconf 86' lang='lat' dir='ltr'>corona</span> 
     </span>
    </p>
   </div>
   <div class='ocr_carea' id='block_1_3' title="bbox 212 3915 1307 4301">
    <p class='ocr_par' dir='ltr' id='par_1_7' title="bbox 250 3915 658 3982">
     <span class='ocr_line' id='line_1_34' title="bbox 250 3915 658 3982; baseline 0.007 -18"><span class='ocrx_word' id='word_1_294' title='bbox 250 3918 292 3982; x_wconf 91' lang='lat'>(1)</span> <span class='ocrx_word' id='word_1_295' title='bbox 306 3917 355 3967; x_wconf 81' lang='lat' dir='ltr'>Er.</span> <span class='ocrx_word' id='word_1_296' title='bbox 364 3933 384 3966; x_wconf 92' lang='lat' dir='ltr'>c.</span> <span class='ocrx_word' id='word_1_297' title='bbox 394 3917 444 3968; x_wconf 82' lang='lat' dir='ltr'>xix.</span> <span class='ocrx_word' id='word_1_298' title='bbox 455 3916 486 3965; x_wconf 92' lang='lat' dir='ltr'>de</span> <span class='ocrx_word' id='word_1_299' title='bbox 493 3915 658 3982; x_wconf 82' lang='lat' dir='ltr'>jurejurando.</span> 
     </span>
    </p>

    <p class='ocr_par' dir='ltr' id='par_1_8' title="bbox 212 3999 1307 4301">
     <span class='ocr_line' id='line_1_35' title="bbox 248 3999 1305 4068; baseline 0.006 -21"><span class='ocrx_word' id='word_1_300' title='bbox 248 4001 287 4061; x_wconf 79' lang='grc'>(2)</span> <span class='ocrx_word' id='word_1_301' title='bbox 302 3999 340 4048; x_wconf 89' lang='lat' dir='ltr'>De</span> <span class='ocrx_word' id='word_1_302' title='bbox 349 4001 494 4064; x_wconf 86' lang='lat' dir='ltr'>juramentis</span> <span class='ocrx_word' id='word_1_303' title='bbox 511 4009 535 4050; x_wconf 89' lang='lat' dir='ltr'>et</span> <span class='ocrx_word' id='word_1_304' title='bbox 552 3999 715 4050; x_wconf 85' lang='lat' dir='ltr'>contractibus</span> <span class='ocrx_word' id='word_1_305' title='bbox 725 3999 784 4049; x_wconf 88' lang='lat' dir='ltr'>dicit</span> <span class='ocrx_word' id='word_1_306' title='bbox 800 3999 917 4050; x_wconf 73' lang='lat' dir='ltr'>ieremias</span> <span class='ocrx_word' id='word_1_307' title='bbox 940 3999 1047 4064; x_wconf 80' lang='lat' dir='ltr'>Tnylor:</span> <span class='ocrx_word' id='word_1_308' title='bbox 1066 4001 1124 4050; x_wconf 86' lang='lat' dir='ltr'>“So</span> <span class='ocrx_word' id='word_1_309' title='bbox 1135 4002 1194 4064; x_wconf 87' lang='lat' dir='ltr'>long</span> <span class='ocrx_word' id='word_1_310' title='bbox 1211 4020 1238 4052; x_wconf 87' lang='lat' dir='ltr'>as</span> <span class='ocrx_word' id='word_1_311' title='bbox 1250 4003 1305 4068; x_wconf 84' lang='lat' dir='ltr'>they</span> 
     </span>
     <span class='ocr_line' id='line_1_36' title="bbox 212 4083 1307 4148; baseline 0.005 -18"><span class='ocrx_word' id='word_1_312' title='bbox 212 4097 277 4131; x_wconf 84' lang='lat' dir='ltr'>seem</span> <span class='ocrx_word' id='word_1_313' title='bbox 290 4083 373 4131; x_wconf 87' lang='lat' dir='ltr'>iawsul</span> <span class='ocrx_word' id='word_1_314' title='bbox 384 4084 442 4148; x_wconf 87' lang='lat' dir='ltr'>they</span> <span class='ocrx_word' id='word_1_315' title='bbox 454 4092 520 4134; x_wconf 83' lang='lat' dir='ltr'>must</span> <span class='ocrx_word' id='word_1_316' title='bbox 531 4087 561 4134; x_wconf 93' lang='lat' dir='ltr'>be</span> <span class='ocrx_word' id='word_1_317' title='bbox 572 4085 695 4144; x_wconf 87' lang='lat' dir='ltr'>observed‚</span> <span class='ocrx_word' id='word_1_318' title='bbox 707 4085 755 4134; x_wconf 82' lang='lat' dir='ltr'>end</span> <span class='ocrx_word' id='word_1_319' title='bbox 767 4091 833 4134; x_wconf 88' lang='lat' dir='ltr'>must</span> <span class='ocrx_word' id='word_1_320' title='bbox 844 4092 888 4134; x_wconf 91' lang='lat' dir='ltr'>not</span> <span class='ocrx_word' id='word_1_321' title='bbox 905 4086 934 4133; x_wconf 92' lang='lat' dir='ltr'>be</span> <span class='ocrx_word' id='word_1_322' title='bbox 946 4085 1072 4135; x_wconf 85' lang='lat' dir='ltr'>rescinded</span> <span class='ocrx_word' id='word_1_323' title='bbox 1085 4087 1148 4136; x_wconf 86' lang='lat' dir='ltr'>until</span> <span class='ocrx_word' id='word_1_324' title='bbox 1158 4087 1178 4136; x_wconf 88' lang='lat' dir='ltr'>it</span> <span class='ocrx_word' id='word_1_325' title='bbox 1189 4088 1219 4134; x_wconf 91' lang='lat' dir='ltr'>be</span> <span class='ocrx_word' id='word_1_326' title='bbox 1230 4087 1307 4136; x_wconf 84' lang='lat' dir='ltr'>disco·</span> 
     </span>
     <span class='ocr_line' id='line_1_37' title="bbox 212 4166 1307 4244; baseline 0.005 -30"><span class='ocrx_word' id='word_1_327' title='bbox 212 4167 283 4216; x_wconf 82' lang='lat' dir='ltr'>vered</span> <span class='ocrx_word' id='word_1_328' title='bbox 292 4166 344 4216; x_wconf 84' lang='lat' dir='ltr'>that</span> <span class='ocrx_word' id='word_1_329' title='bbox 355 4166 412 4232; x_wconf 84' lang='lat' dir='ltr'>they</span> <span class='ocrx_word' id='word_1_330' title='bbox 422 4184 461 4218; x_wconf 84' lang='lat' dir='ltr'>are</span> <span class='ocrx_word' id='word_1_331' title='bbox 474 4170 569 4230; x_wconf 83' lang='lat' dir='ltr'>against</span> <span class='ocrx_word' id='word_1_332' title='bbox 584 4172 625 4220; x_wconf 88' lang='lat' dir='ltr'>the</span> <span class='ocrx_word' id='word_1_333' title='bbox 637 4173 684 4222; x_wconf 81' lang='lat' dir='ltr'>law</span> <span class='ocrx_word' id='word_1_334' title='bbox 697 4172 725 4224; x_wconf 79' lang='lat' dir='ltr'>of</span> <span class='ocrx_word' id='word_1_335' title='bbox 738 4169 817 4222; x_wconf 69' lang='lat' dir='ltr'>Goell’</span> <span class='ocrx_word' id='word_1_336' title='bbox 852 4169 947 4220; x_wconf 88' lang='lat' dir='ltr'>Ductor</span> <span class='ocrx_word' id='word_1_337' title='bbox 960 4170 1139 4244; x_wconf 83' lang='lat' dir='ltr'>Dubitantipm·</span> <span class='ocrx_word' id='word_1_338' title='bbox 1151 4173 1167 4221; x_wconf 92' lang='grc'>1.</span> <span class='ocrx_word' id='word_1_339' title='bbox 1182 4175 1192 4219; x_wconf 93' lang='lat'>1</span> <span class='ocrx_word' id='word_1_340' title='bbox 1207 4188 1231 4222; x_wconf 90' lang='lat' dir='ltr'>c.</span> <span class='ocrx_word' id='word_1_341' title='bbox 1247 4171 1271 4220; x_wconf 84' lang='grc'>3.</span> <span class='ocrx_word' id='word_1_342' title='bbox 1283 4187 1307 4235; x_wconf 93' lang='lat' dir='ltr'>p.</span> 
     </span>
     <span class='ocr_line' id='line_1_38' title="bbox 215 4253 270 4301; baseline -0.036 -1"><span class='ocrx_word' id='word_1_343' title='bbox 215 4253 270 4301; x_wconf 83' lang='lat'>106.</span> 
     </span>
    </p>
   </div>
   <div class='ocr_carea' id='block_1_4' title="bbox 0 0 1538 5256">
    <p class='ocr_par' dir='ltr' id='par_1_9' title="bbox 0 0 1538 5256">
     <span class='ocr_line' id='line_1_39' title="bbox 0 0 1538 5256; baseline 0 3"><span class='ocrx_word' id='word_1_344' title='bbox 0 0 1538 5256; x_wconf 95' lang='lat' dir='ltr'> </span> 
     </span>
    </p>
   </div>
  </div>
 </body>
</html>
