3078 5258
272 477 327 533 rra
703 423 759 530 aa
781 469 930 563 emme.

268 637 375 696 cietatis
388 634 458 694 ordo
471 635 610 711 exigebat.
654 632 731 693 Hinc
750 634 924 712 blasphemis
938 633 1042 692 mulcta
1056 635 1238 710 irrogabatur,
1252 635 1283 692 in
1297 637 1364 712 pios

267 755 335 794 usus
349 732 556 812 impendenda:
579 733 697 792 aliorum
717 735 868 794 criminum
881 734 922 790 rei
935 751 1045 790 carcerc
1059 713 1291 802 includebanlur;
1312 735 1367 792 sed

268 835 401 893 ultimum
421 833 595 910 supplicium
617 851 775 906 numquam
796 833 906 910 legibus
927 833 1125 890 ecclesiasticis
1149 841 1287 890 statutum
1308 844 1363 901 est,

269 933 434 991 “Ecclesia
455 933 532 990 enim
555 931 685 990 abhorret
707 953 723 990 a
750 930 923 1009 sanguine.’'
975 931 1063 1007 Igitur
1086 931 1154 990 sassi
1175 941 1243 988 sunt
1263 942 1361 1008 patres

267 1032 380 1092 concilii
403 1031 631 1089 constantiensis
651 1031 976 1090 excommunicationem
995 1048 1058 1086 esse
1078 1048 1220 1088 summam
1243 1049 1362 1108 poenam

267 1151 352 1204 quam
366 1130 516 1188 decernere
529 1139 623 1207 potest
636 1130 785 1188 Ecclesia:
808 1129 884 1204 quod
897 1129 1022 1206 theologi
1035 1137 1063 1184 et
1079 1129 1239 1206 jurisperiti
1252 1149 1359 1206 magno

267 1248 409 1290 consensu
422 1221 612 1306 agnoscunt:¹
632 1239 801 1307 quapropter
821 1230 846 1287 si
865 1229 914 1287 lex
933 1229 1086 1305 respiceret
1105 1228 1215 1286 facinus
1236 1231 1362 1288 immane

269 1329 346 1404 quod
365 1347 477 1405 poenam
505 1330 605 1407 eapitis
625 1330 793 1396 merebatur,
814 1330 961 1386 consuevit
980 1337 1101 1385 statuere
1121 1345 1204 1384 reum
1222 1331 1363 1404 egremio

268 1429 407 1487 Ecclesiae
421 1429 536 1506 pulsum
549 1427 625 1486 civili
645 1430 775 1504 potestati
794 1427 972 1494 tradendum,
989 1429 1073 1505 juxta
1083 1426 1162 1502 leges
1178 1427 1276 1486 civiles
1291 1437 1362 1486 trac-

268 1529 394 1594 tandum,
415 1526 611 1586 commendata
631 1536 724 1586 tamen
745 1546 811 1604 erga
831 1545 897 1585 eum
916 1527 1039 1584 lenitate.
1082 1523 1229 1585 Caeterum
1249 1529 1361 1585 sublata

265 1629 325 1702 jam
339 1635 382 1682 est
395 1626 563 1701 praesulibus
577 1626 683 1698 ubique
702 1626 761 1683 fere
782 1635 919 1684 terrarum
939 1626 1032 1684 omnis
1053 1642 1203 1700 poenarum
1221 1636 1361 1702 tempora·

267 1726 338 1783 lium
352 1723 592 1784 decemendarum
612 1726 733 1800 species,
754 1734 782 1782 et
800 1725 878 1802 leges
899 1725 1097 1808 ecclesiasticae
1111 1725 1239 1783 censuris
1254 1735 1362 1784 tantum

267 1827 298 1883 in
318 1833 539 1902 transgressores
560 1825 741 1884 muniuntur:
763 1823 798 1882 de
819 1825 921 1899 quibus
942 1822 1061 1900 proinde
1084 1823 1164 1895 loqui
1186 1824 1362 1900 intelligendi

270 1944 380 1983 sumus.
1086 1980 1092 1986 .

308 2028 358 2081 44.
374 2025 471 2083 Poenae
482 2033 548 2082 sunt
558 2024 618 2081 aliae
628 2023 707 2092 lata,
722 2021 923 2105 aliaefcrenda·
934 2023 1098 2086 sententia.
1121 2023 1199 2082 Latae
1214 2027 1361 2083 sententiae

269 2133 333 2179 sunt
353 2141 416 2194 quae
436 2125 499 2199 ipso
522 2122 595 2180 sacto
615 2124 781 2200 irrogantur,
802 2126 885 2183 sicuti
907 2124 1165 2182 excommunicatio
1187 2126 1217 2182 in
1240 2124 1362 2183 Liberos

269 2223 429 2279 Muratores
442 2222 506 2279 lata.
548 2221 685 2280 Ferendae
699 2225 843 2282 sententiae
857 2244 943 2302 poena
955 2235 999 2282 est
1018 2242 1081 2296 quae
1095 2223 1244 2300 irroganda
1257 2234 1302 2280 est
1314 2223 1364 2279 de·

268 2321 418 2393 linquenti,
433 2321 483 2378 sed
495 2319 600 2397 judicis
621 2323 746 2398 postulat
767 2342 893 2400 operam.
936 2324 985 2380 Sic
1006 2322 1273 2382 excommunicandi
1295 2332 1362 2380 sunt

268 2421 317 2492 qui
330 2419 476 2494 negligunt
486 2417 694 2477 Eucharistiam
708 2422 737 2478 in
751 2421 884 2497 paschate
899 2424 1054 2500 suscipere.
1095 2421 1113 2478 J
1116 2423 1206 2480 udicis
1220 2424 1359 2480 sententia
1411 2409 1426 2432 ‘⁸

267 2537 481 2592 nonnumquam
494 2516 624 2577 declarat
638 2537 751 2595 poenam
771 2541 856 2595 quarn
876 2523 940 2596 quis
961 2522 1034 2580 sacto
1050 2522 1115 2599 jam
1134 2523 1262 2590 incurrit,
1277 2532 1305 2579 et
1318 2540 1358 2579 re·

269 2619 429 2678 trotrahitur
442 2617 477 2678 ad
491 2628 603 2696 tempus
617 2618 721 2688 delicti,
737 2620 806 2680 adeo
826 2632 857 2680 ut
876 2621 995 2680 effectus
1015 2620 1081 2680 inde
1095 2620 1269 2695 sequantur.
1313 2622 1360 2678 Sic

268 2721 406 2778 sententia
419 2739 481 2792 quae
495 2719 683 2780 simoniacum
696 2718 818 2780 declarat
829 2723 960 2781 beneficii
974 2723 1144 2799 ingressum,
1158 2721 1226 2779 facit
1237 2730 1270 2778 ut
1282 2722 1359 2778 resti·

268 2819 364 2878 tuendi
384 2821 441 2879 sint
459 2820 565 2878 fructus
588 2839 688 2879 omnes
714 2824 849 2899 percepti.
891 2821 1052 2895 Aliquando
1072 2821 1211 2880 sententia
1232 2819 1357 2880 domno·

267 2917 360 2974 tionis
375 2920 460 2974 instar
472 2928 525 2985 est,
537 2927 565 2974 et
577 2920 690 2975 nonnisi
704 2920 810 2995 prolata
823 2922 881 2978 vim
895 2922 981 2998 coepit
994 2922 1128 2980 obtinere.
1172 2921 1222 2978 Sic
1236 2921 1356 2979 clericus

269 3016 305 3072 ob
323 3015 540 3073 concubinatum
553 3013 679 3091 dejectus
692 3018 949 3079 beneficio'fructus
965 3023 1027 3098 jam
1047 3028 1196 3097 perceptos
1211 3039 1271 3078 non
1286 3031 1359 3078 tene·

268 3121 313 3168 tur
326 3111 452 3178 reddere,
467 3114 492 3169 si
505 3113 630 3186 alioquin
642 3114 769 3175 officium
784 3120 959 3195 persolverit.
994 3118 1206 3178 Dcclcrotoria
1219 3118 1277 3177 dici
1291 3119 1360 3178 solet

267 3212 344 3286 prior
366 3211 413 3267 illa
436 3213 592 3271 sententia:
615 3213 859 3277 condemnatoria
873 3220 967 3277 altera.
1002 3229 1021 3255 “
1033 3220 1130 3278 Poenae
1145 3219 1318 3295 spirituales,
1333 3227 1361 3274 ut

269 3313 536 3380 excommunicatio,
557 3313 755 3390 irregularitas,
777 3317 832 3376 &c
851 3317 964 3392 quando
984 3321 1171 3396 imponuntur
1190 3319 1256 3394 ipso
1277 3317 1358 3382 facto,

269 3429 327 3469 non
341 3409 468 3488 indigent
475 3411 582 3490 judicis
596 3409 783 3472 sententia.”2

308 3515 357 3569 45.
381 3511 478 3571 Poenae
493 3513 656 3591 privativae
670 3513 800 3575 dicuntur
813 3535 875 3590 quae
896 3517 1020 3590 aliquem
1039 3536 1156 3576 munere
1175 3516 1250 3590 quod
1265 3515 1357 3580 habet,

269 3610 314 3667 vel
323 3612 388 3685 jure
402 3629 459 3682 quo
472 3611 575 3686 gaudet
587 3615 708 3690 privant,
723 3635 750 3673 v.
766 3636 800 3693 g:
821 3617 969 3684 beneficio,
984 3617 1029 3674 vel
1042 3616 1170 3693 suffragii
1186 3618 1263 3694 jure.
1306 3614 1357 3672 Ha

267 3709 292 3762 si
305 3706 428 3764 ferantur
440 3709 504 3783 ipso
518 3709 591 3768 facto
611 3714 809 3772 contrahendae
830 3725 925 3774 tenent
944 3735 1034 3784 reum,
1055 3717 1162 3790 absque
1171 3714 1280 3792 judicis
1296 3733 1357 3772 sen·

268 3807 364 3875 tentia,
378 3805 434 3863 nisi
446 3805 563 3866 infamia
581 3809 647 3867 inde
667 3811 823 3881 immineat,
844 3815 889 3872 vel
902 3815 957 3872 nisi
973 3817 1022 3892 jus
1044 3816 1215 3888 acquisitum
1229 3814 1355 3873 tollatur:

270 3913 289 3941 ‘⁶
301 3915 366 3966 tunc
380 3907 457 3966 enirn
470 3925 583 3986 semper
595 3909 745 3981 requiritur
758 3910 906 3971 declaratio
922 3914 1045 3991 juridica
1065 3915 1110 3972 vel
1129 3932 1232 3991 poenae,
1247 3913 1293 3970 vel
1307 3911 1356 3968 sal·

268 4013 326 4062 tem
340 4005 476 4074 criminis,
491 4009 601 4069 etiamsi
621 4029 705 4087 poena
725 4010 885 4087 imponatur
904 4014 968 4090 ipso
987 4014 1062 4072 facto
1081 4011 1260 4080 incurrenda,
1282 4011 1357 4070 nulla
1394 4089 1396 4094 Α

269 4107 416 4177 expectata
428 4105 631 4168 declaratione.
645 4153 669 4168 ..
684 4129 749 4170 cum
762 4113 838 4170 enim
852 4112 899 4170 lex
912 4113 1030 4188 poenalis
1045 4114 1135 4189 accipi
1149 4111 1250 4170 debeat
1262 4111 1292 4170 in
1304 4111 1354 4168 mi·

306 4286 347 4350 (l)
362 4286 450 4339 Devoti
464 4289 523 4341 lnst.
535 4293 595 4344 Can.
604 4295 620 4344 l.
631 4297 662 4346 iv.
675 4313 699 4347 n.
711 4298 751 4348 rii.
854 4297 936 4365 (2),S.
948 4299 1099 4365 Alphousus,
1112 4301 1128 4351 l.
1139 4299 1155 4349 i·
1168 4314 1192 4348 n.
1208 4300 1264 4348 148.
