3146 5266
551 1415 887 1491 TRACTATUS
916 1417 966 1489 II.

497 1669 569 1732 DE
606 1667 1020 1732 CONSCIENTIA.

645 1913 891 1927 ———

462 2307 502 2346 DE
522 2306 729 2346 CONSGIENTIA
749 2307 828 2348 VERA
847 2307 887 2346 ΕΤ
907 2307 1059 2348 ERRONEA·

256 2488 281 2542 1.
303 2485 516 2544 Consoranni
529 2495 573 2543 est
588 2485 729 2562 judicium
743 2486 830 2544 animi
849 2485 884 2544 de
908 2495 985 2546 actus
1008 2487 1174 2546 honestate:
1198 2504 1250 2543 seu
1265 2495 1308 2543 est

215 2582 376 2644 intellectus
391 2594 473 2645 actus
488 2604 546 2657 quo
561 2586 626 2656 quis
641 2585 711 2656 quid
725 2585 780 2643 sibi
792 2585 887 2654 liceat,
908 2586 978 2658 quid
992 2585 1058 2646 verti
1079 2606 1137 2646 non
1160 2585 1256 2653 liceat,
1281 2587 1311 2642 in

217 2683 340 2758 singulis
350 2703 445 2740 rerum
456 2686 616 2752 eventibus,
627 2680 765 2760 judicat.l
806 2684 938 2761 Respicit
948 2694 1027 2742 actus
1039 2704 1108 2742 mox
1119 2681 1310 2760 peragendos,

218 2798 283 2851 quae
297 2782 374 2838 enim
388 2781 506 2839 habetur
519 2801 632 2860 semper
644 2784 718 2858 legis
736 2800 850 2838 morum
863 2783 1023 2842 universim
1037 2783 1147 2847 notitia,
1174 2797 1313 2850 συντηρησις

215 2879 388 2958 synderesis
397 2881 472 2938 solet
481 2881 650 2958 nuncupari.
694 2882 744 2938 Sic
756 2880 879 2953 quisque
889 2899 926 2938 ex
937 2880 1090 2958 synderesi
1102 2881 1183 2938 novit
1193 2880 1310 2957 injurias

213 2978 290 3036 haud
310 2980 487 3055 irrogandas,
506 2980 696 3040 creditoribus
719 2980 965 3048 satisfaciendum,
990 2981 1060 3038 vitia
1081 2979 1236 3058 fugienda:
1259 2981 1310 3038 sed

213 3080 397 3136 conscientia
407 3079 550 3156 judicium
564 3090 618 3148 est,
633 3088 730 3136 utrum
743 3080 862 3138 inimico
874 3099 950 3138 nunc
964 3081 1070 3157 probra
1078 3081 1200 3157 jactanti
1214 3082 1310 3156 ignos-

214 3177 337 3235 cendum
349 3179 403 3246 sit;
424 3187 520 3237 utrum
531 3197 570 3234 aes
585 3179 711 3236 alienum
725 3179 898 3237 solvendum
913 3180 960 3246 sit,
975 3179 1043 3236 filiis
1057 3180 1209 3256 neglectis.

251 3282 280 3332 2.
303 3275 490 3335 Conscientia
503 3295 573 3336 vera
583 3288 612 3335 et
622 3284 702 3335 recta
712 3277 824 3347 dicitur,
837 3279 949 3350 quoties
960 3280 1024 3355 ejus
1034 3278 1179 3355 judicium
1198 3279 1310 3335 veritati

213 3384 257 3432 est
269 3395 450 3434 consonum:
473 3378 515 3434 sie
530 3377 595 3448 quis
610 3395 675 3434 vere
691 3377 803 3452 judicat
825 3378 953 3451 nonsibi
967 3378 1054 3434 licere
1068 3378 1184 3453 ignaros
1199 3395 1310 3453 paupe-

212 3493 305 3543 resve,
320 3477 404 3533 etiam
420 3477 644 3544 consentientes,
659 3475 802 3543 fraudare,
818 3495 907 3548 quum
921 3495 1021 3532 eorum
1036 3492 1197 3532 cousensus
1212 3493 1310 3531 errore

215 3575 329 3640 nitatur,
349 3575 394 3631 vel
416 3585 504 3632 metu.
547 3573 738 3633 Conscientia
760 3591 884 3631 erroneo
907 3581 935 3628 et
944 3570 1034 3650 falsu
1057 3580 1110 3642 est,
1124 3589 1188 3643 quae
1203 3570 1311 3642 aliquid
1338 3645 1341 3650 Ι

213 3672 301 3728 licere
315 3671 408 3740 dictat,
420 3674 495 3744 quod
509 3692 609 3732 revera
621 3693 680 3732 non
693 3663 779 3740 licel3
801 3673 848 3730 vel
868 3691 883 3730 e
905 3680 1005 3730 contra
1028 3671 1159 3730 illicitum
1180 3670 1307 3730 ostendit

214 3770 291 3842 quod
304 3771 382 3829 nulla
403 3772 467 3848 lege
488 3782 605 3831 vetatur.
648 3772 780 3830 Erronea
802 3781 846 3829 est
868 3773 1045 3831 conscientia
1068 3773 1131 3849 ejus
1155 3773 1206 3844 qui
1229 3781 1310 3847 putat

213 3871 298 3927 licere
322 3870 505 3930 mendacium
537 3873 665 3948 proferre
696 3872 731 3928 ad
751 3872 921 3930 servandam
943 3873 1032 3929 vitam
1046 3873 1181 3935 alienam,
1205 3871 1307 3926 velue

214 3968 354 4045 flagitium
367 3971 527 4028 innotescat
539 3990 605 4030 cum
619 3971 781 4048 Religionis
796 3971 977 4029 detrimento.
1074 4025 1085 4040 ,

251 4156 292 4220 (l)
312 4155 375 4205 Haee
386 4158 541 4207 conscientia
559 4158 626 4208 notio
638 4175 685 4224 prae
698 4159 757 4208 -aliis
775 4161 889 4222 probatur
900 4157 1011 4206 Jcremira
1026 4155 1133 4220 Taylor:
1151 4161 1167 4184 ‘¹
1177 4155 1199 4205 lt
1211 4155 1233 4204 is
1245 4171 1311 4204 more

212 4241 353 4288 reasonable
365 4240 447 4290 which
460 4243 571 4306 Aquinas
583 4243 631 4291 and
643 4243 684 4292 tha
696 4243 836 4291 sehoolmen
850 4243 972 4304 generally
986 4256 1036 4300 use,
1049 4241 1101 4290 that
1113 4239 1256 4289 conscience
1267 4240 1314 4287 isa

212 4324 371 4388 conjunctiora
389 4325 418 4373 of
437 4325 479 4375 tha
497 4327 619 4376 universal
636 4327 749 4392 praetiosi
762 4328 809 4376 law
826 4325 886 4376 with
904 4326 945 4376 tha
965 4325 1095 4390 particular
1112 4325 1188 4374 moral
1205 4321 1315 4373 aetion·”

214 4407 310 4459 Ductor
322 4407 414 4467 Dabit,
424 4410 440 4461 l.
452 4409 466 4459 i.
480 4425 500 4459 c·
513 4409 528 4462 i.
538 4427 561 4476 p.
575 4413 598 4458 9.

747 4509 782 4562 5*
