3078 5258
604 497 660 557 DE
682 497 948 562 PRIVILEGIIS.
1283 511 1340 566 189

245 685 322 725 onus
335 667 510 744 privilegiato
524 665 701 742 impositum,
715 675 784 725 tuno
797 675 829 724 ut
839 675 986 726 revooetur
1000 665 1085 747 (oltra
1093 671 1201 747 justam
1212 669 1340 750 causam)

244 767 396 838 requiritur
408 762 652 841 eompensatio.”¹

289 868 336 923 ot.
358 861 725 943 Privilegiumsooorobile
736 872 890 940 reputatur,
905 865 930 922 si
944 866 983 922 ita
996 866 1045 923 uni
1058 865 1150 924 faveat
1162 877 1193 925 ut
1206 868 1269 926 aliis
1283 885 1341 926 nou

246 962 346 1022 afferat
358 962 592 1022 incommodum:
615 981 642 1020 v,
657 981 695 1040 g:
715 971 748 1019 ut
759 963 825 1035 quis
838 963 972 1021 carnibus
992 965 1071 1023 vesei
1084 967 1176 1042 possit
1195 967 1224 1026 in
1244 966 1341 1033 Quad-

245 1064 396 1138 ragesima.
446 1061 492 1120 De
512 1079 546 1119 eo
567 1061 639 1121 illud
655 1062 769 1119 axioma
790 1061 962 1120 celebratur:
985 1071 1006 1098 ‘⁶
1018 1063 1188 1123 beneficium
1201 1067 1340 1144 principis

244 1162 300 1218 late
319 1160 521 1238 explicandum
533 1157 629 1219 est.”²
665 1159 772 1220 Omnia
784 1161 932 1238 privilegia
944 1162 1030 1220 realia
1052 1163 1176 1239 amplam
1198 1165 1341 1240 patiuntur

247 1261 516 1337 interpretationem,
531 1277 619 1332 quum
639 1260 716 1317 enim
738 1262 823 1319 rebus
845 1259 1008 1328 inhereant,
1030 1261 1168 1320 habentur
1190 1264 1279 1322 veluti
1300 1265 1341 1323 in·

248 1367 323 1416 serta
335 1361 366 1417 in
379 1376 482 1435 eorpus
499 1358 517 1416 J
520 1359 589 1416 uris.
632 1365 651 1393 ‘⁴
663 1357 709 1416 Ea
721 1360 806 1417 stiam
826 1376 890 1431 que
903 1367 969 1416 sunt
987 1376 1126 1418 concessa
1138 1360 1223 1419 alioui
1237 1361 1340 1430 ordini,

249 1458 412 1525 conventui,
426 1458 633 1525 communitati,
648 1455 743 1514 autad
756 1457 840 1515 aliam
860 1458 938 1533 piam
958 1475 1084 1526 oausam,
1104 1461 1204 1518 omnia
1217 1471 1285 1519 suut
1297 1463 1339 1520 in·

248 1557 425 1632 terpretanda
437 1575 496 1615 non
509 1555 597 1616 modo
609 1555 675 1623 late,
690 1554 742 1613 sed
762 1557 847 1614 etiam
866 1557 1014 1623 latissime,
1029 1557 1142 1616 etiamsi
1156 1557 1342 1619 adversentur

244 1656 307 1730 juri
323 1643 485 1722 communi*
498 1657 543 1714 vel
557 1655 642 1714 alicui
655 1655 747 1724 tertio,
762 1654 1001 1728 quemadmodum
1016 1660 1253 1719 communissima
1267 1659 1339 1718 affir-

248 1756 498 1814 mantdoctores..
511 1797 539 1813 ..
562 1755 817 1832 Privilegiaenim
837 1754 1088 1815 communitatibus
1110 1775 1249 1818 concessa
1269 1777 1340 1835 pre·

247 1865 401 1914 sumuntur
422 1857 520 1914 omnia
545 1873 610 1913 esse
635 1855 859 1914 remuneratoria
881 1855 1063 1913 servitiorum
1088 1858 1290 1932 praestitorum,
1312 1867 1341 1916 et

248 1953 316 2013 ideo
330 1955 426 2014 omnia
438 1955 578 2013 habentur
590 1963 735 2028 tamquam
747 1953 922 2020 favorabilia,
937 1971 975 2012 ea
985 1951 1005 2010 l.
1020 1954 1248 2033 oioutperaono,
1263 1955 1294 2013 ff.
1306 1955 1341 2014 de

248 2049 390 2131 Rettg.”³
433 2051 579 2113 Odiosum
592 2053 696 2113 dicitur
708 2053 892 2132 privilegium
912 2055 937 2111 si
947 2053 1007 2130 juri
1020 2056 1178 2123 communi,
1193 2064 1240 2114 aut
1253 2063 1340 2113 statu-

250 2153 288 2210 tis
301 2164 330 2211 et
349 2153 601 2213 consuetudinibus
623 2153 750 2230 deroget,
771 2152 817 2211 vel
830 2155 860 2212 in
880 2152 1000 2212 aliorum
1021 2153 1104 2210 cedat
1115 2153 1338 2214 detrimentum:

247 2269 275 2309 v.
290 2271 328 2329 g:
350 2253 375 2310 si
388 2255 435 2312 eui
448 2251 621 2312 coucedatur
639 2252 722 2329 plura
740 2253 827 2311 simul
846 2252 965 2310 retinere
985 2252 1134 2320 beneficio,
1149 2254 1195 2310 vel
1209 2255 1336 2312 vacantia

248 2352 387 2410 conferre.
430 2351 504 2410 Haeo
523 2353 619 2411 stricte
639 2360 706 2409 sunt
724 2333 918 2428 intelligenda,
939 2368 1005 2410 nam
1027 2351 1122 2411 “odia
1140 2362 1208 2411 sunt
1226 2353 1340 2412 restrin-

247 2450 375 2526 genda.”
417 2452 605 2528 Privilegium
619 2451 789 2528 plerumque
802 2450 844 2510 ud
859 2449 1040 2510 loetantium
1048 2451 1150 2529 portis
1171 2469 1341 2512 conoessum

247 2551 388 2616 hebetum
404 2550 480 2623 quod
494 2552 519 2609 si
532 2556 617 2609 motu
624 2548 751 2628 proprio
765 2559 794 2606 et
803 2567 840 2608 ea·
850 2556 929 2610 certa
940 2550 1067 2610 orientia
1076 2551 1257 2618 ooneedatur‚
1269 2553 1343 2609 inter

249 2649 365 2707 favores
378 2665 491 2724 semper
503 2658 675 2719 recensetur,
690 2649 739 2722 qui
759 2649 936 2726 amplissime
950 2657 1017 2707 sunt
1029 2649 1197 2724 aecipiendi,
1220 2650 1274 2706 etsi
1296 2665 1341 2706 rea

251 2749 295 2804 sit
307 2746 388 2803 alteri
400 2749 508 2814 nociva,
518 2749 599 2824 juxta
618 2748 689 2806 illud
707 2747 781 2824 legis
802 2746 894 2804 civilis
906 2765 914 2802 ε
937 2755 957 2782 “
968 2745 1140 2804 benefioium
1152 2747 1342 2822 imperatoris,

251 2844 335 2919 quod
348 2863 365 2901 a
378 2842 472 2904 divina
484 2847 590 2905 scilieet
601 2851 664 2926 ejus
675 2846 853 2923 indulgentia
865 2844 1063 2922 proficiscitur,
1075 2861 1160 2917 quam
1176 2843 1342 2921 plenissime

250 2946 430 3021 interpretari
443 2943 624 3004 debemus.”⁴

292 3047 340 3103 65.
362 3043 460 3103 Nemo
475 3054 585 3105 tenetur
598 3047 639 3104 uti
652 3043 803 3123 privilegio
823 3053 843 3081 ⁴⁴
854 3061 920 3103 eum
939 3043 1059 3104 liberum
1073 3045 1111 3101 sit
1123 3045 1276 3116 unicuique
1290 3061 1342 3101 suo

245 3145 308 3221 juri
319 3140 535 3202 renunciare.”⁵
575 3145 609 3204 Si
622 3154 716 3204 tamen
730 3143 910 3223 privilegn'um
927 3163 985 3202 non
998 3161 1152 3220 personam
1172 3142 1224 3200 sed
1236 3152 1342 3200 coeturn

247 3243 391 3318 respiciat,
405 3245 505 3316 nequit
517 3245 620 3318 aliquis
634 3246 661 3302 ei
674 3263 741 3304 oum
760 3244 867 3304 ordinis
887 3259 938 3300 seu
952 3251 1042 3300 coenis
1057 3242 1224 3300 detrimento
1237 3259 1339 3299 renun-

248 3343 336 3401 ciare.
379 3340 456 3400 Hine
470 3341 590 3402 clericus
604 3344 658 3402 fori
670 3343 820 3422 privilegio
834 3340 894 3422 (ubl
915 3338 1004 3419 viget)
1025 3357 1057 3397 se
1080 3341 1209 3398 abdicare
1231 3339 1339 3411 nequit,

250 3442 335 3499 etiam
350 3443 516 3518 interposito
525 3444 707 3520 juramento:
729 3451 750 3480 ‘⁶
761 3462 827 3502 oum
841 3458 899 3499 non
913 3442 950 3500 sit
967 3440 1139 3498 beneficium
1151 3439 1208 3496 hoo
1227 3453 1344 3513 person-

249 3542 308 3607 ale,
321 3541 367 3597 oui
385 3543 546 3600 renunciari
565 3542 666 3610 valeat,
691 3542 742 3600 sed
764 3543 858 3620 potius
882 3539 933 3598 toti
954 3537 1075 3613 collegio
1095 3535 1287 3594 eeclesiastico
1310 3535 1346 3591 sit

248 3638 364 3717 publice
377 3639 536 3699 indultum:
558 3643 604 3700 eui
617 3640 791 3720 privatorum
805 3638 899 3717 pactio
909 3637 1044 3714 derogare
1057 3653 1115 3695 non
1129 3633 1253 3714 potest.”
1294 3633 1344 3690 ste

247 3740 337 3797 etiam
349 3740 479 3817 episcopi
497 3751 525 3798 et
536 3741 678 3818 regulares
700 3747 854 3815 nequeunt,
869 3756 934 3796 cum
948 3755 1006 3797 sue
1026 3735 1180 3814 dignitatis,
1201 3735 1247 3792 vel
1268 3732 1342 3791 ordi·

152 3896 156 3901 .
247 3839 306 3905 nis,
327 3838 507 3908 detrimento,
527 3840 586 3897 suis
607 3841 766 3900 renuntiare
788 3827 971 3918 privilegiis.⁶
1011 3836 1044 3895 Si
1064 3836 1246 3914 privilegium
1266 3829 1344 3887 tollat

388 4012 430 4078 (l)
450 4012 476 4062 S.
488 4012 563 4078 Alph.
575 4015 592 4064 1.
603 4015 619 4064 i.
631 4029 687 4080 app.
698 4017 722 4062 2.
734 4014 764 4063 de
775 4015 836 4078 priv.
850 4029 891 4062 xv.
1027 4069 1029 4074 ¹

382 4097 422 4162 (2)
437 4095 500 4161 Gap.
510 4097 570 4148 olim
580 4097 611 4150 de
622 4099 713 4148 verbor.
725 4097 808 4158 signif.
818 4106 843 4148 et
854 4097 902 4158 leg.
913 4094 957 4145 ult.
970 4093 1000 4142 de
1017 4098 1096 4142 const.
1109 4090 1216 4156 princip.

388 4183 432 4249 (3)
451 4183 476 4231 S.
485 4183 608 4250 Alpheus.
620 4185 675 4236 loco
686 4198 761 4250 supro
772 4184 812 4234 oit.
825 4181 911 4233 mviii.

388 4267 431 4332 (4)
450 4267 512 4336 Reg.
519 4268 583 4334 juris
593 4270 637 4320 ult.
648 4267 674 4318 fl]
686 4267 716 4320 de
727 4266 825 4319 constit.

388 4350 432 4417 (ὅ)
450 4351 511 4419 Cap.
523 4354 547 4402 6.
560 4353 590 4404 de
597 4350 750 4421 privilegiis.

389 4435 432 4501 (6)
452 4435 517 4487 Vide
529 4436 556 4486 S·
569 4437 644 4505 Alph.
657 4439 760 4505 append.
774 4437 806 4488 ll.
818 4437 847 4489 de
859 4437 1011 4506 privilegiis,
1018 4450 1040 4485 c.
1051 4434 1069 4484 i.
1077 4449 1103 4483 n.
1115 4432 1149 4481 iii.
