3076 5260
405 435 462 492 DE
484 433 665 492 MEDIOAE
687 435 810 492 ARTIS
833 434 1113 494 cumulemus
1243 439 1301 494 403

206 607 275 680 quin
289 606 372 682 periti
384 607 574 664 necessariam
595 607 778 664 attentionem
798 625 856 666 non
877 606 1011 664 adhibent
1031 605 1066 664 ad
1085 607 1299 684 intelligendum
1338 627 1345 636 ·

206 707 304 783 aegroti
317 704 509 763 conditionem
523 714 551 762 et
573 705 723 766 morbum:
746 704 824 778 quod
843 707 872 764 in
893 706 1066 782 pauperibus
1085 706 1214 764 curandi
1224 725 1300 784 saepe

205 806 310 863 evenit.
342 803 469 863 Peccaut
482 806 531 876 qui
544 804 613 878 quid
626 804 744 863 suadent
757 815 853 862 contra
865 804 923 862 Dei
936 805 1040 881 legem,
1052 814 1080 863 et
1093 804 1298 864 medicamenta

195 906 334 980 ‹praebent
353 903 387 962 ad
401 903 499 961 soetum
514 902 726 982 expellendum,
740 904 786 961 vel
799 901 835 961 ad
848 903 1059 981 impediendam
1074 905 1296 980 generationem.

205 1004 437 1072 Peccantetiam,
459 1003 509 1075 qui
531 1003 628 1061 soeturn
648 1003 755 1070 vivum,
776 1002 871 1078 egredi
894 1003 996 1061 frustra
1016 1013 1176 1072 conantem,
1197 1003 1299 1064 instru-

204 1103 309 1161 mentis
322 1103 352 1160 iu
365 1111 459 1180 partes
473 1111 579 1170 secant,
594 1111 625 1160 ut
637 1102 721 1160 matri
741 1103 928 1170 subveniant;
949 1122 1008 1162 non
1027 1104 1104 1162 enim
1122 1103 1191 1160 licet
1210 1104 1297 1164 vitam

205 1203 347 1260 nascituro
360 1203 479 1278 eripere,
494 1203 579 1260 etiarn
593 1200 628 1258 ad
641 1201 808 1260 servandam
823 1221 839 1258 a
851 1209 942 1261 morte
963 1211 1090 1261 matrem.
1112 1202 1238 1261 Peccant
1250 1205 1299 1278 qui

203 1302 375 1378 pauperibus
386 1301 576 1360 necessariam
589 1299 730 1377 denegant
739 1319 867 1376 operam,
878 1303 1050 1373 ubicumque
1061 1319 1120 1360 non
1129 1310 1197 1361 sunt
1208 1303 1296 1381 depu-

203 1401 251 1459 tati
261 1400 365 1459 medici
379 1401 491 1478 publice
504 1399 675 1468 auctoritate,
684 1407 796 1458 etcerto
806 1399 959 1478 stipendio,
971 1399 1043 1458 adid
1054 1389 1179 1459 muneris
1190 1403 1297 1461 obeun-

206 1499 284 1560 dum.
326 1501 384 1567 Qui
404 1501 518 1559 morbos
541 1499 690 1576 pudendos
703 1517 802 1557 eorum
816 1518 888 1572 quos
902 1508 1000 1559 curant
1012 1509 1118 1558 temere
1139 1500 1295 1578 divulgant,

124 1599 128 1604 ’
203 1599 270 1657 fidei
284 1599 378 1658 sractae
392 1601 477 1677 plane
491 1598 627 1675 arguendi
641 1607 723 1657 sunt:
746 1607 878 1658 caeterum
892 1619 951 1659 nou
970 1599 1103 1657 videntur
1115 1617 1233 1677 peccare
1247 1603 1296 1674 qui

201 1700 365 1776 interrogati
387 1718 437 1758 eos
458 1699 639 1758 manifestant
661 1697 723 1755 aliis
745 1699 917 1771 inquorum
939 1707 1076 1773 potestate
1099 1701 1198 1776 aegroti
1219 1710 1294 1759 sunt.

202 1799 251 1856 Sic
265 1799 335 1859 hero
346 1800 460 1858 morbus
474 1799 619 1875 mancipii,
635 1798 716 1856 matri
729 1798 831 1874 puellae
841 1797 967 1857 conditio
979 1797 1181 1856 manifestatur.
1221 1799 1240 1856 J
1242 1819 1292 1857 ure
1396 1787 1400 1800 ’

202 1898 324 1978 Anglico
344 1899 491 1976 chirurgus
506 1899 625 1974 cogitur,
640 1918 656 1954 a
674 1896 772 1974 judice
796 1898 991 1974 interrogatus,
1013 1898 1108 1954 omnia
1129 1917 1193 1970 quae
1216 1899 1296 1956 novit

204 1994 335 2056 ιεΐιιιιθ.1
573 1999 574 2002 ’

244 2101 313 2156 161.
334 2097 384 2156 Ex
403 2097 467 2174 lege
487 2097 637 2164 Ecclesiae,
659 2095 714 2154 lata
733 2097 763 2154 in
783 2096 907 2155 concilio
928 2096 1114 2154 Lateranensi
1128 2097 1178 2164 iv.,
1192 2096 1297 2156 debent

201 2196 305 2257 medici
319 2206 439 2274 aegrotos
453 2214 568 2255 monere
583 2203 612 2252 et
623 2195 767 2264 inducere,
778 2206 810 2254 ut
819 2194 945 2254 medicos
960 2195 1099 2254 advocent
1112 2191 1297 2255 ιιιιίιιιιιιιιιιι.2

187 2301 189 2304 ’
202 2294 414 2355 Constitutione
428 2296 548 2373 speciali
560 2295 589 2352 id
598 2295 686 2372 jussit
698 2295 769 2353 Pius
784 2296 834 2362 V.,
848 2303 946 2352 vetans
960 2313 996 2352 ne
1010 2295 1082 2353 ultra
1092 2295 1204 2354 tertium
1219 2295 1295 2355 diem

200 2404 337 2472 aegrotum
348 2396 506 2454 inviserent
518 2395 574 2455 nisi
588 2392 623 2451 de
643 2395 705 2471 ejus
727 2395 905 2453 confessione
928 2403 1059 2453 constet:
1081 2393 1132 2452 sed
1153 2393 1228 2470 apud
1242 2415 1294 2454 uos

202 2513 291 2568 quum
304 2494 453 2553 acatholici
472 2495 621 2553 nobiscum
635 2494 771 2567 permixti
790 2493 903 2568 degant,
918 2485 976 2552 noir
989 2498 1032 2551 est
1044 2493 1092 2550 lex
1105 2493 1154 2551 illa
1167 2496 1293 2553 moribus

200 2602 323 2670 recepta.
365 2593 457 2670 lgitur
469 2593 536 2651 satis
550 2592 661 2650 videtur
671 2592 696 2649 si
706 2590 833 2649 medicus
844 2592 997 2649 catholicus
1008 2599 1146 2648 nostrates
1155 2592 1294 2661 invisens,

201 2712 251 2752 eos
264 2702 388 2761 moueat,
403 2688 482 2770 gravi
494 2700 611 2768 urgente
625 2691 764 2767 periculo,
779 2700 810 2748 ut
822 2690 1028 2748 confessarium
1043 2701 1195 2750 arcessant.

242 2797 310 2851 162.
332 2790 569 2850 Peccantmedici
579 2790 731 2848 honoraria
743 2789 886 2865 exigendo
896 2792 1003 2868 majora
1013 2790 1175 2848 consuetis:
1197 2809 1295 2863 quarn·

200 2891 244 2948 vis
264 2901 356 2950 autem
370 2893 509 2968 accipiant
522 2891 628 2962 absque
641 2898 758 2966 peccato
768 2890 1048 2962 quacumquelibere
1063 2889 1172 2958 dantur,
1186 2907 1292 2962 neque-

200 2999 252 3049 unt
264 2992 378 3068 exigere
392 2990 552 3048 mercedem
566 2989 733 3064 ampliorem
747 3005 780 3044 ea
794 3007 879 3060 quarn
892 2989 965 3066 legis
989 2987 1099 3046 defectu
1118 2989 1294 3048 consuetudo

202 3091 304 3148 statuit.
736 3071 739 3075 ¹

242 3169 318 3247 163.Ι
331 3189 403 3255 Quae
417 3188 452 3245 de
466 3186 584 3244 medicis
598 3185 734 3253 diximus,
749 3183 784 3240 de
805 3185 955 3261 chirurgis,
970 3182 1208 3262 pharmacopoeis‚
1223 3187 1293 3244 deu-

200 3289 270 3345 tium
283 3288 467 3354 curatoribus,
482 3294 511 3342 et
530 3285 639 3367 caeteris
660 3283 836 3361 hujusmodi,
852 3283 945 3342 debite
966 3283 1149 3361 proportione
1169 3293 1290 3352 servata,

200 3396 266 3444 sunt
278 3385 478 3463 intelligenda:
500 3402 601 3442 omnes
615 3383 725 3440 scilicet
737 3365 884 3440 scientiam
905 3381 1008 3440 debent
1020 3381 1124 3438 habere
1138 3401 1197 3440 suae
1211 3386 1290 3450 artis,

199 3494 227 3542 et
239 3465 414 3561 diligentiam
428 3483 560 3542 adhibere
580 3492 608 3540 et
626 3481 775 3550 cautelam,
790 3490 819 3540 et
831 3480 962 3539 mercede
978 3483 1056 3558 justa
1076 3483 1201 3540 conteuti
1215 3501 1290 3540 esse.

198 3584 256 3650 Qui
269 3583 353 3660 igitur
367 3583 474 3656 aliquid
494 3581 660 3658 hujusmodi
680 3579 840 3657 aggreditur
861 3581 975 3656 ignarus
996 3589 1024 3636 et
1043 3579 1191 3656 imperitus
1205 3581 1291 3656 plane
1399 3659 1402 3663 .

198 3691 307 3759 peccat,
321 3691 349 3740 et
362 3682 397 3740 ad
410 3682 513 3740 damna
532 3679 687 3756 reparanda
706 3679 863 3756 obligatur:
886 3680 960 3737 sicut
973 3688 1001 3736 et
1021 3679 1071 3750 qui
1084 3679 1292 3738 medicamenta

199 3781 323 3840 venditat
337 3782 439 3854 quibus
454 3782 584 3839 virtutem
597 3796 730 3856 magnam
744 3778 815 3836 falso
830 3778 934 3836 tribuit.
957 3793 959 3797 ·

241 3883 307 3938 164.
329 3879 375 3938 Dc
389 3879 510 3956 singulis
524 3878 673 3954 opificibus
694 3877 843 3953 speciatim
857 3876 996 3934 disserere
1010 3894 1069 3935 non
1083 3886 1172 3934 vacat.
1215 3877 1249 3934 id
1262 3879 1293 3936 in

198 3980 363 4037 universum
377 3977 643 4044 animadvertemus,
658 3994 757 4035 omnes
769 3975 870 4034 debere
880 3976 1019 4052 justitiam
1029 3975 1133 4042 colere,
1147 3985 1177 4032 et
1188 3994 1293 4054 magno

102 4141 108 4157 1
197 4095 356 4154 precavere
370 4077 463 4136 studio
476 4096 512 4134 ne
525 4075 597 4134 lucri
610 4093 705 4133 amore
726 4075 832 4148 aliquid
852 4073 998 4133 admittant
1017 4075 1114 4133 minus
1128 4073 1292 4134 honestum.

297 4231 347 4332 (1)v
358 4267 421 4317 Vide
432 4266 572 4316 Blackston.
582 4282 638 4316 cum
650 4266 730 4314 albot.
740 4265 755 4314 l.
768 4265 799 4314 ιιι.
811 4282 837 4315 n.
850 4264 907 4314 370.
921 4272 971 4314 not
984 4268 1025 4312 32.

299 4353 342 4418 (2)
361 4351 421 4416 Cep.
434 4351 502 4400 Cum
513 4349 660 4416 infirmitas.
