3076 5260
344 555 687 622 DEFORENSIBUS
709 557 1078 621 OBLIGATIONIBUS.
1198 569 1257 624 377

211 731 279 784 105.
301 725 396 784 Debet
403 725 494 804 judex
508 745 606 784 causas
620 726 747 786 celeriter
760 727 905 803 expedire,
919 739 1030 787 servata
1043 739 1137 788 tamen
1150 749 1258 790 morae

167 824 276 903 legibus
287 827 466 902 prescripta:
489 826 689 903 “jurgantium
698 829 903 886 controversias
917 827 1002 886 celeri
1014 830 1156 888 sententia
1165 831 1257 888 termi-

167 942 244 992 nare,
259 934 287 981 et
299 925 423 997 aequitati
436 926 571 984 convenit
589 937 617 982 et
637 919 772 1002 rigori.’'¹
813 927 918 984 Peccat
937 927 1023 1004 igitur
1035 929 1085 1000 qui
1098 946 1128 985 se
1142 928 1256 988 facilem

165 1025 272 1099 praebet
284 1023 425 1081 advocatis
439 1043 532 1083 moras
546 1034 657 1083 nectere
680 1027 879 1098 quaerentibus,
902 1034 932 1082 ut
946 1027 1000 1102 jus
1016 1027 1118 1084 actoris
1131 1025 1254 1094 eludant,

165 1123 211 1180 vel
223 1123 384 1182 molestiam
396 1141 446 1181 reo
459 1123 595 1190 inferant:
617 1124 663 1182 vel
675 1134 706 1181 ut
719 1143 800 1182 reum
815 1125 918 1201 ajuste
924 1123 1108 1184 damnatione
1122 1126 1251 1202 eripiant.

165 1221 251 1288 Quod
264 1223 290 1279 si
302 1222 389 1280 nimis
408 1223 573 1282 festinanter
591 1243 706 1282 causam
729 1223 765 1281 ad
785 1224 892 1282 exitum
912 1222 978 1282 duci
994 1224 1103 1301 jubeat,
1117 1233 1149 1281 nt
1162 1225 1254 1283 amico

164 1321 333 1396 gratificetur
346 1340 412 1379 curn
426 1321 538 1379 alterius
553 1320 730 1389 detrimento,
745 1322 791 1378 vel
803 1331 834 1378 ut
846 1322 947 1398 populi
956 1324 986 1381 in
999 1342 1080 1382 reum
1093 1323 1161 1382 odio
1174 1325 1254 1383 satir·

161 1419 256 1487 faciat,
270 1439 353 1479 suum
368 1419 462 1498 prodit
472 1438 586 1479 munus.

205 1523 272 1576 100.
293 1520 328 1577 In
340 1522 424 1578 robus
447 1520 576 1577 civilibus
593 1519 699 1596 judicis
721 1519 862 1576 sententia
883 1531 944 1578 acta
965 1519 1089 1578 forensia
1110 1530 1138 1577 et
1159 1520 1255 1596 legum

162 1627 290 1676 tenorem
303 1618 464 1678 necessarid
478 1620 616 1692 sequitur,
630 1618 698 1676 licet
720 1637 873 1696 gravamen
895 1619 991 1678 forsan
1005 1619 1091 1677 alicui
1104 1618 1170 1677 inde
1184 1620 1255 1676 oria-

162 1727 223 1774 tur:
246 1719 358 1794 publica
370 1719 448 1777 enim
457 1719 562 1777 utilitas
582 1719 672 1796 exigit
684 1725 715 1776 ut
723 1717 832 1795 judicia
845 1719 887 1776 sic
900 1725 1048 1794 gerantur:
1069 1728 1098 1777 et
1109 1718 1185 1776 valet
1196 1735 1254 1776 res·

160 1817 275 1891 publica
287 1835 350 1877 eam
369 1818 526 1877 concedere
549 1827 717 1894 potestatem
731 1818 761 1875 in
774 1817 881 1875 bonum
893 1835 1055 1885 commune,
1070 1819 1117 1875 cui
1130 1816 1254 1891 singulo-

160 1933 225 1972 rum
238 1917 304 1991 jnra
317 1917 431 1976 cedunt.

204 2019 270 2075 107.
293 2016 415 2078 Carcere
428 2015 571 2075 includere
584 2034 663 2074 reum
676 2014 768 2092 judici
780 2014 856 2083 licet,
877 2034 942 2074 nam
955 2015 1137 2092 blasphemus
1152 2015 1181 2072 in
1194 2032 1253 2071 car·

160 2109 256 2172 cerem
270 2117 375 2174 missus
389 2125 462 2175 esta
480 2115 578 2184 Mose,
592 2113 682 2173 donec
699 2114 756 2172 Dei
769 2115 898 2172 voluutas
912 2114 947 2172 de
960 2133 1045 2191 poena
1057 2115 1084 2174 ei
1099 2111 1254 2190 infligenda

157 2208 374 2274 innotesceret?
413 2215 454 2274 Et
475 2225 507 2272 ut
528 2216 671 2290 sapienter
692 2213 888 2273 animadvertit
901 2215 933 2270 S.
948 2214 1098 2272 Thomas:
1121 2212 1251 2269 “Homo

159 2314 210 2384 qui
235 2316 359 2373 abutitur
380 2324 518 2392 potestate
539 2315 594 2373 sibi
615 2312 688 2382 data,
712 2321 836 2372 meretur
857 2331 920 2370 earn
942 2312 1080 2371 amittere.
1122 2311 1163 2370 Et
1185 2309 1250 2368 ideo

155 2409 268 2472 homini
282 2415 332 2486 qui
344 2413 490 2491 peccando
505 2416 608 2472 abusus
622 2423 666 2471 est
677 2414 765 2472 libero
779 2430 833 2470 usu
842 2431 960 2471 suorum
973 2413 1174 2478 membrorum,
1183 2427 1251 2468 con·

157 2513 276 2570 veniens
288 2522 331 2569 est
349 2514 580 2573 incarcerationis
600 2506 764 2570 materia.’'³
805 2511 949 2570 Ceterum
972 2531 1009 2570 ne
1022 2529 1136 2587 poenam
1157 2510 1251 2567 subire

155 2611 222 2680 quis
233 2610 359 2668 videatur
372 2613 519 2676 innocens,
533 2608 693 2686 precedere
706 2609 809 2666 debent
822 2611 948 2666 criminis
963 2609 1068 2666 indicia
1087 2606 1183 2684 gravia
1196 2617 1250 2664 tes·

153 2710 229 2766 tium
240 2709 403 2784 juramento
412 2709 538 2786 probata,
553 2727 619 2766 nam
635 2708 835 2776 “incarcerare
850 2707 983 2778 aliquem,
998 2706 1043 2764 vel
1053 2705 1251 2777 qualitercum-

153 2825 214 2879 que
228 2806 363 2877 detinere,
378 2820 422 2866 est
434 2807 574 2875 illicitum,
590 2806 646 2864 nisi
666 2806 715 2862 fiat
736 2804 894 2864 secundum
915 2803 1044 2864 ordinem
1062 2804 1189 2880 justitiae,
1204 2817 1253 2862 aut

151 2908 186 2964 in
200 2924 324 2981 poenam,
339 2907 433 2967 autad
446 2904 583 2965 cautelam
602 2905 721 2982 alicujus
744 2904 811 2962 mali
826 2899 981 2963 vitandi.'’⁴
1019 2905 1038 2962 J
1041 2921 1090 2962 ure
1103 2905 1251 2962 communi

152 3016 269 3064 cavetur
288 3025 325 3065 ne
347 3008 418 3066 civis
441 3007 577 3065 innoxius
597 3023 708 3063 carcere
722 2997 914 3073 includatur3⁵
933 3013 961 3060 et
981 3004 1037 3062 reis
1064 3002 1096 3060 fit
1118 3002 1249 3070 facultas,

113 3093 133 3126 ⁰
156 3107 288 3181 praestitis
297 3105 477 3174 vadimoniis,
490 3105 617 3165 libertate
630 3103 752 3172 fruendi,
766 3103 857 3164 donec
866 3103 1007 3180 judicium
1022 3103 1178 3165 subierint:
1193 3105 1251 3163 nisi

192 3326 234 3392 (Ι)
255 3325 317 3392 Gap.
329 3327 354 3377 ii.
366 3329 396 3378 de
409 3335 471 3378 seut.
483 3335 507 3378 et
518 3343 544 3378 re
559 3327 635 3394 judic.
670 3326 708 3375 De
720 3324 800 3374 causis
819 3323 985 3373 criminalibus
1006 3323 1090 3373 statuit
1111 3323 1253 3373 constitutio

156 3409 272 3462 Statuam
283 3411 472 3462 foederatorunr:
489 3412 542 3462 “In
554 3413 586 3462 all
606 3410 717 3460 criminal
737 3409 916 3474 prosecutione,
927 3408 969 3457 the
987 3408 1089 3458 accused
1107 3408 1169 3458 shall
1180 3409 1254 3474 enjoy

154 3496 196 3547 the
208 3495 272 3558 right
284 3505 309 3548 to
320 3513 335 3546 a
346 3497 436 3562 speedy
448 3497 496 3547 and
508 3496 590 3561 publio
602 3494 662 3553 trial,
674 3496 706 3558 by
718 3511 751 3542 an
768 3493 894 3558 impartial
902 3494 960 3557 jury
974 3492 1002 3540 of
1016 3492 1057 3541 the
1069 3491 1137 3542 State
1149 3492 1198 3541 and
1209 3492 1256 3542 dis·

153 3582 210 3632 trict
221 3581 329 3632 wherein
348 3582 389 3632 the
410 3581 484 3632 crime
502 3582 565 3632 shall
576 3581 638 3630 heve
650 3581 712 3631 been
724 3575 887 3628 committed.'’
922 3576 1015 3626 Artiole
1027 3576 1058 3625 vi.
1070 3575 1250 3626 Amendnrents

156 3677 182 3716 to
194 3667 278 3716 Const.
289 3667 380 3718 United
393 3665 482 3718 States.

190 3754 233 3818 (2)
253 3751 313 3802 Lev.
325 3754 393 3803 xxiv.
407 3757 444 3804 12.
685 3752 734 3816 '(3)
755 3753 778 3801 2.
791 3753 813 3798 2.
826 3766 867 3820 qu.
879 3750 928 3799 lxv.
942 3756 985 3799 art.
998 3748 1030 3798 iii.
1065 3746 1108 3797 Ad
1118 3749 1228 3798 tertiatur.

192 3838 235 3904 (4)
255 3839 355 3898 Ibidem,
368 3839 443 3906 Resp.

193 3925 234 3990 (5)
254 3925 318 3990 “By
333 3927 363 3974 16
376 3924 433 3975 Gar.
444 3924 460 3973 i.
471 3940 492 3975 c.
504 3940 528 3974 x.
540 3925 562 3974 if
575 3939 624 3988 any
636 3937 725 3988 person
736 3922 767 3970 be
775 3920 905 3971 restrained
919 3921 946 3970 of
954 3920 992 3970 his
1003 3921 1089 3986 liberty
1101 3922 1133 3985 by
1145 3920 1215 3970 order
1226 3935 1253 3970 or

155 4010 239 4060 dccree
250 4011 279 4060 of
292 4027 342 4075 any
351 4011 431 4073 illegal
443 4018 520 4070 court,
533 4026 559 4060 or
577 4009 609 4073 by
621 4007 751 4058 commend
769 4008 798 4056 of
812 4009 852 4057 the
870 4006 952 4070 hing's
965 4008 1067 4072 majesty
1079 4006 1104 4056 in
1117 4023 1214 4071 person,
1225 4023 1252 4056 ot

156 4099 186 4160 by
199 4107 304 4148 warrant
315 4097 344 4146 of
357 4096 398 4146 the
418 4095 514 4147 council
525 4095 608 4154 board,
619 4111 646 4144 or
657 4094 686 4143 of
699 4109 746 4156 any
760 4093 788 4142 of
802 4094 842 4142 the
860 4093 929 4157 privy
942 4091 1046 4150 couucil,
1057 4092 1090 4142 he
1102 4093 1172 4152 shall,
1186 4109 1253 4158 upon

157 4183 261 4234 demand
274 4183 303 4232 of
316 4182 355 4232 his
366 4183 475 4239 ananeel,
487 4180 549 4230 have
561 4197 575 4229 a
587 4181 642 4229 writ
653 4180 681 4228 of
694 4177 783 4228 habeus
795 4193 884 4244 corpus
904 4189 931 4227 to
950 4177 1021 4239 bring
1040 4176 1078 4226 his
1095 4178 1159 4242 body
1170 4179 1251 4228 before

154 4270 196 4320 the
207 4278 277 4321 court
297 4270 325 4319 of
338 4268 420 4333 king's
436 4267 515 4318 bench
527 4284 554 4316 or
564 4283 679 4318 common
697 4268 772 4331 pleae,
783 4267 840 4315 who
853 4265 915 4316 shall
932 4264 1066 4314 determine
1086 4265 1194 4315 whether
1211 4266 1252 4315 the

154 4373 228 4408 cause
241 4356 269 4406 of
281 4356 321 4405 his
333 4354 500 4406 commitment
511 4355 540 4403 be
549 4352 625 4419 Just?
661 4353 817 4412 Blachstone,
829 4354 847 4402 1.
857 4353 872 4402 i.
884 4367 909 4403 n.
924 4353 979 4400 135.
1009 4350 1072 4402 Vide
1085 4360 1109 4402 et
1121 4350 1207 4401 Cenat.
1220 4350 1251 4398 U.

157 4430 328 4500 Stmmh

697 4517 753 4571 33l
