3078 5258
241 457 300 511 202
505 447 562 508 DE
583 444 880 507 OONFESSIONE
901 445 1061 505 ANNUA.

242 613 395 683 Quomodo
416 611 559 672 consessio
579 611 708 671 facienda
727 612 765 669 sit
782 619 813 668 ut
831 609 932 676 valeat,
946 610 1022 677 alibi,
1036 611 1086 668 ubi
1104 609 1140 668 de
1154 624 1333 673 sacramento

240 713 412 791 poenitentioe
436 709 576 787 agendum
602 713 663 778 erit,
691 709 886 786 explicabitur.
929 708 1047 766 Interim
1073 709 1331 770 animadvertemus

240 813 337 870 omnia
350 819 466 886 peccata
478 809 573 885 gravia
586 828 707 884 quorum
720 809 833 866 veniam
847 816 929 865 antea
942 809 1064 880 quisque
1085 819 1252 868 consecutus
1272 805 1335 868 non'

241 918 293 976 est,
308 927 371 966 esse
388 907 564 977 declaranda,
585 909 679 967 animo
700 925 765 964 vere
785 906 941 982 penitenti,
962 914 990 963 et
1009 905 1045 962 ad
1063 905 1120 963 Dei
1143 917 1172 964 et
1190 908 1332 966 Ecclesiae

242 1007 374 1066 mandata
386 1006 558 1084 perficienda
571 1015 677 1084 parato.

279 1111 330 1164 27.
351 1106 429 1165 Intra
441 1124 547 1164 armum
559 1105 701 1163 confessio
714 1113 758 1162 est
770 1101 914 1161 iacienda:
936 1101 990 1160 sert
1009 1112 1103 1160 autem
1117 1101 1242 1162 fidelium
1255 1123 1331 1172 mos,

241 1223 327 1277 quem
341 1203 469 1280 probavit
481 1205 634 1262 concilium
651 1202 863 1268 Tridentinum‚
883 1209 914 1257 ut
935 1201 984 1258 fiat
1003 1210 1130 1276 tempore
1151 1202 1332 1278 quadragesi·

240 1298 334 1362 mali.1
375 1303 434 1370 Qui
453 1321 558 1360 annum
580 1302 653 1359 elabi
672 1301 749 1367 sivit,
772 1298 951 1357 consessione
977 1298 1053 1356 haud
1073 1309 1195 1374 peracta,
1216 1310 1330 1359 tenetur

242 1411 421 1478 quantocyus
435 1400 572 1468 confiteri,
593 1409 703 1477 tempus
717 1399 794 1457 euim
815 1397 1004 1473 proscribitur
1022 1397 1058 1454 ad
1071 1399 1225 1474 urgendam
1239 1399 1329 1458 divini

241 1499 587 1578 praceptiimpletionem,
598 1516 656 1556 non
666 1496 701 1554 ad
714 1497 916 1571 obligationem
929 1495 1152 1553 terminandam:
1167 1496 1243 1569 quod
1253 1499 1333 1556 colli·

240 1617 306 1674 gere
320 1607 411 1656 estex
432 1596 523 1654 verbis
543 1597 616 1655 illis:
638 1593 744 1652 saltem
767 1591 858 1652 semel
877 1593 911 1650 in
930 1611 1022 1652 auno.
1064 1595 1123 1660 Qui
1143 1595 1280 1670 praevidet
1299 1615 1331 1653 se

240 1695 409 1772 impeditum
431 1694 466 1750 iri
487 1712 524 1752 ne
545 1694 718 1762 confiteatur,
741 1693 797 1752 nisi
821 1702 991 1770 praesentem
1011 1693 1126 1769 arripiat
1138 1695 1330 1762 occasionem,

241 1803 352 1854 tenetur
373 1793 408 1851 ad
427 1791 620 1852 confitendum
643 1793 746 1860 statim,
767 1791 833 1848 licet
852 1792 918 1848 anni
937 1792 1003 1849 finis
1023 1809 1081 1850 uon
1101 1794 1331 1868 appropinquet:

242 1902 416 1972 preceptum
437 1893 515 1950 enim
537 1893 643 1970 obligat
665 1910 738 1950 anno
758 1891 900 1958 inchoato,
922 1908 976 1948 nec
995 1889 1052 1948 alia
1077 1890 1170 1948 sutura
1194 1899 1238 1948 est
1262 1891 1335 1950 illud

242 1991 380 2068 implendi
393 1993 515 2049 occasio.
557 1992 607 2050 Sic
630 1991 679 2063 qui
700 1988 852 2064 aliquando
874 1989 1034 2049 invisuntur
1048 2009 1064 2046 a
1076 1987 1221 2047 sacerdote
1235 1990 1335 2051 fideles

242 2091 272 2148 in
284 2091 350 2147 loco
363 2088 497 2164 degentes
517 2089 551 2146 ab
564 2089 684 2147 ecclesia
698 2088 808 2156 dissito,
824 2097 852 2144 et
864 2089 944 2146 omni
957 2088 1030 2146 sacri
1043 2087 1194 2148 ministerii
1207 2089 1335 2149 subsidio

242 2188 410 2264 plerumque
422 2195 560 2255 carentes,
575 2186 679 2245 debent
689 2187 817 2245 confiteri
829 2195 954 2264 peccata,
969 2187 995 2243 si
1015 2186 1189 2264 praevideant
1209 2205 1259 2263 per
1270 2189 1336 2248 reli·

243 2305 330 2357 quam
343 2286 408 2343 anni
421 2295 529 2364 partem
542 2305 600 2344 non
612 2285 672 2343 sore
686 2285 741 2342 illis
755 2284 921 2343 confessarii
939 2286 1063 2362 copiam.
1105 2284 1208 2343 Annus
1228 2284 1302 2344 solet
1321 2307 1337 2344 a

241 2381 336 2440 multis
350 2384 507 2459 computari
520 2403 536 2441 a
550 2393 676 2460 tempore
690 2383 767 2454 quod
778 2383 906 2460 paschali
920 2391 1062 2460 praecepto
1082 2382 1229 2460 implendo
1252 2382 1336 2444 desti·

241 2488 332 2548 natur‚
346 2478 540 2554 adaequantia
554 2481 620 2540 anni
633 2490 745 2556 tempus
758 2483 827 2540 item
842 2481 989 2558 paschale.

280 2583 331 2636 28.
352 2578 487 2637 Parentes
507 2581 558 2654 qui
579 2598 637 2638 non
660 2588 758 2637 curant
778 2589 810 2637 ut
830 2579 883 2638 filii
905 2580 973 2637 huic
996 2580 1170 2638 satisfaciant
1192 2590 1335 2658 praecepto

242 2679 364 2755 graviter
377 2687 443 2736 sunt
454 2679 607 2756 culpandi;
625 2679 782 2758 prasertim
796 2696 886 2752 quum
898 2678 954 2736 hoc
972 2695 1089 2738 munere
1102 2679 1133 2736 in
1146 2691 1243 2738 tenera
1254 2689 1337 2738 aetate

242 2778 382 2854 neglecto,
409 2775 524 2836 difficile
550 2777 687 2854 deinceps
713 2775 750 2834 ad
773 2778 878 2836 bonam
900 2775 1011 2853 frugem
1032 2775 1204 2852 redigantur.
1246 2779 1337 2854 Igitur

243 2884 396 2949 septennes
410 2873 445 2930 ad
457 2876 650 2935 confitendum
670 2874 799 2933 mittendi
814 2883 889 2941 sunt,
911 2883 940 2931 et
958 2873 1094 2951 deinceps
1115 2879 1265 2947 quotannis
1279 2877 1333 2934 sal·

243 2979 319 3028 tem:
342 2969 458 3042 quodsi
472 2972 540 3030 dum
554 2973 719 3030 adolescunt
730 2982 862 3040 renuunt,
877 2973 1009 3050 precibus
1023 2983 1053 3030 et
1070 2974 1250 3034 suasionibus
1262 2993 1333 3050 prae-

242 3068 340 3123 sertim
353 3074 418 3123 sunt
430 3065 604 3136 adducendi3
625 3069 676 3127 sed
688 3080 807 3146 peccant
819 3072 985 3147 plerumque
999 3081 1093 3148 patres
1107 3073 1156 3144 qui
1169 3093 1222 3132 suo
1235 3088 1333 3130 exeru-

243 3164 292 3240 plo
305 3164 371 3222 filiis
385 3182 443 3223 non
456 3177 591 3243 preeunt.
634 3169 691 3236 Qui
705 3168 874 3227 confitentur
886 3171 971 3227 etiam
984 3172 1063 3246 pueri
1078 3171 1241 3229 absolvendi
1255 3181 1333 3238 suut,

243 3281 310 3321 nam
330 3263 394 3322 ideo
413 3267 558 3326 confessio
578 3286 671 3327 annua
690 3268 856 3345 injungitur,
877 3277 908 3325 ut
928 3269 1029 3326 animae
1049 3269 1132 3326 saluti
1153 3268 1332 3328 consulatur:

244 3361 320 3436 quod
333 3363 358 3420 si
371 3362 406 3422 de
420 3366 506 3424 animi
519 3367 685 3444 punitentia
704 3365 854 3434 dubitetur,
867 3366 1034 3425 confessarii
1053 3367 1179 3426 studium
1192 3370 1222 3426 in
1234 3385 1270 3425 eo
1282 3385 1335 3442 po·

245 3459 371 3520 neudum
384 3472 437 3532 est,
451 3475 483 3523 ut
495 3463 530 3522 ad
543 3465 648 3527 doloris
663 3482 778 3523 sensum
792 3475 820 3522 et
835 3465 1048 3524 detestationem
1061 3475 1243 3542 peccatorum
1256 3467 1334 3523 exci-

244 3569 346 3629 tentur,
358 3561 393 3620 ad
401 3563 583 3624 absolutionis
596 3565 765 3623 beneficium
774 3563 1001 3642 percipiendum.
1023 3564 1118 3622 Puero
1128 3564 1168 3646 de
1179 3582 1236 3639 quo
1246 3563 1337 3622 adhuc

280 3746 322 3810 (l)
337 3743 453 3796 Sanctam
466 3745 530 3798 hanc
541 3749 742 3800 consuetudinem
755 3750 951 3800 retinereirustra
959 3751 1089 3800 voluerunt
1100 3749 1241 3812 Anglicnni,
1251 3749 1337 3800 divina

245 3831 298 3894 lege
306 3829 438 3881 confitendi
448 3840 548 3896 peccata
558 3832 683 3896 denegata.
718 3841 733 3865 ‘⁴
742 3835 795 3884 Our
802 3835 854 3885 first
865 3835 1001 3885 Reformers
1013 3834 1143 3884 contanted
1154 3835 1296 3884 themselves
1305 3840 1332 3881 to

246 3932 349 3980 procura
359 3915 420 3966 from
432 3915 539 3967 Edward
550 3917 592 3968 tho
602 3917 666 3968 sixth
675 3917 702 3968 in
713 3917 755 3968 the
766 3919 818 3970 first
829 3920 858 3969 os
864 3919 902 3968 his
913 3921 982 3982 reign
994 3919 1085 3969 certain
1097 3919 1249 3984 injunctions
1250 3950 1332 3969 .....

245 3999 324 4049 Order
334 4017 385 4050 was
396 4003 468 4063 giren
478 4005 511 4068 by
522 4003 564 4053 the
575 4018 642 4053 seme
652 4003 811 4071 injunctions,
823 4003 875 4054 that
886 4004 927 4054 th'e
938 4019 1005 4054 same
1015 4019 1116 4068 persons
1125 4003 1213 4053 should
1224 4003 1251 4051 in
1263 4001 1335 4050 Gon·

245 4081 349 4131 sessione
359 4084 387 4132 in
398 4084 462 4136 Lent
472 4088 586 4138 examine
597 4104 668 4152 every
680 4104 768 4153 person
779 4087 832 4137 that
843 4103 911 4137 came
923 4095 948 4136 to
959 4087 1099 4137 confession
1110 4093 1135 4136 to
1143 4086 1218 4145 them
1227 4083 1339 4134 whether

244 4165 303 4228 they
321 4167 393 4216 could
405 4171 477 4219 reoitc
488 4171 529 4220 the
541 4172 635 4222 articles
646 4173 674 4222 ot
687 4173 749 4222 their
759 4171 827 4230 saith,
838 4171 880 4222 the
892 4172 965 4222 Peter
975 4177 1068 4232 noster,
1086 4169 1136 4220 and
1155 4168 1196 4219 the
1207 4176 1249 4218 ten
1263 4167 1342 4218 Gom·

249 4249 404 4299 mandments
415 4252 442 4302 in
451 4252 582 4314 English?
616 4256 758 4322 injunction
770 4260 793 4310 9.
811 4256 855 4308 Sec
866 4255 907 4308 tlte
921 4256 1055 4309 Gollcetion
1066 4255 1098 4326 os
1109 4253 1222 4316 Anido,
1233 4253 1341 4324 lujano·

245 4330 318 4390 tions,
331 4333 379 4393 dc,
391 4334 423 4397 by
434 4335 481 4400 Bp.
493 4335 619 4408 Sparrow.
