3046 5262
268 433 328 490 252
703 421 760 482 DE
781 419 928 482 BELLO.

271 594 374 652 elesias
388 593 494 668 piaque
513 589 576 649 loca
597 583 735 656 diruere,¹
754 604 808 644 nec
821 587 942 648 aedificia
954 590 1062 666 privata
1074 588 1122 648 vel
1135 589 1250 665 publica
1264 591 1361 663 quibus

271 693 314 750 vis
326 692 453 749 hostium
466 705 525 746 neu
538 696 665 766 augetur,
679 685 725 744 vel
738 686 840 742 artium
853 687 1090 762 scientiarumque
1104 688 1233 748 subsidia
1241 685 1363 748 tollere²

273 791 307 850 Si
321 790 387 848 urbs
401 785 559 866 diripienda
572 786 704 854 tradatur,
718 783 794 858 quod
807 785 923 844 nonnisi
936 789 1116 863 gravissimas
1129 788 1166 845 ob
1177 797 1279 846 causas
1291 788 1362 853 lieet,

273 888 379 948 medus
390 886 542 964 direptioni
555 896 599 946 est
610 883 771 962 ponendus.
793 882 895 942 Praeda
907 887 960 944 erit
967 887 1051 964 juxta
1063 886 1156 962 legem
1169 887 1216 944 vel
1228 887 1364 964 principis

275 987 394 1047 ducisve
407 987 581 1046 veluntatem
594 982 796 1043 distribuenda.
830 982 916 1048 Quod
925 986 950 1044 si
963 985 1046 1044 miles
1060 985 1113 1044 eibi
1127 985 1235 1058 aliquid
1247 1004 1365 1063 usurpa·

276 1088 359 1156 verit,
373 1102 479 1163 magne
501 1102 532 1142 se
553 1084 649 1161 oincit
668 1101 760 1158 poenae
781 1081 954 1142 discrimini:
975 1103 1041 1144 nam
1058 1085 1123 1161 jure
1138 1083 1292 1142 Gaesareoz
1314 1087 1365 1143 “is

275 1189 325 1259 qui
338 1183 462 1262 predam
477 1183 511 1240 ab
524 1182 654 1240 hostibus
668 1190 778 1257 captam
798 1180 946 1256 subripuit,
966 1183 1030 1260 lege
1049 1184 1195 1260 peculatus
1210 1177 1365 1242 tenetur-”³

275 1285 321 1342 Ab
335 1283 413 1340 omni
427 1291 522 1340 autem
535 1281 644 1358 flagitio
657 1279 855 1338 abstinendum
868 1283 986 1340 omnine
999 1291 1061 1340 est:
1082 1291 1255 1358 quapropter
1269 1282 1364 1340 mulie·

275 1399 338 1440 mm
352 1380 515 1457 pudicitiam
528 1381 638 1440 nemini
648 1379 717 1438 lieet
729 1389 873 1438 attentare.

316 1484 366 1538 30.
382 1489 400 1518 ‘⁶
411 1480 482 1547 Quae
491 1499 528 1538 ex
541 1480 669 1538 hostibus
680 1479 820 1554 capimus,
830 1479 895 1553 jure
906 1480 1031 1554 gentium
1039 1479 1133 1538 statim
1141 1488 1236 1538 nestra
1246 1472 1365 1538 flunt.'’⁴

276 1579 320 1638 lta
328 1581 378 1655 jus
393 1578 570 1636 eaesareum.
612 1578 746 1635 Attamen
766 1576 907 1634 recentius
923 1577 983 1651 jus,
998 1576 1079 1649 quod·
1086 1578 1234 1654 principiis
1244 1579 1365 1655 jurispe-

277 1678 405 1746 ritorum,
419 1677 575 1752 presertim
590 1669 710 1744 Grotii,⁵
732 1684 760 1733 et
779 1675 870 1751 pactis
892 1677 1076 1749 moribusque
1091 1679 1239 1735 nationum
1252 1657 1364 1741 nititur,

276 1775 374 1834 mitius
388 1774 542 1834 admodum
555 1783 607 1832 est.
649 1773 794 1848 Equidem
808 1782 903 1851 potest
915 1791 985 1850 gens
998 1793 1062 1846 quae
1071 1775 1176 1834 bellum
1185 1777 1265 1852 juste
1274 1775 1364 1839 insert,

276 1874 401 1934 hostium
428 1893 567 1952 occupare
589 1875 665 1932 bena
690 1882 826 1945 quantum
846 1889 965 1932 necesse
991 1874 1028 1933 sit
1052 1873 1088 1931 ad
1113 1873 1282 1932 damnorum
1305 1891 1364 1945 que

277 1992 363 2050 passa
376 1983 419 2031 est
432 1975 705 2052 compensationem,
719 1971 794 2030 etad
807 1973 999 2047 impensarum
1017 1973 1086 2032 belli
1098 1972 1280 2039 solutionem,
1294 1984 1323 2029 et
1334 1971 1365 2027 ad

278 2072 390 2147 injuriae
404 2073 512 2149 justam
535 2071 703 2131 vindictam:
726 2078 897 2148 quapropter
916 2081 990 2128 reete
1003 2069 1072 2129 dicit
1084 2071 1116 2129 S.
1132 2071 1284 2129 Thomas:
1307 2069 1366 2126 “Si

276 2168 316 2227 illi
337 2170 388 2243 qui
409 2169 605 2247 depredantur
626 2170 734 2238 hostes,
755 2170 877 2228 habeant
901 2168 1006 2228 bellum
1027 2172 1148 2248 justum,
1169 2188 1214 2238 ea,
1235 2189 1300 2242 quae
1319 2187 1366 2245 per

276 2267 440 2328 violentiam
454 2269 570 2328 inbelle
593 2269 751 2342 acquirunt,
775 2287 874 2328 eorum
898 2261 1108 2328 efficiuntur.’'⁶
1147 2269 1214 2328 Nec
1230 2285 1365 2326 excessus

278 2364 360 2422 saeile
374 2364 538 2433 admittitur,
553 2385 641 2438 quum
654 2367 821 2441 plerumque
835 2366 961 2424 videatur
974 2367 1093 2444 direptio
1112 2368 1146 2425 ad
1159 2369 1234 2426 vires
1244 2368 1366 2426 hostiurn

276 2463 460 2520 conterendas
484 2465 652 2522 necessaria.
696 2463 839 2524 Oaeterurn
859 2466 968 2524 nemini
988 2467 1055 2524 licet
1073 2468 1181 2543 privata
1206 2467 1365 2525 auctoritate

276 2561 396 2637 praedari
409 2561 516 2632 hostes,
535 2563 582 2623 vel
601 2561 718 2622 medum
740 2583 757 2621 a
776 2563 847 2622 duee
861 2582 996 2641 supremo
1009 2567 1205 2644 prescriptum
1219 2564 1364 2624 excedere.

277 2660 312 2718 In
326 2660 401 2721 belle
413 2662 491 2720 bona
503 2672 584 2740 capta
604 2661 709 2722 cedunt
728 2663 901 2740 reipublicae,
921 2682 972 2724 seu
992 2665 1114 2742 principi
1131 2684 1278 2742 supreme,
1289 2665 1367 2742 juxta

278 2761 460 2820 notissimum
473 2762 646 2840 principium
656 2763 746 2839 juris:
769 2772 788 2798 ‘⁶
798 2762 873 2821 belle
887 2772 965 2838 parta
977 2762 1081 2822 cedunt
1091 2764 1253 2841 reipublieae
1265 2764 1295 2832 ;''
1319 2761 1366 2820 sed

276 2877 340 2918 mes
353 2869 398 2918 est
410 2869 441 2919 ut
454 2880 516 2935 quae
530 2862 645 2922 inmari
659 2863 816 2938 capiuntur,
830 2870 896 2939 post
909 2862 1054 2921 tribunalis
1070 2864 1202 2922 maritimi
1218 2863 1365 2940 judicium,

276 2959 353 3016 inter
367 2968 497 3035 captores
511 2955 737 3020 distribuantur!
777 2961 850 3026 Quae
866 2970 959 3022 tamen
972 2980 990 3018 a
1005 2963 1121 3038 privatis
1140 2963 1246 3035 absque
1256 2960 1368 3038 publiea

275 3057 391 3119 licentia
405 3058 562 3134 capiuntur,
582 3061 665 3137 juxta
685 3061 764 3135 leges
786 3069 896 3118 n'estras
918 3059 1023 3119 cedunt
1044 3063 1161 3120 omnino
1180 3051 1367 3138 reipublicae.⁸

275 3156 410 3215 Attamen
423 3159 553 3230 quamvis
567 3177 620 3216 sue
637 3159 762 3235 periculo
782 3169 873 3236 agant,
893 3167 921 3216 et
940 3161 1052 3236 possint
1071 3180 1088 3218 a
1105 3161 1252 3238 republica
1265 3159 1364 3236 puniri,

309 3397 351 3464 (Ι)
374 3395 436 3446 Vide
449 3395 566 3458 Certiora,
577 3399 625 3448 vel.
637 3400 652 3449 i.
664 3413 690 3448 n.
701 3399 759 3446 364.
895 3399 938 3463 (2)
958 3397 1032 3458 Kent,
1043 3415 1068 3449 n.
1081 3399 1120 3448 93.

307 3484 347 3547 (3)
368 3481 397 3531 Ι..
409 3482 462 3533 xiii.
471 3483 497 3532 ff.
509 3485 588 3535 xlviii.
595 3484 647 3533 xiii.
659 3481 704 3534 Ad
714 3482 761 3551 leg·
772 3480 871 3534 Jetiom
881 3482 1018 3549 peculatus.

308 3567 351 3630 (4)
371 3565 450 3616 lustit.
459 3566 490 3614 ΙΙ.
503 3566 520 3616 i.
533 3571 547 3627 ς
562 3571 601 3616 17.

309 3649 351 3712 (b)
371 3648 435 3698 Vide
447 3649 512 3712 opud
523 3649 651 3709 Kentium,
662 3650 759 3702 Comm.
770 3652 842 3702 veli.
854 3659 908 3717 part
918 3652 936 3702 i.
947 3653 1002 3702 leet.
1012 3669 1036 3703 v.

306 3732 348 3798 (6)
362 3734 386 3780 2.
397 3731 441 3782 ee.
453 3739 536 3794 quest.
548 3732 607 3782 lxvi.
618 3741 662 3785 art.
679 3733 730 3784 viii.
748 3735 784 3784 ed.
794 3737 811 3785 i.

308 3817 348 3880 (7)
366 3822 381 3846 ‘·
392 3813 448 3866 The
466 3815 564 3876 general
582 3815 687 3880 practice
699 3817 776 3868 under
788 3818 829 3867 the
841 3820 900 3870 lawe
913 3821 961 3872 and
979 3821 1123 3872 ordinsnces
1135 3821 1163 3870 es
1177 3821 1218 3872 the
1229 3823 1366 3884 belligerent

272 3909 445 3964 geremments
465 3901 494 3959 is,
512 3908 538 3951 to
558 3900 684 3954 distribute
703 3901 745 3953 the
766 3905 882 3968 proceeds
905 3908 934 3956 ei
945 3906 1059 3972 captured
1078 3915 1200 3971 property,
1219 3907 1294 3957 when
1309 3907 1364 3968 dely

273 3987 359 4049 passed
371 4003 447 4052 upon,
458 3986 507 4038 sud
527 3987 679 4039 condemned
699 4003 727 4038 as
744 3989 816 4053 prise,
830 3991 889 4050 (eud
901 3991 1010 4042 whether
1021 3992 1137 4056 csptured
1149 3993 1181 4056 by
1192 3993 1276 4056 public
1288 4009 1314 4041 or
1324 3991 1366 4055 pri·

272 4076 328 4120 vste
340 4072 527 4140 commissioned
539 4073 647 4134 vessels.)
659 4089 751 4136 among
761 4073 803 4124 the
814 4083 910 4140 espiers
928 4093 956 4126 es
971 4093 987 4125 s
997 4077 1089 4127 reward
1108 4077 1146 4126 ser
1164 4078 1273 4142 brarery,
1290 4075 1336 4126 end
1351 4089 1363 4122 s

270 4153 387 4204 stimulus
397 4157 433 4206 sor
443 4158 577 4208 asertion.”
612 4159 688 4212 Kent.
700 4161 798 4212 Gemm-
809 4162 857 4212 vel.
869 4162 885 4212 i.
897 4170 951 4226 pert
961 4162 977 4211 i.
986 4164 1043 4213 leet
1054 4179 1078 4210 v.
1090 4177 1116 4212 u.
1129 4163 1185 4212 1⁰1.

308 4239 349 4302 (ti)
369 4246 384 4270 ‘⁴
393 4239 414 4289 lt
425 4241 446 4290 is
458 4241 499 4290 the
511 4243 596 4292 settled
609 4245 655 4292 lsw
669 4247 697 4296 ef
705 4246 747 4296 the
758 4245 850 4296 United
861 4247 949 4306 Stetes,
961 4247 1015 4298 thet
1025 4249 1058 4298 all
1067 4255 1179 4311 capturos
1187 4246 1257 4297 mede
1268 4247 1299 4309 by
1307 4259 1361 4292 nen·

272 4321 458 4373 commissieued
469 4331 566 4388 captore
577 4341 618 4376 are
631 4328 701 4378 mede
713 4329 749 4378 ier
758 4330 799 4380 the
811 4329 993 4392 gererement.’'
1028 4331 1129 4392 Ibidem,
1140 4346 1165 4380 n.
1178 4332 1219 4380 96.
