3068 5256
268 501 324 560 112
550 505 608 566 DE
629 497 794 567 QUINTO
815 497 1067 560 PRAEOEPTO.

264 677 383 730 matrem
396 667 607 737 sublevandam,
621 668 751 742 quamvis
765 669 879 741 aliquod
892 665 1050 745 periculum
1063 662 1149 722 sitne
1163 662 1248 722 foetus
1263 667 1358 742 ejicia·

265 777 327 830 tur:
348 769 404 826 hoc
430 767 538 826 scilicet
559 778 660 845 praeter
684 767 835 826 consilium
862 778 890 826 et
914 768 1089 826 voluntatem
1115 763 1262 841 contingit,
1290 766 1358 828 dum

265 879 355 925 mater
362 867 427 942 jure
440 868 527 925 utitur
539 886 591 926 suo
605 866 641 924 ad
653 867 872 942 recuperandam
894 863 1093 924 valetudinem.
1135 863 1185 919 Sic
1203 865 1356 941 benignam

265 966 473 1044 purgationem,
487 967 534 1024 vel
546 966 687 1024 modicam
700 983 779 1024 veuae
793 967 948 1024 sectionem
957 963 1124 1022 balneumve
1135 961 1266 1020 adhibere
1279 964 1357 1022 licet.

267 1065 300 1124 Si
312 1066 396 1124 soetus
410 1066 448 1122 sit
460 1066 609 1132 animatus,
623 1064 731 1121 cautius
752 1064 962 1139 procedendum
982 1070 1036 1128 est,
1051 1078 1087 1118 ne
1108 1061 1203 1118 anima
1222 1062 1356 1120 intereat:

266 1174 398 1222 oaeterum
411 1164 579 1241 periclitanti
591 1163 674 1220 matri
686 1162 753 1220 licet
765 1162 890 1220 remedia
899 1163 1023 1238 prebere
1035 1177 1098 1230 quae
1109 1158 1144 1216 ad
1153 1160 1216 1235 ejus
1224 1161 1357 1222 levamen

267 1263 394 1330 tendunt,
410 1272 429 1298 “
440 1262 554 1334 quando
568 1263 649 1318 aliter
662 1260 737 1318 ccrtd
751 1261 893 1319 moraliter
909 1260 1053 1337 judicatur
1075 1267 1165 1316 mater
1186 1276 1252 1316 eum
1275 1261 1355 1335 prole

266 1353 448 1423 morituram
489 1361 591 1420 Utrum
605 1359 634 1417 id
646 1360 740 1428 liceat,
754 1377 805 1436 spe
819 1359 973 1434 affulgente
986 1357 1096 1434 prolem
1108 1357 1245 1432 baptizari
1258 1376 1357 1434 posse,

266 1468 355 1516 matre
365 1460 533 1527 intereunte,
547 1468 677 1531 quaerunt
689 1459 823 1534 theologi,
838 1476 959 1530 quorum
971 1456 1100 1532 plerique
1120 1463 1233 1530 negant,
1249 1463 1269 1492 ‘⁶
1281 1456 1358 1514 salus

267 1557 343 1614 enim
357 1557 546 1616 aetemaillius
559 1556 703 1614 evidenter
722 1556 931 1632 praevaletvitae
952 1546 1259 1629 11111111111111111.”2
1300 1553 1358 1612 Sed

267 1671 363 1710 revera
381 1655 430 1711 vix
444 1674 569 1727 unquam
583 1673 650 1729 spes
664 1654 712 1712 illa
728 1654 881 1729 probabilis
902 1653 992 1721 adest,
1014 1653 1074 1710 lere
1086 1660 1195 1710 eertum
1207 1651 1286 1708 enim
1300 1653 1357 1728 ple·

267 1770 387 1824 rumque
407 1762 450 1810 est
470 1752 579 1822 soetum,
600 1752 739 1810 moriente
753 1742 1108 1819 111111,11111111111111.3
1148 1749 1183 1806 ld
1196 1758 1292 1808 tamen
1305 1770 1356 1826 pro

267 1868 298 1908 re
311 1852 458 1927 explorata
469 1850 671 1918 haberi-debet,
681 1869 837 1923 numquam
850 1850 935 1910 licere
943 1850 1130 1926 pharmacum
1143 1847 1218 1914 dare,
1234 1848 1312 1920 quod
1324 1849 1357 1906 ad

267 1949 394 2008 abortum
408 1949 553 2026 dirigatur,
566 1969 603 2008 v:
625 1969 660 2026 g:
681 1958 713 2006 ut
734 1950 936 2025 comprimatur
954 1957 1040 2023 caput
1060 1948 1090 2006 iu
1102 1955 1193 2014 utero,
1214 1946 1250 2004 ad
1262 1965 1356 2023 egres·

267 2064 332 2104 sum
344 2049 518 2106 faciliorem:
540 2066 593 2104 nec
606 2048 692 2106 licere
706 2047 899 2104 instrumentis
913 2047 1012 2104 1111111
1025 2047 1124 2104 vivum
1137 2046 1317 2114 exscindere,
1328 2056 1359 2104 ut

267 2161 319 2220 per
331 2154 426 2220 partes
440 2143 615 2202 extrahatur:
636 2145 698 2200 haec
720 2146 797 2202 enim
819 2155 864 2202 est
884 2145 1010 2202 hominis
1031 2144 1147 2211 occisio,
1171 2163 1234 2215 quae
1256 2163 1308 2219 per
1327 2163 1358 2201 se

267 2241 342 2300 maia
354 2252 407 2310 est,
418 2242 538 2316 ideoque
549 2261 585 2300 ne
599 2242 715 2316 quidem
729 2243 764 2302 ad
777 2245 864 2301 vitam
874 2245 970 2300 matris
980 2242 1149 2300 servandam
1159 2251 1253 2316 potest
1262 2243 1357 2300 licere.

268 2339 354 2406 Quod
367 2351 462 2398 autem
481 2349 598 2414 uterque
612 2344 729 2399 intereat
748 2343 805 2398 nisi
824 2343 907 2400 matri
927 2341 1117 2409 subveniatur,
1132 2359 1169 2396 ex
1190 2341 1359 2398 naturalibus

268 2438 361 2494 causis
374 2439 521 2514 contingit,
535 2441 612 2498 nulla
632 2440 752 2515 alicujus
775 2441 875 2516 culpa:
898 2457 987 2511 quum
1009 2447 1139 2515 peccaret
1162 2457 1177 2495 e
1201 2448 1299 2496 ronna
1312 2439 1360 2510 qui

268 2535 347 2592 alteri
376 2555 441 2594 curn
467 2537 581 2595 alterius
600 2539 770 2614 gravamine
796 2546 980 2596 succurreret.
1029 2538 1140 2596 Locum
1166 2538 1251 2612 igitur
1276 2537 1360 2596 habet

269 2634 414 2694 Ambrosii
433 2637 592 2694 monitum:
615 2636 680 2692 “Si
703 2637 782 2694 aliter
801 2636 945 2694 subveniri
964 2654 1022 2694 uon
1041 2637 1142 2711 possit,
1156 2635 1213 2692 nisi
1233 2635 1360 2694 1111111-

268 2731 358 2802 datur,
385 2735 562 2794 commodius
588 2744 632 2792 est
657 2743 787 2792 neutrum
809 2735 919 2812 juvare,
940 2730 1033 2806 'quam
1059 2734 1176 2792 alterum
1201 2727 1359 2809 gravari.”‘¹

267 2831 358 2889 Aliter
371 2832 487 2904 quidem
506 2853 537 2890 11
550 2835 634 2891 habet
652 2834 853 2909 plerorumque
873 2832 1048 2891 medicorum
1068 2850 1170 2890 sensus
1191 2841 1219 2888 et
1239 2849 1358 2890 consue-

267 2928 346 2995 tudo,
361 2931 410 2999 qui
423 2939 522 3004 putant
543 2932 624 2987 matri
638 2933 755 2987 omnino
775 2929 1010 2997 subveniendum,
1025 2929 1214 2997 Tertulliano,
1227 2929 1270 2988 uti
1283 2928 1357 2988 vide-

240 3033 321 3091 stur,
335 3024 391 3081 illis
405 3025 594 3101 suffragante:
617 3035 636 3062 “
648 3027 682 3084 In
695 3028 760 3104 ipso
773 3027 865 3086 adhuc
884 3037 964 3086 utero
978 3028 1070 3086 infans
1084 3029 1245 3095 trucidatur,
1262 3045 1358 3086 neces·

267 3123 341 3180 saria
353 3123 526 3191 crudelitate,
541 3143 629 3196 quum
637 3126 667 3182 in
677 3127 756 3184 exitu
765 3126 927 3199 obliquatus
938 3126 1058 3202 denegat
1067 3136 1188 3202 partum,
1199 3125 1356 3192 matricida,

231 3261 251 3274 .
266 3220 297 3278 ni
310 3215 511 3280 moriturus.”⁵
550 3223 584 3279 Si
596 3233 705 3282 constet
717 3224 816 3282 foetum
830 3227 903 3284 intra
914 3235 1027 3282 uterum
1035 3227 1097 3302 jam
1110 3226 1265 3284 extinctum
1280 3243 1358 3291 esse,

267 3319 364 3391 utiquc
377 3319 443 3379 licet
455 3322 650 3380 instrumentis
665 3343 731 3381 eum
744 3343 795 3399 per
808 3333 901 3400 partes
915 3323 1061 3382 educere'

310 3422 376 3477 120.
393 3420 495 3478 Utrum
504 3430 724 3480 teneaturmater
732 3423 900 3482 incisionem
910 3425 968 3498 pati
977 3440 1063 3493 quam
1073 3421 1170 3480 dicunt
1180 3419 1358 3487 0111111111,

266 3518 380 3589 quando
393 3519 470 3577 nulla
482 3529 527 3577 111
539 3539 605 3596 spes
620 3521 718 3580 foetum
731 3522 829 3580 vivum
842 3523 887 3579 via
900 3528 1034 3578 consueta
1046 3519 1196 3586 educendi,
1212 3520 1357 3591 quaeritur.

266 3615 306 3673 lis
320 3619 490 3675 assentimur
503 3617 552 3691 qui
565 3623 671 3693 negant
687 3639 751 3678 eam
770 3612 886 3687 111111,θ
899 3639 988 3692 quum
1008 3616 1160 3675 durissima
1173 3618 1210 3675 111
1231 3627 1261 3674 11
1282 3618 1361 3692 peri·

266 3711 322 3768 culi
336 3713 438 3787 plena3
459 3716 588 3785 quamvis
601 3717 699 3787 utique
712 3736 879 3774 censeamus
899 3719 926 3775 ei
945 3718 1030 3774 licere
1051 3735 1103 3774 suo
1123 3717 1250 3792 periculo
1270 3716 1360 3773 scetus

265 3808 349 3894 saluti
361 3811 520 3878 consulere,
540 3815 697 3887 praesertim
717 3832 806 3885 quum
824 3814 948 3892 chirurgi
968 3815 1052 3891 periti
1071 3833 1222 3892 operares
1244 3814 1356 3872 felicem

300 3996 344 4060 (l)
363 3997 400 4046 111
412 3998 438 4047 S.
450 3997 594 4063 Alphonsus
605 4005 659 4064 post
671 3999 771 4059 Hubert,
780 3999 796 4048 1.
808 3999 878 4050 1111.
892 4000 949 4051 394.

299 4083 339 4145 (2)
358 4081 419 4132 Not.
430 4083 496 4132 Edit.
505 4085 535 4134 ad
553 4085 645 4150 Mayol.
658 4083 750 4151 Expos.
762 4099 784 4134 v.
792 4100 862 4151 pree.
874 4091 917 4135 ert.
929 4101 952 4137 v.
960 4088 1006 4136 col.
1016 4083 1073 4148 612,
1090 4083 1117 4134 in
1130 4080 1216 4134 Cursu
1226 4081 1351 4146 Completo

213 4169 218 4177 '
263 4163 412 4228 Theologie,
423 4167 478 4219 Vol.
490 4170 540 4220 xiv.

299 4248 342 4311 (3)
362 4246 388 4293 S.
399 4249 549 4310 Alphousus,
561 4253 577 4300 1.
588 4252 656 4302 11111.
666 4256 724 4304 ³94.
861 4253 899 4319 (4)
918 4254 948 4304 L.
957 4255 991 4305 iii.
1003 4256 1033 4305 de
1045 4255 1138 4314 officiis,
1150 4272 1171 4305 c.
1184 4258 1208 4304 9.

299 4333 337 4399 (5)
356 4331 386 4380 L·
397 4332 428 4382 de
437 4333 525 4390 anima,
537 4351 558 4384 1.
569 4351 627 4383 xxv.
862 4341 903 4406 (6)
923 4339 1008 4405 Meyol
1017 4340 1111 4406 Expos.
1123 4357 1146 4389 r.
1157 4355 1228 4405 prmo.
1240 4339 1285 4389 col.
1297 4333 1353 4385 613·
