3078 5258
269 441 329 498 24⁰
565 431 621 490 DE
644 429 847 492 ouNTIUM
867 429 1053 488 JURIBUS.

273 617 428 679 paucorum
442 595 630 673 perduellium
645 595 742 653 lovere
766 595 871 661 turbas,
884 601 914 650 et
930 593 1058 669 legitimo
1077 593 1199 668 imperio
1220 590 1359 649 molestias

273 693 393 758 creare.l
413 697 446 754 Si
459 715 497 754 ex
510 697 599 753 turbis
612 696 794 766 motibusque
808 693 900 769 gentis
914 692 1034 768 alicujus
1048 691 1205 768 periculum
1219 691 1362 749 immineat

273 797 353 856 atteri
372 795 449 872 genti
468 795 647 871 propinquae,
667 793 734 851 huic
755 801 832 850 certe
853 773 949 848 licebit
966 792 1022 848 sibi
1042 790 1199 865 consulere,
1213 798 1361 860 motusque

275 885 492 971 comprimere.²
534 893 711 951 Guberuium
723 891 897 967 supremum
911 889 1042 947 Sutuum
1064 887 1278 946 Foederatornm
1291 898 1363 944 tenc-

274 1005 319 1054 tur
344 1009 509 1050 succurrere
536 992 629 1050 Statui
655 991 772 1048 cuilibet
801 998 900 1048 contra
925 988 1088 1046 violentiam
1118 986 1315 1054 domesticam,
1340 987 1362 1042 si

274 1093 492 1172 legumlatorum
519 1099 609 1148 coetus
632 1088 827 1166 postulaverit,
853 1088 900 1146 vel
927 1087 1117 1153 Gubernator,
1144 1085 1259 1159 quando
1279 1094 1362 1142 coetus

273 1192 372 1250 haberi
384 1183 508 1262 nequit.³

314 1294 343 1348 9.
365 1289 486 1355 Quoties
505 1289 656 1346 hominum
671 1284 823 1345 multitudo
844 1286 878 1342 ab
903 1286 1025 1360 irnperio
1047 1280 1145 1341 secc'rit
1164 1283 1363 1348 divortium,ct

275 1391 407 1466 regimen
420 1387 544 1464 speciale
559 1386 613 1444 sibi
626 1386 752 1464 elegerit,
766 1403 841 1442 nova
850 1383 898 1442 illa
911 1402 1005 1441 rerum
1018 1381 1143 1441 conditio
1157 1382 1230 1440 solet
1241 1381 1362 1458 legitima

276 1489 385 1555 haberi,
399 1505 489 1558 quum
504 1487 587 1544 firma
600 1493 628 1542 et
646 1486 701 1544 sibi
720 1483 866 1542 sufficiens
886 1483 1022 1550 videatur,
1040 1481 1110 1540 adeo
1130 1491 1162 1538 ut
1175 1481 1246 1538 tueri
1260 1480 1365 1537 valeant

277 1606 358 1644 suam
368 1586 535 1643 libertatem.
558 1584 644 1650 Quod
652 1586 677 1642 si
685 1582 808 1660 populus
817 1581 1109 1640 amiseritlibcrtatcm
1119 1580 1271 1657 potentiori
1279 1580 1363 1656 irnpe-

276 1685 320 1743 rio
340 1683 479 1750 devictus,
493 1692 522 1740 et
542 1683 572 1740 in
585 1683 705 1741 alienam
720 1681 861 1740 transierit
873 1681 1022 1748 ditionem,
1032 1681 1098 1756 jura
1110 1681 1173 1757 ejus
1187 1679 1292 1737 amissa
1310 1697 1363 1736 non

277 1792 430 1842 censentur
446 1783 503 1840 nisi
512 1791 579 1859 post
589 1782 789 1860 longissimum
803 1781 940 1856 temporis
955 1769 1079 1856 lapsum,
1093 1798 1182 1852 quum
1196 1778 1288 1836 omnis
1301 1795 1364 1854 spes

279 1882 415 1942 libertatis
428 1882 628 1958 recuperandae
652 1881 806 1948 evanuerit,
821 1889 849 1937 et
861 1880 984 1956 populus
998 1880 1028 1936 in
1048 1897 1151 1936 novam
1165 1897 1260 1936 rerum
1274 1875 1366 1934 condi-

230 2009 233 2014 ·
279 1983 385 2041 tionem
399 1983 585 2039 consensisse
599 1979 734 2038 videatur.
776 1979 882 2037 Peccat
894 1989 986 2036 autem
1001 1988 1097 2036 contra
1103 1979 1152 2054 jus
1161 1978 1286 2054 gentium
1300 1994 1366 2052 gens

279 2079 410 2152 qualibet
430 2079 593 2137 inferiorem
617 2079 722 2136 viribus
743 2079 867 2156 potentia
886 2097 1030 2155 premens,
1052 2086 1079 2134 et
1098 2078 1213 2154 privans
1232 2076 1364 2140 libertate,

277 2177 334 2238 nisi
348 2177 482 2254 injuriam
495 2179 644 2236 ulciscattn
656 2178 731 2235 bello
744 2178 881 2255 legitimo.

321 2282 367 2334 10.
390 2275 472 2334 Gens
493 2276 623 2348 qualibet
638 2277 687 2352 jus
701 2277 784 2334 habet
796 2275 832 2334 ad
845 2296 879 2334 ea
891 2277 987 2334 omnia
1000 2294 1063 2348 quae
1078 2273 1112 2332 ad
1130 2275 1175 2332 sui
1189 2283 1289 2331 statum
1302 2283 1368 2329 sunt

277 2376 445 2432 neccssaria.
489 2373 567 2432 Hinc
582 2375 611 2431 in
625 2393 722 2432 rerum
737 2376 874 2452 angustiis
894 2394 928 2432 ea
951 2376 1088 2451 arripiunt
1110 2374 1213 2446 quibus
1231 2371 1367 2448 indigent,

279 2491 359 2545 aequa
370 2485 463 2530 tamen
476 2472 541 2530 data
550 2475 797 2548 compensatione:
813 2483 841 2530 et
853 2475 950 2531 omnia
959 2493 1021 2547 quae
1035 2493 1088 2532 usu
1096 2492 1155 2531 non
1167 2473 1369 2530 exhauriuntur

278 2581 423 2650 usurpant,
438 2571 593 2631 dummodo
607 2572 645 2629 sit
657 2573 763 2646 absque
779 2574 892 2631 alterius
906 2573 1018 2650 injuria.
1059 2573 1139 2630 Usus
1159 2571 1304 2631 innosius
1322 2570 1368 2627 hic

279 2666 421 2731 vocatur.²
462 2671 511 2730 Sic
526 2673 607 2730 navis
621 2691 672 2748 per
685 2672 800 2742 fretum,
815 2671 891 2747 quod
906 2673 1082 2730 subalterius
1096 2673 1188 2748 gentis
1202 2671 1305 2730 ditione
1316 2679 1367 2735 est,

279 2771 422 2839 sentunv:
445 2792 480 2848 g:
502 2791 555 2848 per
575 2772 678 2830 fretum
703 2772 820 2851 Calpes,
835 2771 911 2845 quod
930 2771 1016 2828 hodie
1036 2771 1137 2829 dicitur
1151 2771 1329 2836 Gibaltraria,
1344 2778 1370 2825 et

213 2867 217 2874 ’
279 2869 380 2944 Anglis
394 2871 530 2944 subjacet.
560 2871 712 2928 Transitus
727 2871 774 2928 ille
788 2871 921 2948 denegari
934 2890 991 2929 non
1005 2879 1099 2948 potest
1111 2872 1188 2946 genti
1201 2871 1369 2940 cuicumque

278 2965 347 3037 quin
364 2967 413 3041 jus
432 2967 559 3040 gentium
581 2967 709 3025 violetur.
751 2971 901 3046 Flagrante
924 2979 1017 3028 autem
1036 2969 1109 3027 bello
1131 2969 1257 3027 hostium
1271 2986 1368 3034 naves,

276 3061 322 3120 vel
339 3061 400 3120 alie
420 3082 483 3134 quae
507 3065 549 3121 eis
569 3066 675 3124 auxilio
695 3069 832 3136 sunt,ch
852 3087 914 3140 quae
935 3069 1092 3146 suspicioni
1106 3088 1220 3126 causam
1234 3067 1369 3145 praebent,

275 3171 396 3238 possunt
408 3161 548 3238 impediri.

320 3265 366 3318 11.
382 3261 483 3339 Legati
492 3263 557 3339 jure
571 3265 701 3341 gentium
715 3267 895 3342 excipiuntur
904 3285 920 3323 a
929 3267 1060 3343 gentibus
1068 3267 1201 3326 omnibus
1211 3265 1285 3325 bello
1295 3263 1372 3322 haud

305 3435 348 3500 (t)
363 3433 469 3484 Kantius
481 3435 574 3486 videtur
587 3453 686 3486 censere
693 3438 826 3502 aliquando
837 3440 908 3489 licere
920 3441 1011 3505 populo
1021 3437 1169 3501 succurrere,
1176 3455 1227 3490 uon
1239 3440 1296 3490 item
1305 3441 1373 3504 prin·

275 3520 332 3584 cipi,
343 3521 392 3570 uisi
414 3537 445 3572 ex
466 3522 544 3572 turbis
565 3524 706 3586 periculum
726 3525 773 3574 sibi
793 3525 985 3582 immineatvol.
997 3525 1069 3576 ilco.
1080 3526 1105 3575 ii.
1123 3526 1166 3575 sed
1186 3527 1276 3576 rectius
1289 3525 1374 3574 Vatta-

272 3605 321 3654 lina
331 3604 391 3654 dicit
402 3621 472 3668 posse
487 3613 586 3668 genum
604 3607 678 3658 aliam
697 3624 742 3672 pro
759 3625 839 3660 muse
856 3610 952 3675 justitia
963 3611 1088 3675 suppetias
1105 3610 1184 3660 ferre:
1204 3609 1300 3674 “They
1312 3610 1371 3659 who

276 3703 317 3738 are
328 3697 372 3738 uot
382 3688 430 3738 ticd
442 3690 474 3752 by
488 3705 538 3752 ιη]
550 3698 626 3754 treaty
639 3708 705 3756 may,
724 3694 761 3742 lor
781 3693 843 3744 their
861 3711 918 3744 own
934 3696 1049 3755 conduct,
1065 3696 1121 3746 take
1140 3695 1183 3745 the
1201 3695 1271 3746 merit
1288 3696 1318 3743 of
1331 3695 1374 3744 the

273 3788 346 3824 caum
357 3771 409 3822 into
420 3772 605 3832 consideration,
617 3775 666 3824 and
679 3777 750 3826 assist
770 3778 812 3826 the
831 3787 901 3844 party
914 3779 996 3829 which
1016 3779 1075 3844 they
1088 3779 1151 3830 shall
1168 3781 1245 3846 judge
1265 3789 1290 3829 to
1307 3779 1373 3828 have

274 3860 339 3922 right
351 3875 384 3911 on
395 3859 427 3910 its
438 3858 497 3919 side,
509 3859 535 3909 in
547 3876 603 3910 case
620 3860 671 3911 this
689 3871 760 3927 party
772 3864 833 3915 shall
851 3874 949 3930 nequest
960 3866 1022 3916 their
1042 3867 1175 3917 assistance
1193 3883 1220 3916 or
1230 3876 1312 3930 accept
1331 3867 1374 3915 the

274 3943 333 3993 offer
344 3945 373 3993 ol
384 3943 427 3994 it.”
463 3941 694 4013 LoroofNott'ona,
705 3947 721 3997 l.
733 3949 768 3998 iii.
779 3965 800 3998 c.
812 3949 879 4000 xviii.
893 3955 907 4011 ς
920 3953 979 4000 296.

309 4029 352 4092 (t)
372 4027 477 4080 Unica·
489 4031 554 4084 banc
565 4047 665 4084 musam
677 4049 731 4084 sees
750 4035 823 4085 mbas
842 4036 931 4086 alienis
948 4037 1089 4088 domesbcis
1107 4037 1261 4088 immiscendi
1272 4039 1377 4098 agnovit

273 4099 431 4244 J(iuberuiulig
453 4115 600 4248 lhrgztictrn,
623 4135 690 4171 euno
711 4119 783 4170 roal.
809 4119 876 4171 Lord
892 4119 1074 4184 Gestlereagh's
1091 4122 1194 4173 circular
1212 4120 1330 4187 despsteh
1349 4123 1379 4172 ol

290 4208 383 4257 cauny
431 4233 438 4255 ,
467 4203 482 4248 8
516 4233 523 4247 .

308 4277 350 4341 (tt)
371 4275 457 4335 Ocno
468 4281 561 4332 Untrad
573 4284 662 4344 suns,
674 4297 716 4338 art
729 4289 760 4339 iv.
774 4294 788 4350 ς
802 4291 833 4341 iv.

309 4364 338 4428 (4
340 4377 351 4430 r
372 4361 436 4413 Vide
447 4364 486 4415 Da
498 4366 588 4429 Vattel
600 4368 660 4418 han
673 4374 701 4421 ol
714 4373 855 4435 National.
866 4377 893 4427 ii.
904 4395 926 4428 c
937 4379 970 4429 iv.
