3046 5262
291 489 350 548 274
450 479 506 540 DE
527 480 678 542 LEGUM
701 477 896 539 CIVILIUM
917 477 1221 538 OBLIGATIONE.

291 663 411 719 rumque
424 645 675 706 susnnetonam:
690 642 766 716 quod
776 643 913 718 contingit
920 643 1005 701 etiam
1013 660 1050 699 ex
1058 643 1239 718 vectigalium
1250 659 1378 700 excessu.

293 747 350 807 Ubi
373 754 467 802 autern
489 762 535 802 res
555 745 585 801 in
605 741 842 801 consuetudinem
864 739 985 799 deducta
1003 750 1056 807 est,
1076 741 1125 798 vix
1145 742 1269 816 principi
1289 743 1380 817 ignota

290 852 431 910 censetur,
452 844 503 916 qui
527 841 733 900 dissimulando
758 839 870 898 videtur
888 859 940 899 sua
964 840 1106 898 remittere
1122 839 1196 915 jura.
1238 838 1381 898 Caeterum

291 951 411 1022 peccant
423 941 590 1018 gravimime
603 940 741 999 officiales
755 940 805 1013 qni
818 951 914 998 contra
923 939 1117 1015 juramentum
1131 956 1189 1010 qno
1201 957 1232 996 se
1243 938 1380 998 adstrinx-

290 1051 383 1109 erunt,
397 1059 516 1099 munera
529 1041 673 1117 accipiunt
684 1047 715 1097 ut
727 1057 836 1096 meroes
850 1039 993 1096 immunes
1010 1038 1108 1095 invehi
1130 1038 1240 1096 sinant:
1261 1049 1289 1094 et
1307 1055 1380 1096 mer·

290 1151 399 1200 catores
413 1140 464 1212 qui
472 1138 559 1216 jurati
571 1137 643 1197 falsd
657 1138 780 1196 refemnt
798 1156 845 1194 res
865 1157 882 1196 a
901 1155 933 1193 se
956 1137 1021 1195 navi
1042 1137 1202 1213 impositas.
1245 1137 1319 1194 Sunt
1334 1137 1380 1209 qui

291 1257 358 1298 vera
370 1237 504 1305 referunt,
518 1236 569 1296 sed
582 1237 705 1314 plurima
717 1236 810 1294 verbis
832 1235 1010 1312 generalibus
1031 1234 1188 1303 includunt,
1213 1253 1288 1310 quos
1307 1235 1380 1293 dam·

291 1357 357 1396 nare
371 1355 429 1394 non
443 1336 543 1396 audeo.

331 1441 382 1495 al.
403 1436 498 1512 Leges
510 1453 572 1508 quae
586 1454 672 1496 onera
682 1433 966 1510 imponuntgraviora
975 1435 1025 1491 vix
1034 1434 1159 1510 obligant
1168 1434 1378 1498 conscientiam

293 1553 347 1596 uec
360 1536 437 1592 enim
457 1536 521 1606 quis
542 1553 576 1590 ea
594 1544 695 1611 sponte
716 1535 860 1608 suscipere
880 1527 1040 1591 censendus
1061 1543 1114 1600 est,
1135 1533 1187 1591 sed
1206 1533 1321 1608 publica
1339 1549 1380 1588 co·

293 1643 375 1710 gente
389 1640 536 1708 potestate.
579 1631 628 1690 Sic
643 1651 705 1705 quae
726 1632 857 1689 militiam
877 1631 979 1689 alicubi
994 1633 1148 1709 juvenibus
1169 1633 1325 1708 injungunt
1335 1645 1381 1706 per

292 1731 399 1803 aliquot
411 1748 511 1799 annos,
525 1748 563 1788 ex
577 1751 635 1804 qua
654 1749 788 1807 magnum
807 1729 934 1788 moribus
947 1732 1079 1789 imminet
1092 1730 1262 1806 periculum,
1277 1748 1337 1788 non
1347 1728 1383 1784 ri·

294 1829 396 1888 dentur
409 1847 581 1902 quemquam
600 1831 698 1907 ligare,
712 1829 783 1887 adeo
795 1839 827 1886 nt
839 1847 901 1886 eam
916 1831 1024 1888 evitans
1038 1839 1146 1907 peccet.

333 1933 383 1988 22.
405 1927 499 2005 Leges
510 1947 571 2001 quoe
581 1929 753 2006 judiciorum
765 1928 894 1986 ordinem
907 1937 1040 1996 statuunt,
1051 1939 1081 1986 et
1092 1947 1186 1986 rerum
1197 1926 1381 2003 gerendarum

294 2028 443 2094 rationem,
458 2036 486 2084 et
499 2035 585 2085 totam
598 2028 724 2104 politiam
742 2037 897 2095 externam,
918 2046 977 2085 non
990 2028 1119 2086 videntur
1136 2028 1226 2103 ligare
1239 2017 1381 2084 conscien-

294 2125 371 2191 tiam,
385 2125 441 2183 nisi
454 2133 591 2196 quatenns
605 2127 715 2184 intersit
722 2126 850 2203 justitie,
870 2135 898 2182 et
909 2127 1037 2185 utilitatis
1056 2126 1228 2192 communis,
1242 2134 1272 2182 et
1280 2124 1381 2201 Jurium

294 2223 401 2282 civium
414 2217 615 2300 singulorum.l
655 2224 744 2299 Igitur
756 2225 807 2298 qui
816 2242 866 2280 eas
876 2224 1004 2302 negligit,
1018 2225 1132 2284 nemine
1145 2224 1226 2291 laeso,
1240 2241 1299 2281 non
1312 2219 1382 2278 ride·

294 2329 339 2378 tur
351 2323 460 2396 peccati
474 2321 644 2397 arguendus,
659 2321 816 2381 dummodo
829 2341 946 2382 munere
960 2324 1077 2400 speciali
1090 2323 1135 2380 vel
1150 2323 1318 2399 juramento
1330 2337 1382 2377 non

295 2415 483 2492 adstringatur
502 2417 538 2474 ad
560 2436 608 2474 eas
622 2420 783 2477 servandas.
826 2419 860 2476 ld
873 2438 907 2477 eo
920 2423 1011 2496 magis
1025 2420 1175 2479 dicendum
1200 2438 1258 2492 quo
1281 2419 1383 2495 passim

294 2513 444 2586 aliquando
457 2515 647 2592 negliguntur,
662 2518 790 2576 omnium
809 2518 869 2576 lere
888 2536 1040 2577 consensu.
1082 2518 1132 2574 Sic
1145 2519 1309 2594 nuperrime
1322 2535 1383 2574 con·

294 2615 357 2692 tigit
369 2613 559 2692 chirographa
575 2617 661 2675 unius
674 2618 784 2674 nummi
797 2617 922 2675 valorem
942 2616 1102 2685 indicantia,
1121 2618 1232 2692 passim
1244 2615 1382 2692 usurpari,

295 2723 393 2774 contra
405 2712 477 2790 legis
491 2716 618 2784 vetitum,
630 2714 707 2788 qnod
721 2715 830 2774 nullum
843 2715 916 2774 intra
925 2714 1049 2773 valorem
1060 2716 1188 2787 quinque
1201 2731 1383 2773 nummorum

295 2813 364 2871 sinit
377 2813 408 2870 in
421 2811 477 2871 hoc
491 2813 571 2872 Statu
585 2813 721 2873 adhiberi.

333 2913 383 2965 23.
405 2909 576 2985 Leges'qnoe
590 2912 625 2969 ad
638 2911 836 2988 praecavendas
846 2913 958 2971 fraudes
969 2915 1064 2972 oneris
1074 2913 1143 2987 quid
1152 2914 1310 2990 injungunt
1322 2931 1384 2989 neg·

292 3004 446 3080 ligentibus
465 3007 607 3078 quandam
621 3009 769 3076 cantelam,
783 3029 842 3068 non
862 3012 987 3088 obligant
1005 3013 1062 3071 nisi
1075 3022 1140 3088 post
1154 3011 1262 3089 judicis
1277 3021 1384 3070 senteu-

294 3101 373 3168 tiam,
395 3103 421 3159 si
442 3103 519 3160 fraus
541 3123 640 3180 reapse
661 3106 799 3164 abluerit:
821 3127 888 3166 narn
910 3109 982 3167 falsa
1000 3095 1129 3168 'nituntur
1150 3112 1383 3188 presumptione.

286 3199 346 3259 ¹Sic
365 3200 467 3271 heres,
481 3202 528 3260 vel
549 3212 684 3263 executor
705 3207 863 3264 testamenti
884 3209 933 3279 qui
955 3208 1081 3285 neglexit
1099 3210 1240 3267 bonorum
1261 3207 1384 3266 defuncti

294 3300 436 3360 conficere
449 3301 647 3372 inventarium,
668 3303 732 3381 lege
753 3323 969 3378 nonnumquam
993 3315 1103 3366 tenetur
1123 3326 1162 3365 aes
1183 3305 1310 3364 alienum
1332 3321 1385 3378 qno

294 3407 425 3474 gravatus
442 3399 573 3458 discessit
590 3403 762 3478 persolvere,
783 3413 914 3461 censetur
931 3406 1008 3462 enim
1030 3406 1099 3463 satis
1121 3405 1277 3480 recepisse,
1291 3422 1348 3477 quo
1358 3401 1385 3460 id

295 3499 400 3556 valeat:
423 3517 486 3570 quta
498 3499 570 3576 legis
584 3502 768 3577 presumptio
780 3520 837 3560 non
858 3500 925 3559 lacit
936 3511 969 3559 nt
981 3503 1030 3574 qui
1043 3505 1139 3561 minus
1152 3503 1263 3579 recepit
1276 3501 1311 3560 ad
1325 3519 1384 3580 per·

295 3596 465 3656 solvendum
479 3605 614 3656 teneatur.

334 3697 383 3750 24.
404 3693 498 3768 Leges
512 3695 608 3751 civiles
622 3714 682 3754 non
701 3697 828 3772 obligant
839 3697 1007 3773 plerumque
1020 3719 1087 3758 cum
1100 3701 1179 3775 gravi
1191 3699 1384 3765 incommodo,

293 3810 360 3850 nam
369 3789 501 3850 humanae
511 3809 612 3850 omnes
622 3795 784 3852 sanctiones
797 3794 901 3854 debent
913 3799 1059 3856 communi
1068 3797 1218 3856 hominum
1229 3798 1386 3856 infirmitati

294 3890 480 3970 attemperari.
523 3887 667 3948 Caeterum
676 3893 753 3968 juste
773 3895 945 3969 precipiunt
962 3896 1041 3973 leges
1055 3904 1086 3954 ut
1097 3897 1199 3954 tributa
1212 3915 1316 3972 magna
1330 3897 1386 3954 sol·

293 3997 393 4046 vantur
405 4009 457 4067 pro
470 3989 675 4049 conferentium
696 3989 824 4048 facultate
837 4002 867 4050 et
884 3993 1047 4070 reipublice
1066 3995 1304 4054 necessitatibus:
1328 3997 1387 4053 imo

292 4083 341 4140 ubi
353 4086 389 4143 de
409 4088 498 4146 salute
518 4088 631 4165 publica
651 4092 751 4168 agitur,
775 4092 941 4168 gravissima
961 4111 1049 4152 onera
1068 4095 1223 4171 injungunt
1236 4113 1302 4152 oum
1323 4095 1387 4152 vite

328 4297 370 4360 (l)
390 4305 404 4329 “
415 4299 508 4350 Where
519 4303 687 4359 disobedienoe
700 4317 723 4358 to
737 4308 778 4358 the
790 4309 837 4358 law
849 4309 958 4360 involves
970 4311 997 4361 in
1009 4311 1028 4360 it
1039 4313 1091 4361 also
1105 4327 1154 4376 any
1165 4311 1253 4372 degree
1262 4311 1291 4360 ol
1302 4310 1391 4374 public

290 4379 409 4441 misohies,
420 4399 447 4432 or
457 4383 549 4448 private
557 4387 649 4452 injury,
658 4390 725 4444 there
736 4393 756 4444 it
767 4394 821 4444 falls
833 4394 920 4445 within
931 4410 976 4444 our
987 4395 1076 4450 former
1087 4395 1236 4455 distinction,
1244 4394 1325 4444 andis
1336 4395 1391 4445 also
1494 4391 1495 4410 ¹

292 4480 325 4517 an
336 4465 430 4518 offanae
442 4467 537 4530 against
548 4473 716 4523 conscience.'’
751 4475 906 4536 Blackstone,
919 4479 1015 4530 Comm.
1027 4480 1117 4532 Introd.
1129 4479 1197 4530 Lsot
1207 4483 1231 4538 2,
1243 4496 1269 4529 n.
1279 4477 1319 4527 58.
