3068 5256
267 502 322 556 152
550 494 607 554 DE
629 492 800 553 OCTAVO
822 491 1075 553 PRAEOEPTO.

262 660 375 734 quando
389 658 530 737 signifieat
542 657 619 732 quod
631 675 692 730 uon¹
709 667 762 726 est,
782 677 840 716 nou
860 666 954 716 autern
973 658 1087 730 quando
1108 666 1181 716 tacet
1200 659 1278 732 quod
1291 669 1351 727 eat;

262 760 338 832 quod
352 756 503 832 aliquando
515 757 599 815 licet:
621 759 660 815 ita
672 758 758 816 etiam
772 757 914 815 simulatio
928 765 980 824 est,
999 756 1111 830 quando
1124 756 1227 830 aliquis
1241 777 1293 834 per
1306 777 1353 816 ex·

261 860 362 918 teriora
375 860 457 935 signa
470 855 606 914 sactorum
617 855 663 913 vel
675 875 779 923 rerum,
791 855 931 932 significat
940 856 1048 928 aliquid
1062 854 1138 929 quod
1150 874 1209 914 non
1222 867 1281 914 est:
1297 877 1353 915 non

261 969 353 1017 autem
367 958 393 1014 si
406 956 508 1028 aliquis
519 955 712 1031 pretermittat
731 955 890 1030 significare
904 954 981 1025 quod
994 963 1046 1012 est.
1090 954 1175 1012 Unde
1189 955 1291 1028 aliquis
1304 976 1352 1032 pc-

260 1065 315 1114 test
327 1065 474 1132 peccatum
487 1072 570 1112 suum
584 1054 725 1113 occultare
738 1054 844 1125 absque
857 1053 1046 1111 simulatione.
1076 1052 1116 1111 Et
1128 1053 1286 1112 secundum
1298 1055 1352 1112 hoc

261 1153 473 1231 intelligendum
486 1163 529 1210 est
542 1152 620 1225 quod
634 1141 831 1228 Hieronymus
844 1151 921 1219 dicit,
937 1151 1014 1224 quod
1027 1151 1183 1210 secundum
1196 1153 1352 1211 remedium

261 1262 327 1330 post
345 1251 521 1328 naufragium
542 1261 586 1308 est
607 1261 755 1328 peceatum
775 1250 957 1320 abscondere,
978 1269 1015 1309 ne
1038 1251 1147 1310 scilicet
1159 1251 1264 1309 exinde
1287 1253 1348 1310 aliis

261 1351 425 1410 scandalum
439 1346 634 1428 generetur.”¹

300 1455 370 1508 200.
393 1449 566 1526 Hypocrisis
580 1467 615 1506 ea
627 1448 814 1507 simulationis
831 1449 941 1524 species
961 1448 1062 1507 dicitur
1082 1467 1138 1521 qua
1152 1449 1216 1521 quis
1233 1450 1350 1525 justum,

261 1551 341 1626 pium
355 1559 519 1608 sanctumve
533 1567 563 1605 se
583 1548 674 1624 fingit,
695 1549 798 1605 vitioso
818 1556 949 1605 manente
964 1549 1067 1606 animo.
1110 1547 1195 1613 Quod
1214 1549 1239 1604 si
1257 1548 1352 1605 fiatad

260 1646 473 1724 propagandam
486 1647 628 1713 heresim,
643 1647 689 1704 vel
702 1644 737 1702 ad
756 1645 980 1721 corrumpendos
999 1664 1105 1712 morea,
1120 1646 1165 1703 vel
1179 1647 1209 1704 in
1224 1647 1299 1705 aliud
1311 1665 1352 1710 re·

259 1748 374 1824 ligionis
387 1746 585 1822 reipublicaere
599 1745 744 1812 damnum,
763 1763 846 1820 grave
866 1753 910 1802 eat
928 1744 1084 1803 mentiendi
1104 1763 1210 1820 genus:
1233 1763 1315 1804 secus
1328 1747 1351 1801 ai

260 1847 321 1906 sola
333 1847 394 1905 laus
408 1839 572 1919 queratur?

298 1952 368 2005 201.
389 1945 523 2006 Adulatio
542 1945 626 2002 etiam
646 1941 805 2002 mentiendi
824 1951 866 1999 est
886 1961 986 2018 genus,
1007 1961 1041 2000 ea
1061 1943 1167 2019 quippe
1189 1944 1254 2015 quis
1274 1943 1350 2000 alteri

259 2045 409 2112 blanditur,
423 2045 544 2102 eximias
557 2045 584 2100 ei
597 2042 687 2107 dotes,
701 2042 872 2113 ultraquam
886 2042 988 2100 veritas
1006 2042 1083 2108 sinit,
1098 2041 1258 2100 tribuendo.
1280 2042 1349 2100 Pec-

260 2153 352 2200 catum
367 2152 410 2199 est
422 2159 516 2218 grave,
531 2139 645 2213 quando
658 2141 723 2211 quis
736 2139 832 2197 laudat
845 2140 931 2198 alium
949 2143 985 2199 ob
1005 2158 1153 2217 perperam
1167 2149 1237 2208 acta,
1259 2159 1293 2198 ea
1305 2158 1350 2198 ve-

259 2244 311 2300 luti
334 2241 467 2319 praeclare
490 2249 569 2316 gesta
591 2238 751 2297 efferendo:
775 2239 859 2296 “Vae
882 2241 931 2313 qui
954 2239 1046 2298 dicitis
1068 2241 1176 2298 malum
1197 2234 1351 2298 bouum.”³

260 2341 381 2407 Quando
403 2341 468 2412 quis
481 2338 652 2396 blandiendo
664 2339 788 2395 veritatis
807 2339 912 2396 limites
932 2339 1062 2406 transilit,
1078 2357 1114 2396 eo
1136 2339 1256 2396 consilio
1269 2349 1300 2398 ut
1314 2338 1350 2394 al·

259 2452 351 2498 terum
364 2439 399 2496 ad
419 2437 595 2514 peccandum
609 2435 731 2503 inducat,
752 2438 861 2511 peccati
881 2438 974 2513 gravis
994 2455 1058 2496 reus
1072 2438 1158 2495 etiam
1171 2446 1223 2494 est.
1266 2437 1351 2504 Quod

259 2541 285 2596 si
298 2539 362 2612 quis
375 2547 483 2595 tantum
497 2537 592 2613 cupiat
611 2536 689 2593 alteri
703 2535 825 2611 placere,
840 2536 924 2612 culpa
943 2537 1014 2594 levis
1028 2545 1149 2614 putatur,
1165 2538 1276 2608 quoties
1290 2537 1350 2594 nul·

258 2640 317 2698 lum
330 2639 424 2716 gravis
436 2638 544 2714 lapsus,
566 2654 616 2693 seu
636 2635 732 2693 damni
752 2635 921 2710 periculum,
943 2631 1098 2694 imminet⁴
1137 2635 1296 2694 Veritatem
1310 2635 1349 2693 di·

259 2739 349 2798 cendo
363 2737 556 2812 aliquandofit
570 2735 701 2802 adulatio,
716 2752 753 2791 ex
767 2735 853 2792 animi
866 2735 1032 2801 intentione,
1044 2734 1158 2807 quando
1171 2737 1237 2806 quis
1252 2736 1349 2793 alienae

259 2837 437 2898 delectationi
456 2837 542 2895 nimis
556 2836 667 2894 studet:
690 2832 741 2890 sed
761 2835 859 2892 avitio
879 2834 934 2892 hoc
957 2833 1092 2891 immunis
1112 2837 1224 2907 estqui
1245 2845 1350 2892 tantum

259 2937 347 2992 officii
360 2954 446 2993 causa
460 2935 579 2990 eximias
593 2933 706 2990 alterius
720 2931 800 2989 dotes
821 2942 978 3008 opportune
997 2931 1101 3000 laudet,
1117 2934 1170 2990 etsi
1191 2934 1350 3010 suspicetur

259 3033 337 3090 alteri
350 3031 416 3089 inde
430 3031 507 3089 nasci
527 3049 643 3089 sensum
663 3030 805 3102 quendam
826 3032 945 3089 nimium
966 3031 1072 3107 gloriar.
1115 3032 1165 3090 Sic
1179 3033 1213 3090 iis
1228 3033 1278 3105 qui
1291 3051 1349 3090 nru-

258 3149 325 3190 nere
336 3130 431 3203 aliquo
444 3128 608 3205 funguntur,
623 3129 669 3187 vel
689 3139 825 3206 potestate
846 3130 1012 3205 precellunt
1031 3131 1124 3189 solent
1144 3131 1244 3190 laudes
1256 3149 1350 3189 rerum

258 3230 390 3307 preclare
401 3237 544 3306 gestarum
558 3229 652 3297 tribui,
664 3249 727 3302 quae
736 3239 764 3288 et
773 3228 956 3306 amplioribus
967 3231 1149 3290 enuntiantur
1162 3231 1266 3298 verbis,
1280 3232 1348 3303 quin

260 3339 414 3388 assentator
427 3328 565 3386 dicendus
579 3330 616 3386 sit
628 3331 678 3402 qui
692 3349 743 3406 pro
756 3330 797 3386 rei
810 3331 926 3386 veritate
939 3329 1073 3403 loquitur.

294 3540 337 3603 (l)
351 3539 374 3588 2.
387 3541 410 3588 2.
422 3553 462 3602 qu.
474 3537 522 3588 cxi.
534 3545 577 3588 art
588 3538 605 3588 i.
616 3536 651 3588 ad
661 3541 791 3605 quartum.
861 3537 903 3602 (2)
917 3534 1018 3593 Ibidem,
1029 3543 1071 3584 art.
1084 3535 1116 3584 iv.

296 3623 338 3688 (³)
351 3623 419 3672 [παίω
432 3638 454 3671 v.
466 3625 505 3672 20.
858 3620 897 3686 (4)
911 3619 937 3670 S.
949 3619 1039 3670 Thom.
1052 3623 1076 3670 2.
1085 3623 1109 3671 2.
1121 3636 1161 3684 qu.
1174 3635 1227 3670 car.
1240 3628 1282 3670 art
1293 3620 1317 3669 ii.
