<?xml version="1.0" encoding="UTF-8"?>
<!DOCTYPE html PUBLIC "-//W3C//DTD XHTML 1.0 Transitional//EN"
    "http://www.w3.org/TR/xhtml1/DTD/xhtml1-transitional.dtd">
<html xmlns="http://www.w3.org/1999/xhtml" xml:lang="en" lang="en">
 <head>
  <title>
</title>
<meta http-equiv="Content-Type" content="text/html;charset=utf-8" />
  <meta name='ocr-system' content='tesseract 3.04.00' />
  <meta name='ocr-capabilities' content='ocr_page ocr_carea ocr_par ocr_line ocrx_word'/>
</head>
<body>
  <div class='ocr_page' id='page_1' title='image "./theologiaemoral03kenrgoog_0248.png"; bbox 0 0 3078 5258; ppageno 0'>
   <div class='ocr_carea' id='block_1_1' title="bbox 401 483 1274 552">
    <p class='ocr_par' dir='ltr' id='par_1_1' title="bbox 401 483 1274 552">
     <span class='ocr_line' id='line_1_1' title="bbox 401 483 1274 552; baseline 0.006 -5"><span class='ocrx_word' id='word_1_1' title='bbox 401 486 458 548; x_wconf 89' lang='lat' dir='ltr'>DE</span> <span class='ocrx_word' id='word_1_2' title='bbox 480 485 764 546; x_wconf 76' lang='lat' dir='ltr'><strong>REGULARIUM</strong></span> <span class='ocrx_word' id='word_1_3' title='bbox 785 483 1053 548; x_wconf 82' lang='lat' dir='ltr'>PRIVlLEGlIS.</span> <span class='ocrx_word' id='word_1_4' title='bbox 1213 495 1274 552; x_wconf 67' lang='lat'>229</span> 
     </span>
    </p>
   </div>
   <div class='ocr_carea' id='block_1_2' title="bbox 158 651 1285 4301">
    <p class='ocr_par' dir='ltr' id='par_1_2' title="bbox 158 651 1280 3509">
     <span class='ocr_line' id='line_1_2' title="bbox 179 651 1278 734; baseline 0.001 -18"><span class='ocrx_word' id='word_1_5' title='bbox 179 655 380 734; x_wconf 83' lang='lat' dir='ltr'>jurisdictione</span> <span class='ocrx_word' id='word_1_6' title='bbox 401 653 553 730; x_wconf 88' lang='lat' dir='ltr'>privilegio</span> <span class='ocrx_word' id='word_1_7' title='bbox 575 671 633 710; x_wconf 91' lang='grc' dir='ltr'>ιιοιι</span> <span class='ocrx_word' id='word_1_8' title='bbox 654 651 778 729; x_wconf 55' lang='lat' dir='ltr'>pudent</span> <span class='ocrx_word' id='word_1_9' title='bbox 798 653 829 710; x_wconf 89' lang='lat' dir='ltr'>in</span> <span class='ocrx_word' id='word_1_10' title='bbox 851 653 888 710; x_wconf 88' lang='lat' dir='ltr'>iis</span> <span class='ocrx_word' id='word_1_11' title='bbox 911 671 974 726; x_wconf 79' lang='lat' dir='ltr'>que</span> <span class='ocrx_word' id='word_1_12' title='bbox 997 671 1094 712; x_wconf 90' lang='lat' dir='ltr'>curam</span> <span class='ocrx_word' id='word_1_13' title='bbox 1112 653 1278 731; x_wconf 86' lang='lat' dir='ltr'>hujusmodi</span> 
     </span>
     <span class='ocr_line' id='line_1_3' title="bbox 181 751 1278 833; baseline -0.001 -18"><span class='ocrx_word' id='word_1_14' title='bbox 181 757 357 833; x_wconf 80' lang='lat' dir='ltr'>respiciunt3</span> <span class='ocrx_word' id='word_1_15' title='bbox 378 771 445 811; x_wconf 90' lang='lat' dir='ltr'>nam</span> <span class='ocrx_word' id='word_1_16' title='bbox 468 753 552 829; x_wconf 85' lang='lat' dir='ltr'>juxta</span> <span class='ocrx_word' id='word_1_17' title='bbox 573 751 688 810; x_wconf 87' lang='lat' dir='ltr'>Bullam</span> <span class='ocrx_word' id='word_1_18' title='bbox 709 751 859 810; x_wconf 79' lang='lat' dir='ltr'>Benedicti</span> <span class='ocrx_word' id='word_1_19' title='bbox 879 752 963 812; x_wconf 89' lang='lat' dir='ltr'><strong>XIV.</strong></span> <span class='ocrx_word' id='word_1_20' title='bbox 984 752 1031 810; x_wconf 92' lang='lat' dir='ltr'>die</span> <span class='ocrx_word' id='word_1_21' title='bbox 1051 757 1070 812; x_wconf 86' lang='grc'>6</span> <span class='ocrx_word' id='word_1_22' title='bbox 1090 753 1278 825; x_wconf 82' lang='lat' dir='ltr'>Novembris,</span> 
     </span>
     <span class='ocr_line' id='line_1_4' title="bbox 158 849 1277 929; baseline -0.002 -15"><span class='ocrx_word' id='word_1_23' title='bbox 158 924 160 927; x_wconf 16' lang='lat'><strong><em>¹</em></strong></span> <span class='ocrx_word' id='word_1_24' title='bbox 185 859 273 922; x_wconf 78' lang='lat'>1⁷44,</span> <span class='ocrx_word' id='word_1_25' title='bbox 288 852 404 920; x_wconf 85' lang='lat' dir='ltr'>editam,</span> <span class='ocrx_word' id='word_1_26' title='bbox 427 860 446 886; x_wconf 91' lang='grc'>“</span> <span class='ocrx_word' id='word_1_27' title='bbox 457 850 580 910; x_wconf 90' lang='lat' dir='ltr'>Parochi</span> <span class='ocrx_word' id='word_1_28' title='bbox 590 850 749 926; x_wconf 83' lang='lat' dir='ltr'>Regulares</span> <span class='ocrx_word' id='word_1_29' title='bbox 762 849 930 910; x_wconf 86' lang='lat' dir='ltr'>omnimodo</span> <span class='ocrx_word' id='word_1_30' title='bbox 943 851 1063 910; x_wconf 77' lang='lat' dir='ltr'>subsunt</span> <span class='ocrx_word' id='word_1_31' title='bbox 1074 851 1277 929; x_wconf 71' lang='lat' dir='ltr'>jurisdictioni,</span> 
     </span>
     <span class='ocr_line' id='line_1_5' title="bbox 185 950 1278 1026; baseline 0 -14"><span class='ocrx_word' id='word_1_32' title='bbox 185 965 212 1012; x_wconf 92' lang='lat' dir='ltr'>et</span> <span class='ocrx_word' id='word_1_33' title='bbox 224 952 404 1020; x_wconf 89' lang='lat' dir='ltr'>correctioni,</span> <span class='ocrx_word' id='word_1_34' title='bbox 426 960 454 1008; x_wconf 93' lang='lat' dir='ltr'>et</span> <span class='ocrx_word' id='word_1_35' title='bbox 473 950 628 1008; x_wconf 82' lang='lat' dir='ltr'>visitationi</span> <span class='ocrx_word' id='word_1_36' title='bbox 647 950 776 1026; x_wconf 74' lang='lat' dir='ltr'>episcopi</span> <span class='ocrx_word' id='word_1_37' title='bbox 795 951 825 1008; x_wconf 91' lang='lat' dir='ltr'>in</span> <span class='ocrx_word' id='word_1_38' title='bbox 844 950 880 1008; x_wconf 90' lang='lat' dir='ltr'>iis</span> <span class='ocrx_word' id='word_1_39' title='bbox 900 967 964 1023; x_wconf 85' lang='lat' dir='ltr'>quae</span> <span class='ocrx_word' id='word_1_40' title='bbox 986 962 1161 1011; x_wconf 81' lang='lat' dir='ltr'>concernunt</span> <span class='ocrx_word' id='word_1_41' title='bbox 1179 971 1278 1012; x_wconf 86' lang='lat' dir='ltr'>curam</span> 
     </span>
     <span class='ocr_line' id='line_1_6' title="bbox 181 1049 1279 1128; baseline 0 -18"><span class='ocrx_word' id='word_1_42' title='bbox 181 1054 351 1118; x_wconf 87' lang='lat' dir='ltr'>animarum,</span> <span class='ocrx_word' id='word_1_43' title='bbox 362 1049 646 1127; x_wconf 87' lang='lat' dir='ltr'>etpropricsmores.</span> <span class='ocrx_word' id='word_1_44' title='bbox 667 1053 696 1106; x_wconf 81' lang='lat'>2.</span> <span class='ocrx_word' id='word_1_45' title='bbox 712 1049 807 1120; x_wconf 89' lang='lat' dir='ltr'>quoad</span> <span class='ocrx_word' id='word_1_46' title='bbox 814 1049 1144 1119; x_wconf 87' lang='lat' dir='ltr'>visitationemlocalem,</span> <span class='ocrx_word' id='word_1_47' title='bbox 1155 1061 1279 1128; x_wconf 88' lang='lat' dir='ltr'>possunt</span> 
     </span>
     <span class='ocr_line' id='line_1_7' title="bbox 179 1147 1275 1221; baseline 0 -11"><span class='ocrx_word' id='word_1_48' title='bbox 179 1151 287 1210; x_wconf 86' lang='lat' dir='ltr'>visitari</span> <span class='ocrx_word' id='word_1_49' title='bbox 313 1149 409 1217; x_wconf 87' lang='lat' dir='ltr'>altare,</span> <span class='ocrx_word' id='word_1_50' title='bbox 437 1149 467 1206; x_wconf 88' lang='lat' dir='ltr'>in</span> <span class='ocrx_word' id='word_1_51' title='bbox 492 1162 552 1220; x_wconf 83' lang='lat' dir='ltr'>quo·</span> <span class='ocrx_word' id='word_1_52' title='bbox 577 1147 633 1204; x_wconf 85' lang='lat' dir='ltr'>SS.</span> <span class='ocrx_word' id='word_1_53' title='bbox 660 1147 848 1208; x_wconf 80' lang='lat' dir='ltr'>Eucharistiae</span> <span class='ocrx_word' id='word_1_54' title='bbox 871 1157 1079 1210; x_wconf 88' lang='lat' dir='ltr'>sacramentum</span> <span class='ocrx_word' id='word_1_55' title='bbox 1106 1160 1275 1221; x_wconf 78' lang='lat' dir='ltr'>asservabat,</span> 
     </span>
     <span class='ocr_line' id='line_1_8' title="bbox 181 1246 1280 1323; baseline 0 -15"><span class='ocrx_word' id='word_1_56' title='bbox 181 1268 296 1308; x_wconf 86' lang='lat' dir='ltr'>sacrum</span> <span class='ocrx_word' id='word_1_57' title='bbox 310 1246 532 1314; x_wconf 87' lang='lat' dir='ltr'>tabemeoulum,</span> <span class='ocrx_word' id='word_1_58' title='bbox 547 1246 612 1304; x_wconf 83' lang='lat' dir='ltr'>sons</span> <span class='ocrx_word' id='word_1_59' title='bbox 625 1246 812 1322; x_wconf 87' lang='lat' dir='ltr'>baptismalis,</span> <span class='ocrx_word' id='word_1_60' title='bbox 827 1248 1036 1308; x_wconf 87' lang='lat' dir='ltr'>confessionale</span> <span class='ocrx_word' id='word_1_61' title='bbox 1052 1250 1083 1308; x_wconf 90' lang='lat' dir='ltr'>in</span> <span class='ocrx_word' id='word_1_62' title='bbox 1103 1269 1161 1323; x_wconf 94' lang='lat' dir='ltr'>quo</span> <span class='ocrx_word' id='word_1_63' title='bbox 1174 1249 1280 1310; x_wconf 84' lang='lat' dir='ltr'>residet</span> 
     </span>
     <span class='ocr_line' id='line_1_9' title="bbox 181 1345 1277 1426; baseline 0.002 -20"><span class='ocrx_word' id='word_1_64' title='bbox 181 1347 337 1426; x_wconf 80' lang='lat' dir='ltr'>parochus,</span> <span class='ocrx_word' id='word_1_65' title='bbox 358 1347 497 1423; x_wconf 85' lang='lat' dir='ltr'>pulpitum</span> <span class='ocrx_word' id='word_1_66' title='bbox 520 1365 535 1402; x_wconf 91' lang='lat' dir='ltr'>e</span> <span class='ocrx_word' id='word_1_67' title='bbox 557 1364 616 1419; x_wconf 93' lang='lat' dir='ltr'>quo</span> <span class='ocrx_word' id='word_1_68' title='bbox 635 1345 776 1422; x_wconf 85' lang='lat' dir='ltr'>parochus</span> <span class='ocrx_word' id='word_1_69' title='bbox 795 1348 989 1415; x_wconf 87' lang='lat' dir='ltr'>concionatur,</span> <span class='ocrx_word' id='word_1_70' title='bbox 1004 1347 1157 1408; x_wconf 86' lang='lat' dir='ltr'>sacrarium</span> <span class='ocrx_word' id='word_1_71' title='bbox 1180 1350 1216 1408; x_wconf 86' lang='lat' dir='ltr'>ad</span> <span class='ocrx_word' id='word_1_72' title='bbox 1235 1350 1277 1408; x_wconf 86' lang='lat' dir='ltr'>in·</span> 
     </span>
     <span class='ocr_line' id='line_1_10' title="bbox 182 1444 1278 1524; baseline 0.002 -20"><span class='ocrx_word' id='word_1_73' title='bbox 182 1445 364 1524; x_wconf 87' lang='lat' dir='ltr'>spiciendam</span> <span class='ocrx_word' id='word_1_74' title='bbox 372 1463 479 1504; x_wconf 88' lang='lat' dir='ltr'>sacram</span> <span class='ocrx_word' id='word_1_75' title='bbox 489 1444 707 1521; x_wconf 85' lang='lat' dir='ltr'>supellectilem,</span> <span class='ocrx_word' id='word_1_76' title='bbox 715 1445 901 1521; x_wconf 81' lang='lat' dir='ltr'>sepulchrum</span> <span class='ocrx_word' id='word_1_77' title='bbox 912 1446 1157 1522; x_wconf 86' lang='lat' dir='ltr'>parochianomrn,</span> <span class='ocrx_word' id='word_1_78' title='bbox 1167 1467 1278 1506; x_wconf 86' lang='lat' dir='ltr'>corum·</span> 
     </span>
     <span class='ocr_line' id='line_1_11' title="bbox 165 1542 1276 1622; baseline -0.004 -14"><span class='ocrx_word' id='word_1_79' title='bbox 165 1604 168 1608; x_wconf 88' lang='lat'>.</span> <span class='ocrx_word' id='word_1_80' title='bbox 183 1565 241 1619; x_wconf 90' lang='lat' dir='ltr'>quc</span> <span class='ocrx_word' id='word_1_81' title='bbox 251 1546 456 1618; x_wconf 87' lang='lat' dir='ltr'>coemetcrium,</span> <span class='ocrx_word' id='word_1_82' title='bbox 468 1545 552 1603; x_wconf 89' lang='lat' dir='ltr'>turris</span> <span class='ocrx_word' id='word_1_83' title='bbox 560 1545 739 1618; x_wconf 87' lang='lat' dir='ltr'>campanaria</span> <span class='ocrx_word' id='word_1_84' title='bbox 746 1546 771 1603; x_wconf 91' lang='lat' dir='ltr'>si</span> <span class='ocrx_word' id='word_1_85' title='bbox 787 1542 880 1604; x_wconf 82' lang='lat' dir='ltr'>adsint</span> <span class='ocrx_word' id='word_1_86' title='bbox 889 1546 927 1603; x_wconf 93' lang='lat' dir='ltr'>ibi</span> <span class='ocrx_word' id='word_1_87' title='bbox 935 1564 1080 1622; x_wconf 75' lang='lat' dir='ltr'>campane</span> <span class='ocrx_word' id='word_1_88' title='bbox 1088 1547 1276 1622; x_wconf 89' lang='lat' dir='ltr'>parochiales,</span> 
     </span>
     <span class='ocr_line' id='line_1_12' title="bbox 182 1642 1275 1718; baseline 0.001 -12"><span class='ocrx_word' id='word_1_89' title='bbox 182 1648 281 1706; x_wconf 89' lang='lat' dir='ltr'>omnia</span> <span class='ocrx_word' id='word_1_90' title='bbox 302 1663 381 1704; x_wconf 85' lang='lat' dir='ltr'>sacra</span> <span class='ocrx_word' id='word_1_91' title='bbox 403 1661 479 1702; x_wconf 88' lang='lat' dir='ltr'>vasa.</span> <span class='ocrx_word' id='word_1_92' title='bbox 522 1649 551 1702; x_wconf 82' lang='lat'>3.</span> <span class='ocrx_word' id='word_1_93' title='bbox 572 1642 666 1716; x_wconf 90' lang='lat' dir='ltr'>quoad</span> <span class='ocrx_word' id='word_1_94' title='bbox 685 1643 874 1718; x_wconf 84' lang='lat' dir='ltr'>personalem,</span> <span class='ocrx_word' id='word_1_95' title='bbox 896 1644 980 1702; x_wconf 90' lang='lat' dir='ltr'>debet</span> <span class='ocrx_word' id='word_1_96' title='bbox 998 1647 1114 1704; x_wconf 87' lang='lat' dir='ltr'>scrutari</span> <span class='ocrx_word' id='word_1_97' title='bbox 1134 1648 1221 1706; x_wconf 88' lang='lat' dir='ltr'>vitam</span> <span class='ocrx_word' id='word_1_98' title='bbox 1241 1667 1275 1706; x_wconf 85' lang='lat' dir='ltr'>ac</span> 
     </span>
     <span class='ocr_line' id='line_1_13' title="bbox 182 1741 1278 1823; baseline 0.001 -18"><span class='ocrx_word' id='word_1_99' title='bbox 182 1763 280 1805; x_wconf 86' lang='lat' dir='ltr'>mores</span> <span class='ocrx_word' id='word_1_100' title='bbox 293 1745 391 1811; x_wconf 88' lang='lat' dir='ltr'>curati,</span> <span class='ocrx_word' id='word_1_101' title='bbox 405 1754 546 1816; x_wconf 89' lang='lat' dir='ltr'>quatenus</span> <span class='ocrx_word' id='word_1_102' title='bbox 559 1751 639 1800; x_wconf 86' lang='lat' dir='ltr'>extra</span> <span class='ocrx_word' id='word_1_103' title='bbox 649 1743 802 1802; x_wconf 88' lang='lat' dir='ltr'>claustrum</span> <span class='ocrx_word' id='word_1_104' title='bbox 816 1741 1009 1819; x_wconf 90' lang='lat' dir='ltr'>prodierint..</span> <span class='ocrx_word' id='word_1_105' title='bbox 1022 1785 1030 1801; x_wconf 87' lang='grc'><strong>.</strong></span> <span class='ocrx_word' id='word_1_106' title='bbox 1045 1764 1079 1804; x_wconf 91' lang='lat' dir='ltr'>an</span> <span class='ocrx_word' id='word_1_107' title='bbox 1090 1746 1124 1804; x_wconf 88' lang='lat' dir='ltr'>ad</span> <span class='ocrx_word' id='word_1_108' title='bbox 1132 1745 1278 1823; x_wconf 83' lang='lat' dir='ltr'>synodum</span> 
     </span>
     <span class='ocr_line' id='line_1_14' title="bbox 183 1842 1275 1918; baseline 0.001 -16"><span class='ocrx_word' id='word_1_109' title='bbox 183 1855 299 1906; x_wconf 91' lang='lat' dir='ltr'>vocatus</span> <span class='ocrx_word' id='word_1_110' title='bbox 313 1844 408 1911; x_wconf 88' lang='lat' dir='ltr'>iverit,</span> <span class='ocrx_word' id='word_1_111' title='bbox 423 1861 459 1900; x_wconf 87' lang='lat' dir='ltr'>an</span> <span class='ocrx_word' id='word_1_112' title='bbox 473 1842 663 1902; x_wconf 76' lang='lat' dir='ltr'>conscientias</span> <span class='ocrx_word' id='word_1_113' title='bbox 677 1860 796 1900; x_wconf 86' lang='lat' dir='ltr'>casuum</span> <span class='ocrx_word' id='word_1_114' title='bbox 805 1843 988 1901; x_wconf 85' lang='lat' dir='ltr'>conscientiae</span> <span class='ocrx_word' id='word_1_115' title='bbox 996 1842 1097 1900; x_wconf 85' lang='lat' dir='ltr'>habeat</span> <span class='ocrx_word' id='word_1_116' title='bbox 1103 1844 1275 1918; x_wconf 84' lang='lat' dir='ltr'>frequenter,</span> 
     </span>
     <span class='ocr_line' id='line_1_15' title="bbox 184 1941 1279 2019; baseline 0 -17"><span class='ocrx_word' id='word_1_117' title='bbox 184 1965 221 2002; x_wconf 87' lang='lat' dir='ltr'>an</span> <span class='ocrx_word' id='word_1_118' title='bbox 234 1961 322 2002; x_wconf 89' lang='lat' dir='ltr'>onera</span> <span class='ocrx_word' id='word_1_119' title='bbox 335 1961 407 2002; x_wconf 85' lang='lat' dir='ltr'>curae</span> <span class='ocrx_word' id='word_1_120' title='bbox 422 1941 629 2018; x_wconf 85' lang='lat' dir='ltr'>adimpleverit,</span> <span class='ocrx_word' id='word_1_121' title='bbox 649 1960 684 2001; x_wconf 90' lang='lat' dir='ltr'>an</span> <span class='ocrx_word' id='word_1_122' title='bbox 701 1942 825 2000; x_wconf 85' lang='lat' dir='ltr'>Missam</span> <span class='ocrx_word' id='word_1_123' title='bbox 839 1960 891 2017; x_wconf 90' lang='lat' dir='ltr'>pro</span> <span class='ocrx_word' id='word_1_124' title='bbox 909 1942 1017 2018; x_wconf 90' lang='lat' dir='ltr'>populo</span> <span class='ocrx_word' id='word_1_125' title='bbox 1031 1942 1225 2019; x_wconf 80' lang='lat' dir='ltr'>applicaverit,</span> <span class='ocrx_word' id='word_1_126' title='bbox 1242 1961 1279 2002; x_wconf 87' lang='lat' dir='ltr'>an</span> 
     </span>
     <span class='ocr_line' id='line_1_16' title="bbox 184 2040 1279 2108; baseline -0.001 -7"><span class='ocrx_word' id='word_1_127' title='bbox 184 2043 268 2102; x_wconf 87' lang='lat' dir='ltr'>festis</span> <span class='ocrx_word' id='word_1_128' title='bbox 286 2041 384 2101; x_wconf 88' lang='lat' dir='ltr'>diebus</span> <span class='ocrx_word' id='word_1_129' title='bbox 398 2042 583 2100; x_wconf 86' lang='lat' dir='ltr'>concionatus</span> <span class='ocrx_word' id='word_1_130' title='bbox 597 2040 690 2108; x_wconf 82' lang='lat' dir='ltr'>suerit,</span> <span class='ocrx_word' id='word_1_131' title='bbox 705 2040 761 2098; x_wconf 80' lang='lat' dir='ltr'>dac.</span> <span class='ocrx_word' id='word_1_132' title='bbox 776 2061 813 2100; x_wconf 89' lang='lat' dir='ltr'>an</span> <span class='ocrx_word' id='word_1_133' title='bbox 833 2050 914 2098; x_wconf 89' lang='lat' dir='ltr'>vacet</span> <span class='ocrx_word' id='word_1_134' title='bbox 926 2040 1152 2102; x_wconf 83' lang='lat' dir='ltr'>confessionibus</span> <span class='ocrx_word' id='word_1_135' title='bbox 1165 2041 1279 2100; x_wconf 81' lang='lat' dir='ltr'>audien·</span> 
     </span>
     <span class='ocr_line' id='line_1_17' title="bbox 185 2139 1279 2218; baseline -0.002 -16"><span class='ocrx_word' id='word_1_136' title='bbox 185 2143 242 2210; x_wconf 87' lang='lat' dir='ltr'>dis,</span> <span class='ocrx_word' id='word_1_137' title='bbox 258 2161 295 2200; x_wconf 89' lang='lat' dir='ltr'>an</span> <span class='ocrx_word' id='word_1_138' title='bbox 308 2141 509 2218; x_wconf 79' lang='lat' dir='ltr'>egrotarnibus</span> <span class='ocrx_word' id='word_1_139' title='bbox 523 2139 719 2198; x_wconf 88' lang='lat' dir='ltr'>adsistentiam</span> <span class='ocrx_word' id='word_1_140' title='bbox 738 2140 909 2216; x_wconf 78' lang='lat' dir='ltr'>praestiterit,</span> <span class='ocrx_word' id='word_1_141' title='bbox 923 2160 958 2198; x_wconf 90' lang='lat' dir='ltr'>an</span> <span class='ocrx_word' id='word_1_142' title='bbox 979 2157 1084 2217; x_wconf 89' lang='lat' dir='ltr'>pueros</span> <span class='ocrx_word' id='word_1_143' title='bbox 1100 2152 1163 2200; x_wconf 87' lang='lat' dir='ltr'>ante</span> <span class='ocrx_word' id='word_1_144' title='bbox 1177 2143 1279 2201; x_wconf 85' lang='lat' dir='ltr'>contir-</span> 
     </span>
     <span class='ocr_line' id='line_1_18' title="bbox 183 2238 1278 2318; baseline 0 -18"><span class='ocrx_word' id='word_1_145' title='bbox 183 2243 340 2300; x_wconf 89' lang='lat' dir='ltr'>mationcm</span> <span class='ocrx_word' id='word_1_146' title='bbox 363 2249 392 2298; x_wconf 92' lang='lat' dir='ltr'>et</span> <span class='ocrx_word' id='word_1_147' title='bbox 414 2241 648 2298; x_wconf 88' lang='lat' dir='ltr'>communionem</span> <span class='ocrx_word' id='word_1_148' title='bbox 669 2239 843 2306; x_wconf 81' lang='lat' dir='ltr'>instruxerit,</span> <span class='ocrx_word' id='word_1_149' title='bbox 858 2259 894 2298; x_wconf 94' lang='lat' dir='ltr'>an</span> <span class='ocrx_word' id='word_1_150' title='bbox 918 2238 952 2296; x_wconf 92' lang='lat' dir='ltr'>de</span> <span class='ocrx_word' id='word_1_151' title='bbox 973 2241 1145 2300; x_wconf 89' lang='lat' dir='ltr'>matrimonii</span> <span class='ocrx_word' id='word_1_152' title='bbox 1159 2241 1278 2318; x_wconf 85' lang='lat' dir='ltr'>impedi·</span> 
     </span>
     <span class='ocr_line' id='line_1_19' title="bbox 184 2337 1278 2416; baseline -0.001 -16"><span class='ocrx_word' id='word_1_153' title='bbox 184 2342 289 2400; x_wconf 87' lang='lat' dir='ltr'>mentis</span> <span class='ocrx_word' id='word_1_154' title='bbox 303 2341 494 2413; x_wconf 86' lang='lat' dir='ltr'>inquisiverit,</span> <span class='ocrx_word' id='word_1_155' title='bbox 506 2349 577 2398; x_wconf 90' lang='lat' dir='ltr'>etan</span> <span class='ocrx_word' id='word_1_156' title='bbox 591 2337 692 2416; x_wconf 90' lang='lat' dir='ltr'>sponsi</span> <span class='ocrx_word' id='word_1_157' title='bbox 705 2338 734 2396; x_wconf 89' lang='lat' dir='ltr'>in</span> <span class='ocrx_word' id='word_1_158' title='bbox 747 2339 832 2396; x_wconf 86' lang='lat' dir='ltr'>rebus</span> <span class='ocrx_word' id='word_1_159' title='bbox 845 2338 912 2396; x_wconf 87' lang='lat' dir='ltr'>fidei</span> <span class='ocrx_word' id='word_1_160' title='bbox 926 2341 984 2398; x_wconf 89' lang='lat' dir='ltr'>sint</span> <span class='ocrx_word' id='word_1_161' title='bbox 996 2339 1099 2408; x_wconf 89' lang='lat' dir='ltr'>edocti,</span> <span class='ocrx_word' id='word_1_162' title='bbox 1114 2347 1190 2399; x_wconf 87' lang='lat' dir='ltr'>etan</span> <span class='ocrx_word' id='word_1_163' title='bbox 1203 2351 1278 2399; x_wconf 90' lang='lat' dir='ltr'>recte</span> 
     </span>
     <span class='ocr_line' id='line_1_20' title="bbox 184 2437 1279 2518; baseline 0.001 -19"><span class='ocrx_word' id='word_1_164' title='bbox 184 2440 330 2502; x_wconf 85' lang='lat' dir='ltr'>ordinatos</span> <span class='ocrx_word' id='word_1_165' title='bbox 357 2440 461 2498; x_wconf 88' lang='lat' dir='ltr'>habeat</span> <span class='ocrx_word' id='word_1_166' title='bbox 486 2439 573 2497; x_wconf 88' lang='lat' dir='ltr'>libros</span> <span class='ocrx_word' id='word_1_167' title='bbox 610 2437 798 2516; x_wconf 86' lang='lat' dir='ltr'>parochiales.</span> <span class='ocrx_word' id='word_1_168' title='bbox 850 2441 879 2495; x_wconf 81' lang='lat'>4.</span> <span class='ocrx_word' id='word_1_169' title='bbox 910 2437 989 2512; x_wconf 92' lang='lat' dir='ltr'>quod</span> <span class='ocrx_word' id='word_1_170' title='bbox 1016 2439 1085 2498; x_wconf 91' lang='lat' dir='ltr'>licet</span> <span class='ocrx_word' id='word_1_171' title='bbox 1109 2441 1279 2518; x_wconf 84' lang='lat' dir='ltr'>Superiores</span> 
     </span>
     <span class='ocr_line' id='line_1_21' title="bbox 185 2537 1277 2617; baseline -0.004 -17"><span class='ocrx_word' id='word_1_172' title='bbox 185 2540 344 2617; x_wconf 87' lang='lat' dir='ltr'>Regulares</span> <span class='ocrx_word' id='word_1_173' title='bbox 359 2557 417 2596; x_wconf 89' lang='lat' dir='ltr'>non</span> <span class='ocrx_word' id='word_1_174' title='bbox 430 2540 542 2614; x_wconf 87' lang='lat' dir='ltr'>possint</span> <span class='ocrx_word' id='word_1_175' title='bbox 555 2537 690 2614; x_wconf 87' lang='lat' dir='ltr'>deputare</span> <span class='ocrx_word' id='word_1_176' title='bbox 707 2537 830 2610; x_wconf 86' lang='lat' dir='ltr'>aliquem</span> <span class='ocrx_word' id='word_1_177' title='bbox 850 2537 885 2595; x_wconf 91' lang='lat' dir='ltr'>ad</span> <span class='ocrx_word' id='word_1_178' title='bbox 904 2557 1001 2598; x_wconf 87' lang='lat' dir='ltr'>curam</span> <span class='ocrx_word' id='word_1_179' title='bbox 1014 2540 1076 2598; x_wconf 88' lang='lat' dir='ltr'>sine</span> <span class='ocrx_word' id='word_1_180' title='bbox 1086 2541 1215 2616; x_wconf 87' lang='lat' dir='ltr'>episcopi</span> <span class='ocrx_word' id='word_1_181' title='bbox 1229 2560 1277 2617; x_wconf 91' lang='lat' dir='ltr'>ap·</span> 
     </span>
     <span class='ocr_line' id='line_1_22' title="bbox 185 2637 1280 2716; baseline -0.002 -18"><span class='ocrx_word' id='word_1_182' title='bbox 185 2640 367 2716; x_wconf 87' lang='lat' dir='ltr'>probatione,</span> <span class='ocrx_word' id='word_1_183' title='bbox 380 2649 500 2712; x_wconf 88' lang='lat' dir='ltr'>possunt</span> <span class='ocrx_word' id='word_1_184' title='bbox 515 2647 609 2696; x_wconf 88' lang='lat' dir='ltr'>tamen</span> <span class='ocrx_word' id='word_1_185' title='bbox 630 2656 696 2696; x_wconf 81' lang='lat' dir='ltr'>euin</span> <span class='ocrx_word' id='word_1_186' title='bbox 710 2655 859 2696; x_wconf 87' lang='lat' dir='ltr'>removere</span> <span class='ocrx_word' id='word_1_187' title='bbox 872 2637 921 2696; x_wconf 90' lang='lat' dir='ltr'>illo</span> <span class='ocrx_word' id='word_1_188' title='bbox 942 2638 1054 2703; x_wconf 86' lang='lat' dir='ltr'>inscio;</span> <span class='ocrx_word' id='word_1_189' title='bbox 1074 2646 1103 2694; x_wconf 91' lang='lat' dir='ltr'>et</span> <span class='ocrx_word' id='word_1_190' title='bbox 1120 2639 1158 2695; x_wconf 87' lang='lat' dir='ltr'>ita</span> <span class='ocrx_word' id='word_1_191' title='bbox 1177 2639 1280 2713; x_wconf 85' lang='lat' dir='ltr'>pariter</span> 
     </span>
     <span class='ocr_line' id='line_1_23' title="bbox 185 2735 1280 2814; baseline -0.006 -15"><span class='ocrx_word' id='word_1_192' title='bbox 185 2740 348 2814; x_wconf 84' lang='lat' dir='ltr'>episcopus</span> <span class='ocrx_word' id='word_1_193' title='bbox 361 2745 454 2812; x_wconf 90' lang='lat' dir='ltr'>potest</span> <span class='ocrx_word' id='word_1_194' title='bbox 466 2757 532 2796; x_wconf 91' lang='lat' dir='ltr'>cura</span> <span class='ocrx_word' id='word_1_195' title='bbox 544 2737 626 2796; x_wconf 88' lang='lat' dir='ltr'>illum</span> <span class='ocrx_word' id='word_1_196' title='bbox 639 2737 750 2812; x_wconf 87' lang='lat' dir='ltr'>privare</span> <span class='ocrx_word' id='word_1_197' title='bbox 773 2736 835 2794; x_wconf 91' lang='lat' dir='ltr'>sine</span> <span class='ocrx_word' id='word_1_198' title='bbox 857 2753 997 2792; x_wconf 90' lang='lat' dir='ltr'>consensu</span> <span class='ocrx_word' id='word_1_199' title='bbox 1019 2736 1184 2809; x_wconf 86' lang='lat' dir='ltr'>superioris,</span> <span class='ocrx_word' id='word_1_200' title='bbox 1205 2736 1231 2792; x_wconf 90' lang='lat' dir='ltr'>si</span> <span class='ocrx_word' id='word_1_201' title='bbox 1251 2735 1280 2792; x_wconf 93' lang='lat' dir='ltr'>id</span> 
     </span>
     <span class='ocr_line' id='line_1_24' title="bbox 179 2827 1280 2914; baseline -0.004 -20"><span class='ocrx_word' id='word_1_202' title='bbox 179 2839 264 2914; x_wconf 89' lang='lat' dir='ltr'>justa</span> <span class='ocrx_word' id='word_1_203' title='bbox 277 2853 364 2893; x_wconf 88' lang='lat' dir='ltr'>causa</span> <span class='ocrx_word' id='word_1_204' title='bbox 377 2837 545 2911; x_wconf 83' lang='lat' dir='ltr'>expostulet,</span> <span class='ocrx_word' id='word_1_205' title='bbox 560 2835 639 2894; x_wconf 79' lang='lat' dir='ltr'>&amp;c.”</span> <span class='ocrx_word' id='word_1_206' title='bbox 661 2834 705 2893; x_wconf 90' lang='lat' dir='ltr'>lta</span> <span class='ocrx_word' id='word_1_207' title='bbox 718 2835 750 2892; x_wconf 84' lang='lat' dir='ltr'>S.</span> <span class='ocrx_word' id='word_1_208' title='bbox 761 2833 929 2910; x_wconf 86' lang='lat' dir='ltr'>Alphonsus</span> <span class='ocrx_word' id='word_1_209' title='bbox 944 2831 978 2890; x_wconf 90' lang='lat' dir='ltr'>de</span> <span class='ocrx_word' id='word_1_210' title='bbox 991 2827 1136 2908; x_wconf 88' lang='lat' dir='ltr'>Ligoric.¹</span> <span class='ocrx_word' id='word_1_211' title='bbox 1162 2833 1280 2892; x_wconf 89' lang='lat' dir='ltr'>Monas·</span> 
     </span>
     <span class='ocr_line' id='line_1_25' title="bbox 183 2933 1275 3014; baseline -0.002 -20"><span class='ocrx_word' id='word_1_212' title='bbox 183 2938 258 2994; x_wconf 88' lang='lat' dir='ltr'>teria</span> <span class='ocrx_word' id='word_1_213' title='bbox 287 2936 373 2992; x_wconf 88' lang='lat' dir='ltr'>etiarn</span> <span class='ocrx_word' id='word_1_214' title='bbox 405 2945 601 3012; x_wconf 85' lang='lat' dir='ltr'>exemptarum</span> <span class='ocrx_word' id='word_1_215' title='bbox 634 2935 728 3007; x_wconf 90' lang='lat' dir='ltr'>quoad</span> <span class='ocrx_word' id='word_1_216' title='bbox 760 2935 919 2992; x_wconf 86' lang='lat' dir='ltr'>clausuram</span> <span class='ocrx_word' id='word_1_217' title='bbox 952 2933 1099 3010; x_wconf 81' lang='lat' dir='ltr'>subjacent</span> <span class='ocrx_word' id='word_1_218' title='bbox 1119 2934 1275 3014; x_wconf 87' lang='lat' dir='ltr'>episcopo:</span> 
     </span>
     <span class='ocr_line' id='line_1_26' title="bbox 186 3033 1276 3110; baseline -0.004 -16"><span class='ocrx_word' id='word_1_219' title='bbox 186 3045 208 3072; x_wconf 77' lang='lat'>‘⁶</span> <span class='ocrx_word' id='word_1_220' title='bbox 217 3037 294 3094; x_wconf 89' lang='lat' dir='ltr'>Tam</span> <span class='ocrx_word' id='word_1_221' title='bbox 309 3033 477 3103; x_wconf 79' lang='lat' dir='ltr'>Saeculares,</span> <span class='ocrx_word' id='word_1_222' title='bbox 489 3053 575 3106; x_wconf 88' lang='lat' dir='ltr'>quarn</span> <span class='ocrx_word' id='word_1_223' title='bbox 586 3033 744 3110; x_wconf 85' lang='lat' dir='ltr'>Regulares</span> <span class='ocrx_word' id='word_1_224' title='bbox 757 3033 842 3092; x_wconf 86' lang='lat' dir='ltr'>nullis</span> <span class='ocrx_word' id='word_1_225' title='bbox 852 3033 1010 3110; x_wconf 89' lang='lat' dir='ltr'>privilegiis</span> <span class='ocrx_word' id='word_1_226' title='bbox 1024 3036 1096 3092; x_wconf 92' lang='lat' dir='ltr'>tueri</span> <span class='ocrx_word' id='word_1_227' title='bbox 1109 3052 1140 3092; x_wconf 90' lang='lat' dir='ltr'>se</span> <span class='ocrx_word' id='word_1_228' title='bbox 1153 3035 1276 3110; x_wconf 88' lang='lat' dir='ltr'>possint,</span> 
     </span>
     <span class='ocr_line' id='line_1_27' title="bbox 185 3132 1280 3209; baseline -0.002 -15"><span class='ocrx_word' id='word_1_229' title='bbox 185 3136 340 3207; x_wconf 87' lang='lat' dir='ltr'>quominus</span> <span class='ocrx_word' id='word_1_230' title='bbox 354 3134 380 3190; x_wconf 85' lang='lat' dir='ltr'>si</span> <span class='ocrx_word' id='word_1_231' title='bbox 393 3133 564 3206; x_wconf 84' lang='lat' dir='ltr'>deliquerint</span> <span class='ocrx_word' id='word_1_232' title='bbox 577 3134 652 3191; x_wconf 89' lang='lat' dir='ltr'>circa</span> <span class='ocrx_word' id='word_1_233' title='bbox 664 3151 802 3209; x_wconf 89' lang='lat' dir='ltr'>personas</span> <span class='ocrx_word' id='word_1_234' title='bbox 816 3134 887 3192; x_wconf 88' lang='lat' dir='ltr'>intra</span> <span class='ocrx_word' id='word_1_235' title='bbox 900 3141 980 3208; x_wconf 88' lang='lat' dir='ltr'>septa</span> <span class='ocrx_word' id='word_1_236' title='bbox 988 3132 1134 3208; x_wconf 84' lang='lat' dir='ltr'>degentes,</span> <span class='ocrx_word' id='word_1_237' title='bbox 1146 3143 1193 3193; x_wconf 88' lang='lat' dir='ltr'>aut</span> <span class='ocrx_word' id='word_1_238' title='bbox 1205 3135 1280 3192; x_wconf 86' lang='lat' dir='ltr'>circa</span> 
     </span>
     <span class='ocr_line' id='line_1_28' title="bbox 186 3232 1279 3309; baseline -0.001 -17"><span class='ocrx_word' id='word_1_239' title='bbox 186 3235 350 3294; x_wconf 83' lang='lat' dir='ltr'>clausuram</span> <span class='ocrx_word' id='word_1_240' title='bbox 364 3233 542 3300; x_wconf 89' lang='lat' dir='ltr'>monialium,</span> <span class='ocrx_word' id='word_1_241' title='bbox 557 3233 643 3290; x_wconf 87' lang='lat' dir='ltr'>etiam</span> <span class='ocrx_word' id='word_1_242' title='bbox 665 3233 840 3308; x_wconf 81' lang='lat' dir='ltr'>regularibus</span> <span class='ocrx_word' id='word_1_243' title='bbox 864 3232 1062 3308; x_wconf 87' lang='lat' dir='ltr'>subjectarum,</span> <span class='ocrx_word' id='word_1_244' title='bbox 1085 3233 1119 3289; x_wconf 92' lang='lat' dir='ltr'>ab</span> <span class='ocrx_word' id='word_1_245' title='bbox 1141 3235 1279 3309; x_wconf 87' lang='lat' dir='ltr'>episcopo</span> 
     </span>
     <span class='ocr_line' id='line_1_29' title="bbox 184 3329 1279 3408; baseline -0.004 -18"><span class='ocrx_word' id='word_1_246' title='bbox 184 3343 331 3406; x_wconf 88' lang='lat' dir='ltr'>tamquam</span> <span class='ocrx_word' id='word_1_247' title='bbox 346 3332 380 3390; x_wconf 92' lang='lat' dir='ltr'>ad</span> <span class='ocrx_word' id='word_1_248' title='bbox 394 3331 449 3390; x_wconf 92' lang='lat' dir='ltr'>hoc</span> <span class='ocrx_word' id='word_1_249' title='bbox 460 3331 545 3390; x_wconf 87' lang='lat' dir='ltr'>Sedis</span> <span class='ocrx_word' id='word_1_250' title='bbox 559 3332 733 3408; x_wconf 83' lang='lat' dir='ltr'>Apostolicae</span> <span class='ocrx_word' id='word_1_251' title='bbox 744 3331 872 3408; x_wconf 88' lang='lat' dir='ltr'>delegato</span> <span class='ocrx_word' id='word_1_252' title='bbox 879 3329 974 3406; x_wconf 88' lang='lat' dir='ltr'>puniri</span> <span class='ocrx_word' id='word_1_253' title='bbox 987 3336 1015 3385; x_wconf 90' lang='lat' dir='ltr'>et</span> <span class='ocrx_word' id='word_1_254' title='bbox 1024 3331 1128 3407; x_wconf 84' lang='lat' dir='ltr'>corrigi</span> <span class='ocrx_word' id='word_1_255' title='bbox 1137 3329 1279 3390; x_wconf 88' lang='lat' dir='ltr'>valeant.”</span> 
     </span>
     <span class='ocr_line' id='line_1_30' title="bbox 186 3429 1064 3509; baseline -0.007 -19"><span class='ocrx_word' id='word_1_256' title='bbox 186 3432 231 3490; x_wconf 87' lang='lat' dir='ltr'>lta</span> <span class='ocrx_word' id='word_1_257' title='bbox 245 3432 406 3509; x_wconf 86' lang='lat' dir='ltr'>Gregorius</span> <span class='ocrx_word' id='word_1_258' title='bbox 420 3432 489 3488; x_wconf 89' lang='lat' dir='ltr'>XV.</span> <span class='ocrx_word' id='word_1_259' title='bbox 505 3433 535 3489; x_wconf 89' lang='lat' dir='ltr'>in</span> <span class='ocrx_word' id='word_1_260' title='bbox 550 3431 634 3490; x_wconf 87' lang='lat' dir='ltr'>Bulla</span> <span class='ocrx_word' id='word_1_261' title='bbox 648 3429 871 3498; x_wconf 82' lang='lat' dir='ltr'>Inscrutobilie‚</span> <span class='ocrx_word' id='word_1_262' title='bbox 886 3447 960 3486; x_wconf 89' lang='lat' dir='ltr'>anno</span> <span class='ocrx_word' id='word_1_263' title='bbox 976 3430 1064 3485; x_wconf 79' lang='lat'><strong>1622.</strong></span> 
     </span>
    </p>

    <p class='ocr_par' dir='ltr' id='par_1_3' title="bbox 177 3527 1285 4301">
     <span class='ocr_line' id='line_1_31' title="bbox 227 3527 1283 3608; baseline -0.004 -20"><span class='ocrx_word' id='word_1_264' title='bbox 227 3537 255 3588; x_wconf 82' lang='lat'>5.</span> <span class='ocrx_word' id='word_1_265' title='bbox 277 3531 550 3608; x_wconf 83' lang='lat' dir='ltr'>Regularesomnes</span> <span class='ocrx_word' id='word_1_266' title='bbox 564 3550 644 3605; x_wconf 74' lang='lat' dir='ltr'>eque</span> <span class='ocrx_word' id='word_1_267' title='bbox 665 3551 698 3590; x_wconf 89' lang='lat' dir='ltr'>ac</span> <span class='ocrx_word' id='word_1_268' title='bbox 718 3530 866 3588; x_wconf 76' lang='lat' dir='ltr'>seculares</span> <span class='ocrx_word' id='word_1_269' title='bbox 890 3529 1089 3604; x_wconf 90' lang='lat' dir='ltr'>episcoporum</span> <span class='ocrx_word' id='word_1_270' title='bbox 1105 3527 1189 3603; x_wconf 90' lang='lat' dir='ltr'>jussa</span> <span class='ocrx_word' id='word_1_271' title='bbox 1208 3529 1283 3586; x_wconf 87' lang='lat' dir='ltr'>circa</span> 
     </span>
     <span class='ocr_line' id='line_1_32' title="bbox 184 3626 1283 3704; baseline -0.005 -15"><span class='ocrx_word' id='word_1_272' title='bbox 184 3631 347 3689; x_wconf 88' lang='lat' dir='ltr'>Missarum</span> <span class='ocrx_word' id='word_1_273' title='bbox 360 3630 578 3690; x_wconf 89' lang='lat' dir='ltr'>celebrationem</span> <span class='ocrx_word' id='word_1_274' title='bbox 593 3641 724 3690; x_wconf 87' lang='lat' dir='ltr'>tenentur</span> <span class='ocrx_word' id='word_1_275' title='bbox 732 3629 854 3702; x_wconf 88' lang='lat' dir='ltr'>exequi:</span> <span class='ocrx_word' id='word_1_276' title='bbox 877 3626 1022 3704; x_wconf 85' lang='lat' dir='ltr'>episcopis</span> <span class='ocrx_word' id='word_1_277' title='bbox 1034 3626 1140 3703; x_wconf 90' lang='lat' dir='ltr'>quippe</span> <span class='ocrx_word' id='word_1_278' title='bbox 1148 3627 1283 3704; x_wconf 83' lang='lat' dir='ltr'>praecepit</span> 
     </span>
     <span class='ocr_line' id='line_1_33' title="bbox 185 3725 1283 3808; baseline -0.002 -20"><span class='ocrx_word' id='word_1_279' title='bbox 185 3729 392 3788; x_wconf 86' lang='lat' dir='ltr'>Tridentinum</span> <span class='ocrx_word' id='word_1_280' title='bbox 408 3727 574 3788; x_wconf 81' lang='lat' dir='ltr'>Concilium</span> <span class='ocrx_word' id='word_1_281' title='bbox 587 3750 624 3788; x_wconf 92' lang='lat' dir='ltr'>ne</span> <span class='ocrx_word' id='word_1_282' title='bbox 638 3731 778 3808; x_wconf 88' lang='lat' dir='ltr'>patiantur</span> <span class='ocrx_word' id='word_1_283' title='bbox 790 3729 905 3804; x_wconf 89' lang='lat' dir='ltr'>privatis</span> <span class='ocrx_word' id='word_1_284' title='bbox 926 3727 955 3786; x_wconf 90' lang='lat' dir='ltr'>in</span> <span class='ocrx_word' id='word_1_285' title='bbox 969 3725 1110 3795; x_wconf 91' lang='lat' dir='ltr'>domibus,</span> <span class='ocrx_word' id='word_1_286' title='bbox 1124 3737 1208 3801; x_wconf 86' lang='lat' dir='ltr'>atque</span> <span class='ocrx_word' id='word_1_287' title='bbox 1222 3747 1283 3786; x_wconf 93' lang='lat' dir='ltr'>om·</span> 
     </span>
     <span class='ocr_line' id='line_1_34' title="bbox 184 3825 1282 3898; baseline -0.005 -10"><span class='ocrx_word' id='word_1_288' title='bbox 184 3831 257 3889; x_wconf 89' lang='lat' dir='ltr'>nino</span> <span class='ocrx_word' id='word_1_289' title='bbox 272 3838 352 3888; x_wconf 78' lang='lat' dir='ltr'>exha</span> <span class='ocrx_word' id='word_1_290' title='bbox 366 3829 528 3898; x_wconf 87' lang='lat' dir='ltr'>ecclesiam,</span> <span class='ocrx_word' id='word_1_291' title='bbox 539 3839 569 3888; x_wconf 89' lang='lat' dir='ltr'>ct</span> <span class='ocrx_word' id='word_1_292' title='bbox 581 3829 616 3888; x_wconf 92' lang='lat' dir='ltr'>ad</span> <span class='ocrx_word' id='word_1_293' title='bbox 629 3829 757 3888; x_wconf 90' lang='lat' dir='ltr'>divinum</span> <span class='ocrx_word' id='word_1_294' title='bbox 771 3837 878 3888; x_wconf 86' lang='lat' dir='ltr'>tanturn</span> <span class='ocrx_word' id='word_1_295' title='bbox 893 3829 999 3886; x_wconf 90' lang='lat' dir='ltr'>cultum</span> <span class='ocrx_word' id='word_1_296' title='bbox 1013 3825 1141 3885; x_wconf 89' lang='lat' dir='ltr'>dedicata</span> <span class='ocrx_word' id='word_1_297' title='bbox 1151 3827 1282 3892; x_wconf 87' lang='lat' dir='ltr'>oratoria,</span> 
     </span>
     <span class='ocr_line' id='line_1_35' title="bbox 185 3925 1284 4006; baseline -0.001 -20"><span class='ocrx_word' id='word_1_298' title='bbox 185 3930 223 3986; x_wconf 89' lang='lat' dir='ltr'>ab</span> <span class='ocrx_word' id='word_1_299' title='bbox 237 3928 347 3986; x_wconf 86' lang='lat' dir='ltr'>eisdem</span> <span class='ocrx_word' id='word_1_300' title='bbox 362 3926 522 3988; x_wconf 89' lang='lat' dir='ltr'>Ordinariis</span> <span class='ocrx_word' id='word_1_301' title='bbox 536 3929 720 4006; x_wconf 86' lang='lat' dir='ltr'>designanda,</span> <span class='ocrx_word' id='word_1_302' title='bbox 742 3937 770 3986; x_wconf 92' lang='lat' dir='ltr'>et</span> <span class='ocrx_word' id='word_1_303' title='bbox 789 3927 937 3995; x_wconf 87' lang='lat' dir='ltr'>visitanda,</span> <span class='ocrx_word' id='word_1_304' title='bbox 959 3934 1089 3982; x_wconf 89' lang='lat' dir='ltr'>sanctum</span> <span class='ocrx_word' id='word_1_305' title='bbox 1108 3925 1164 3984; x_wconf 92' lang='lat' dir='ltr'>hoc</span> <span class='ocrx_word' id='word_1_306' title='bbox 1178 3925 1284 3984; x_wconf 86' lang='lat' dir='ltr'>sacrifi·</span> 
     </span>
     <span class='ocr_line' id='line_1_36' title="bbox 183 4022 1284 4106; baseline 0 -22"><span class='ocrx_word' id='word_1_307' title='bbox 183 4030 265 4085; x_wconf 89' lang='lat' dir='ltr'>cium</span> <span class='ocrx_word' id='word_1_308' title='bbox 280 4047 295 4084; x_wconf 91' lang='lat' dir='ltr'>a</span> <span class='ocrx_word' id='word_1_309' title='bbox 311 4027 501 4096; x_wconf 86' lang='lat' dir='ltr'>saecularibus,</span> <span class='ocrx_word' id='word_1_310' title='bbox 517 4038 564 4086; x_wconf 91' lang='lat' dir='ltr'>aut</span> <span class='ocrx_word' id='word_1_311' title='bbox 576 4029 752 4106; x_wconf 89' lang='lat' dir='ltr'>regularibus</span> <span class='ocrx_word' id='word_1_312' title='bbox 767 4028 994 4099; x_wconf 88' lang='lat' dir='ltr'>quibuscumque</span> <span class='ocrx_word' id='word_1_313' title='bbox 1015 4022 1134 4098; x_wconf 86' lang='lat' dir='ltr'>peragi”</span> <span class='ocrx_word' id='word_1_314' title='bbox 1148 4066 1240 4083; x_wconf 89' lang='grc'><strong>.....</strong></span> <span class='ocrx_word' id='word_1_315' title='bbox 1255 4034 1284 4084; x_wconf 92' lang='lat' dir='ltr'>et</span> 
     </span>
     <span class='ocr_line' id='line_1_37' title="bbox 181 4121 1283 4205; baseline -0.002 -21"><span class='ocrx_word' id='word_1_316' title='bbox 181 4136 248 4184; x_wconf 85' lang='lat' dir='ltr'>“ut</span> <span class='ocrx_word' id='word_1_317' title='bbox 269 4145 329 4185; x_wconf 89' lang='lat' dir='ltr'>non</span> <span class='ocrx_word' id='word_1_318' title='bbox 349 4126 441 4184; x_wconf 88' lang='lat' dir='ltr'>solum</span> <span class='ocrx_word' id='word_1_319' title='bbox 468 4145 500 4184; x_wconf 88' lang='lat' dir='ltr'>ea</span> <span class='ocrx_word' id='word_1_320' title='bbox 520 4129 593 4205; x_wconf 87' lang='lat' dir='ltr'>ipsa,</span> <span class='ocrx_word' id='word_1_321' title='bbox 615 4127 667 4186; x_wconf 92' lang='lat' dir='ltr'>sed</span> <span class='ocrx_word' id='word_1_322' title='bbox 692 4143 879 4200; x_wconf 79' lang='lat' dir='ltr'>quaecumque</span> <span class='ocrx_word' id='word_1_323' title='bbox 900 4123 956 4180; x_wconf 85' lang='lat' dir='ltr'>alia</span> <span class='ocrx_word' id='word_1_324' title='bbox 976 4121 1033 4179; x_wconf 92' lang='lat' dir='ltr'>huc</span> <span class='ocrx_word' id='word_1_325' title='bbox 1057 4125 1198 4197; x_wconf 87' lang='lat' dir='ltr'>pertinere</span> <span class='ocrx_word' id='word_1_326' title='bbox 1221 4127 1283 4184; x_wconf 86' lang='lat' dir='ltr'>visa</span> 
     </span>
     <span class='ocr_line' id='line_1_38' title="bbox 177 4206 1285 4301; baseline -0.003 -16"><span class='ocrx_word' id='word_1_327' title='bbox 177 4226 299 4293; x_wconf 90' lang='lat' dir='ltr'>fuerint,</span> <span class='ocrx_word' id='word_1_328' title='bbox 318 4226 374 4301; x_wconf 90' lang='lat' dir='ltr'>ipsi</span> <span class='ocrx_word' id='word_1_329' title='bbox 388 4243 440 4301; x_wconf 88' lang='lat' dir='ltr'>pro</span> <span class='ocrx_word' id='word_1_330' title='bbox 454 4225 517 4284; x_wconf 77' lang='lat' dir='ltr'>data</span> <span class='ocrx_word' id='word_1_331' title='bbox 530 4228 585 4286; x_wconf 90' lang='lat' dir='ltr'>sibi</span> <span class='ocrx_word' id='word_1_332' title='bbox 599 4206 615 4285; x_wconf 82' lang='lat' dir='ltr'>a</span> <span class='ocrx_word' id='word_1_333' title='bbox 628 4234 806 4286; x_wconf 85' lang='lat' dir='ltr'>sacrosancta</span> <span class='ocrx_word' id='word_1_334' title='bbox 819 4221 929 4300; x_wconf 90' lang='lat' dir='ltr'>synodo</span> <span class='ocrx_word' id='word_1_335' title='bbox 944 4229 1092 4299; x_wconf 85' lang='lat' dir='ltr'>potestate,</span> <span class='ocrx_word' id='word_1_336' title='bbox 1107 4243 1139 4283; x_wconf 89' lang='lat' dir='ltr'>ac</span> <span class='ocrx_word' id='word_1_337' title='bbox 1153 4225 1238 4284; x_wconf 88' lang='lat' dir='ltr'>etiam</span> <span class='ocrx_word' id='word_1_338' title='bbox 1252 4234 1285 4285; x_wconf 91' lang='lat' dir='ltr'>ut</span> 
     </span>
    </p>
   </div>
   <div class='ocr_carea' id='block_1_3' title="bbox 275 4411 949 4560">
    <p class='ocr_par' dir='ltr' id='par_1_4' title="bbox 275 4411 949 4560">
     <span class='ocr_line' id='line_1_39' title="bbox 527 4411 949 4480; baseline -0.005 -17"><span class='ocrx_word' id='word_1_339' title='bbox 527 4417 567 4480; x_wconf 89' lang='grc'>(1)</span> <span class='ocrx_word' id='word_1_340' title='bbox 582 4413 612 4462; x_wconf 87' lang='lat' dir='ltr'>L.</span> <span class='ocrx_word' id='word_1_341' title='bbox 625 4416 640 4464; x_wconf 88' lang='lat' dir='ltr'>i.</span> <span class='ocrx_word' id='word_1_342' title='bbox 651 4430 706 4480; x_wconf 86' lang='lat' dir='ltr'>app.</span> <span class='ocrx_word' id='word_1_343' title='bbox 717 4413 743 4462; x_wconf 89' lang='lat' dir='ltr'>ii.</span> <span class='ocrx_word' id='word_1_344' title='bbox 757 4413 787 4462; x_wconf 87' lang='lat' dir='ltr'>de</span> <span class='ocrx_word' id='word_1_345' title='bbox 797 4411 861 4463; x_wconf 87' lang='lat' dir='ltr'>Priv.</span> <span class='ocrx_word' id='word_1_346' title='bbox 873 4412 949 4462; x_wconf 75' lang='lat' dir='ltr'>lxxix.</span> 
     </span>
     <span class='ocr_line' id='line_1_40' title="bbox 275 4494 484 4560; baseline 0.005 -6"><span class='ocrx_word' id='word_1_347' title='bbox 275 4494 359 4556; x_wconf 80' lang='lat' dir='ltr'>Vos.</span> <span class='ocrx_word' id='word_1_348' title='bbox 377 4495 484 4560; x_wconf 79' lang='lat' dir='ltr'>I.-2l</span> 
     </span>
    </p>
   </div>
   <div class='ocr_carea' id='block_1_4' title="bbox 0 0 1555 5258">
    <p class='ocr_par' dir='ltr' id='par_1_5' title="bbox 0 0 1555 5258">
     <span class='ocr_line' id='line_1_41' title="bbox 0 0 1555 5258; baseline 0 0"><span class='ocrx_word' id='word_1_349' title='bbox 0 0 1555 5258; x_wconf 95' lang='lat' dir='ltr'> </span> 
     </span>
    </p>
   </div>
  </div>
 </body>
</html>
