3078 5258
548 472 605 532 DE
627 472 982 536 DISPENSATIONE.
1254 487 1309 542 183

212 649 272 696 tate
287 638 419 716 injectum
432 655 492 695 non
504 637 598 696 luerit.
640 638 733 697 Nobis
756 649 821 715 post
843 640 1019 710 Suaresium,
1037 641 1069 698 S.
1084 643 1267 721 Alphonsum
1280 657 1309 704 et

212 737 402 796 Benedictum
416 730 516 794 XIV.¹
530 737 668 794 contraria
681 737 782 794 arridet
800 741 958 808 sententia3
980 743 1109 815 quamvis
1122 745 1200 801 enim
1221 743 1249 801 id
1269 744 1304 802 de

213 839 340 894 censuris
354 853 413 892 non
426 837 577 892 reservatis
591 845 700 894 constet
712 854 749 893 ex
758 836 870 895 laudato
883 849 973 907 textu,
987 851 1017 898 et
1028 843 1173 900 communi
1189 859 1307 900 consue·

213 934 321 1000 tudine,
333 953 392 991 non
405 935 444 992 ita
456 935 546 1005 liquet
559 933 593 991 de
606 933 716 1010 legibus
726 937 835 994 caeteris
845 937 1055 1006 ecclesiasticis,
1066 958 1129 1011 que
1144 958 1308 1018 asuprema

212 1033 353 1090 Ecclesiae
368 1033 532 1090 auctoritate
546 1032 691 1109 profecta,
705 1033 869 1094 inferiorum
883 1037 1036 1112 presulum
1050 1047 1217 1114 potestatem
1231 1038 1305 1118 (sive

214 1131 308 1188 aDeo
321 1141 406 1199 recta,
422 1133 482 1188 sive
497 1150 548 1207 per
562 1132 742 1199 Pontificem,
753 1133 915 1209 jurisdictio
932 1135 962 1191 in
972 1153 1022 1193 eos
1036 1135 1199 1215 derivatum)
1213 1137 1305 1196 limite

214 1229 337 1302 quodam
352 1237 493 1287 coercent.
517 1228 595 1286 Hinc
608 1249 643 1286 ne
657 1229 773 1301 quidem
787 1231 1018 1309 archiepiscopus
1031 1243 1125 1310 potest
1137 1233 1302 1311 dispensare

212 1338 244 1386 ut
257 1329 353 1404 plures
362 1329 433 1385 sacri
447 1316 561 1385 ordines
574 1327 668 1386 eidem
681 1327 783 1386 eodem
796 1328 841 1387 die
855 1330 1034 1390 conserantur
1048 1340 1067 1368 ‘⁶
1079 1350 1144 1389 cum
1154 1332 1196 1391 illi
1208 1333 1307 1411 hujus·

213 1426 295 1484 modi
307 1426 480 1502 dispensatio
493 1445 510 1481 a
522 1445 630 1486 canone
643 1427 761 1484 minime
774 1427 812 1482 sit
824 1425 1012 1502 permissa.”5¹

256 1529 304 1583 51.
327 1525 359 1581 Si
382 1525 498 1583 dubium
521 1527 557 1582 sit
578 1535 673 1583 utrum
699 1542 782 1582 casus
804 1524 929 1602 indigeat
953 1526 1177 1604 dispensatione,
1204 1533 1306 1609 poterit

215 1625 369 1699 episcopus
383 1623 556 1698 dispensare,
571 1623 617 1680 vel
630 1623 772 1680 declarare
784 1623 879 1701 legem
892 1644 950 1683 nou
963 1629 1087 1696 obstare,
1109 1637 1129 1664 “
1137 1647 1202 1687 cum
1213 1630 1243 1687 in
1257 1629 1304 1689 tali

214 1721 304 1780 dubio
312 1723 383 1778 bene
396 1723 486 1798 possit
498 1724 583 1780 etiam
596 1721 727 1799 prelatus
741 1721 857 1780 inferior
869 1723 1034 1800 dispensare
1045 1728 1107 1785 sine
1118 1729 1304 1786 concessione

212 1813 431 1898 legislatoris-’⁹³
471 1820 534 1879 lmo
559 1823 649 1879 “sive
673 1820 791 1878 dubium
814 1822 853 1877 sit
872 1824 1038 1898 positivum,
1052 1827 1113 1884 sive
1129 1825 1303 1900 negativum,

213 1930 308 1996 potest
320 1919 448 1977 subditus
461 1921 502 1977 uti
516 1939 568 1977 sua
579 1917 740 1979 libertate.”
783 1919 827 1978 Ita
840 1919 873 1976 S.
887 1920 1066 1998 Alphonsus.

256 2023 305 2075 52.
327 2017 440 2076 “Circa
454 2027 623 2095 potestatem
642 2027 735 2076 autem
757 2017 914 2094 delegatam
928 2019 1123 2097 dispensandi,
1137 2021 1302 2090 notandum,

214 2117 292 2190 quod
306 2118 426 2189 quisque
439 2118 548 2175 habens
557 2126 725 2194 potestatem
738 2116 918 2188 ordinariam,
929 2129 1024 2194 potest
1037 2140 1099 2180 eam
1113 2119 1260 2198 delegare:
1275 2131 1303 2178 et

213 2226 279 2274 tunc
293 2217 318 2274 si
332 2215 471 2292 delegatio
485 2225 529 2274 est
541 2235 592 2293 per
605 2215 723 2274 modum
735 2216 945 2292 commissionis
954 2237 1006 2294 pro
1019 2230 1183 2287 certocasu,
1193 2221 1304 2296 expirat

211 2326 299 2373 morte
319 2315 514 2382 concedentis
535 2317 561 2373 si
586 2334 631 2373 res
652 2315 689 2372 sit
714 2313 806 2376 adhuc
825 2315 950 2392 integra;
977 2319 1002 2376 si
1029 2337 1096 2377 vero
1115 2337 1167 2394 per
1186 2318 1302 2376 modum

211 2415 315 2490 gratiae,
329 2425 397 2472 tuno
411 2434 470 2472 non
483 2415 612 2490 expirat;
633 2431 670 2472 ea⁶
683 2411 781 2490 regul.
796 2417 833 2472 16
843 2415 941 2494 jurii.
956 2415 990 2475 io
1005 2421 1033 2476 6.
1056 2461 1063 2476 .
1086 2459 1093 2474 .
1117 2460 1124 2475 .
1147 2417 1303 2495 Delegatus

210 2522 304 2571 autem
317 2515 417 2586 nequit
429 2513 614 2588 subdelegare
628 2513 683 2570 nisi
697 2513 734 2570 sit
755 2511 899 2588 delegatus
919 2535 935 2570 a
954 2517 1094 2592 principe,
1109 2518 1169 2574 sive
1183 2535 1200 2572 a
1213 2516 1302 2592 Papa,

209 2622 242 2669 ut
254 2629 291 2669 err
306 2630 371 2688 cap.
386 2612 448 2690 fin.
463 2613 478 2686 §
491 2613 514 2670 i.
529 2611 564 2670 de
577 2611 671 2689 (afficio
685 2616 786 2688 etpot.
801 2611 897 2690 deleg.
912 2613 958 2670 vel
977 2615 1033 2672 nisi
1055 2616 1093 2672 sit
1115 2614 1149 2671 ab
1166 2614 1301 2670 inferiore

210 2709 357 2768 ordinario
382 2709 524 2784 delegatus
549 2709 583 2768 ad
609 2711 822 2768 universitatem
847 2728 1006 2777 causarum,
1033 2728 1070 2766 ex
1083 2711 1160 2786 Leg.
1185 2709 1207 2766 i.
1229 2711 1244 2782 §
1264 2727 1305 2765 an

212 2807 251 2865 od
276 2825 308 2864 eo
322 2807 366 2884 ff.
381 2807 461 2884 quia,
485 2813 542 2866 ete
566 2827 634 2886 quo.
677 2809 735 2865 Aut
757 2808 812 2865 nisi
833 2825 969 2866 concessa
981 2808 1018 2864 sit
1038 2806 1155 2865 facultas
1178 2805 1305 2864 subdele-

212 2899 349 2982 galadim
1088 2957 1091 2962 1

252 3009 300 3062 53.
323 3004 454 3062 Facultas
467 3005 596 3082 delegata
615 3005 799 3082 dispensandi
818 3005 904 3064 latam
926 3007 1034 3083 excipit
1046 3007 1265 3084 explicationem
1279 3008 1304 3064 si

211 3103 323 3182 gratiae
336 3105 424 3162 instar
436 3105 523 3162 suerit
533 3122 670 3163 concessa
692 3103 727 3161 ad
749 3103 886 3180 plurimos
910 3124 1011 3173 casus3
1033 3125 1115 3165 secus
1129 3108 1154 3164 si
1168 3105 1305 3165 commis·

212 3202 308 3260 aionis
323 3201 358 3260 ad
371 3204 526 3277 specialem
539 3221 638 3260 casum
651 3203 771 3260 formam
784 3203 956 3278 praeseferat.
999 3204 1095 3280 “Ipsa
1108 3222 1175 3262 vero
1189 3205 1304 3279 dispen-

212 3303 283 3358 satio
297 3319 363 3357 cum
377 3301 414 3356 sit
425 3301 534 3369 odiosa,
547 3319 661 3376 semper
672 3301 766 3358 stricte
780 3300 919 3360 sumenda
938 3311 990 3369 est,
1005 3302 1060 3359 nisi
1083 3302 1255 3377 dispensatio
1269 3303 1306 3357 sit

197 3399 316 3466 *debita
331 3399 377 3456 vel
396 3399 433 3456 sit
446 3418 483 3470 ex
496 3408 575 3458 motu
588 3400 704 3476 proprio
717 3400 864 3475 principis,
887 3400 933 3458 vel
957 3401 994 3456 sit
1013 3402 1118 3458 inserta
1137 3400 1167 3455 in
1187 3417 1305 3473 corpore

209 3499 295 3574 juris,
309 3498 354 3554 vel
367 3497 551 3556 tandem-nisi
565 3497 734 3555 coucedatur
747 3498 952 3564 communitati,
976 3499 1022 3554 vel
1045 3497 1080 3554 ad
1100 3498 1207 3554 bonum
1230 3513 1305 3552 com·

212 3589 327 3654 mune.⁵
368 3596 486 3656 Habeas
508 3605 676 3672 potestatem
702 3596 863 3672 generalem
889 3593 1074 3672 dispensandi
1100 3603 1194 3670 potest
1219 3594 1305 3651 etiam

210 3712 312 3752 secum
325 3694 489 3770 dispensare
503 3694 607 3752 directe
621 3705 650 3752 et
662 3692 797 3752 immedia
826 3693 844 3720 ’⁹
860 3695 898 3752 ait
910 3695 1114 3764 Busembaum,
1137 3701 1156 3729 ⁶⁶
1165 3695 1232 3766 quia
1247 3691 1306 3773 (ad-

211 3793 308 3869 jungit
333 3794 365 3852 S.
393 3791 584 3871 alphonsus)
606 3803 650 3850 est
674 3793 836 3870 jurisdictio
859 3813 928 3870 pure
949 3795 1115 3860 voluntaria,
1137 3811 1199 3865 quas
1220 3794 1305 3849 etiam

215 3909 281 3968 erga
294 3892 423 3968 seipsum
437 3893 564 3950 exerceri
577 3901 678 3968 potest.
722 3891 800 3952 Hinc
822 3894 893 3952 bene
912 3894 968 3954 sibi
982 3894 1148 3969 dispensare
1163 3897 1255 3964 potest
1274 3889 1304 3944 in

286 4122 327 4187 (l)
348 4122 386 4171 Dc
398 4122 461 4186 Syn.
473 4125 488 4172 Ι.
501 4124 570 4174 viic.
580 4128 622 4176 30.
802 4125 844 4189 (2)
863 4123 924 4186 Cap.
936 4121 1048 4181 dilectus,
1056 4122 1086 4172 de
1098 4129 1171 4186 temp.
1184 4119 1226 4171 ord

283 4205 326 4276 (3)
346 4205 373 4255 S.
387 4207 505 4275 Alphons.
518 4209 533 4258 l.
546 4209 562 4259 i.
573 4225 600 4259 n.
612 4209 669 4260 192.
805 4209 847 4273 (4)
868 4207 968 4268 Ibidem,
982 4222 1006 4259 o·
1021 4207 1076 4256 19³.

628 4293 669 4360 (5)
689 4291 791 4352 Ibidem,
803 4307 828 4342 n.
843 4291 889 4342 195
