3046 5262
270 497 329 552 olo
516 489 572 550 DE
594 487 803 550 rucen'rls
824 487 1113 548 CAPITALIBUS.

311 663 360 718 68.
381 655 495 716 Acediae
508 657 549 714 rei
566 666 632 714 sunt
652 657 824 729 quicumque
844 673 995 714 munerum
1015 673 1132 714 suorum
1147 675 1210 730 quae
1231 655 1358 714 divinum

270 765 398 834 spectant
409 755 516 814 cultum
529 756 652 832 pertaesi,
672 774 706 812 ea
718 754 794 813 haud
808 755 981 829 persolvunt,
1003 755 1049 812 rel
1062 774 1137 832 egro
1156 755 1238 812 valde
1252 756 1356 813 animo.

270 856 320 914 Sic
332 853 492 912 sacerdotes
505 853 609 927 aliique
623 853 719 912 divino
738 853 826 911 cultui
839 851 933 920 dicati,
956 852 1036 911 valde
1056 854 1246 929 periclitantur
1257 853 1357 916 salute,

270 953 364 1012 diviua
373 971 437 1025 quas
450 954 528 1010 obire
541 952 645 1011 dehent
654 970 772 1010 munera
783 951 877 1008 auimo
888 952 960 1011 tristi
972 961 1157 1024 exequentes.
1199 951 1358 1008 Sanctimo-

270 1051 359 1112 nieles
374 1069 436 1122 qure
450 1070 524 1128 tegre
538 1051 640 1110 adsunt
652 1051 682 1108 in
695 1050 793 1118 choro,
815 1058 843 1108 et
859 1050 921 1108 aliis
942 1050 1056 1127 pietatis
1075 1049 1218 1108 exercitiis
1238 1047 1314 1106 hund
1326 1047 1358 1104 li·

269 1151 368 1208 benter
381 1159 491 1218 vacant,
505 1150 588 1208 etiarn
606 1149 806 1225 periclitantur.

310 1251 359 1306 69.
381 1237 685 1322 Remedia'praecipua
705 1247 808 1304 acediae
829 1255 896 1304 sunt
916 1245 1060 1305 meditatio
1083 1245 1259 1318 quotidiana,
1273 1246 1358 1302 oratio

271 1347 415 1420 frequens,
438 1355 677 1403 sacramentorum
699 1363 780 1413 usus,
804 1353 834 1402 et
854 1354 1017 1426 sauctorum
1039 1345 1175 1427 imitatio:
1199 1345 1282 1401 “Tu
1304 1362 1359 1400 non

274 1447 380 1522 poteris
394 1443 471 1517 quod
491 1445 539 1503 isti
560 1454 588 1502 et
606 1440 724 1502 istael’'¹
753 1462 784 1500 se
805 1443 1019 1518 reprehendens
1041 1443 1153 1502 dicebat
1171 1443 1358 1527 Augustinus.

273 1543 365 1602 Breve
379 1552 422 1600 est
434 1543 497 1601 ritae
517 1542 698 1609 curriculum,
719 1549 889 1618 quapropter
910 1540 1103 1600 indesinenter
1123 1550 1235 1616 oportet
1249 1540 1286 1597 ad
1306 1558 1360 1597 me·

272 1651 329 1698 tam
343 1641 467 1698 tendere.
510 1641 621 1698 “Deus
634 1640 823 1715 impossibilia
835 1658 893 1698 non
909 1641 1001 1716 jubet,
1015 1639 1067 1698 sed
1082 1638 1210 1715 jubendo
1223 1647 1389 1696 monetet
1504 1645 1505 1676 l

163 1769 171 1784 ·
272 1738 364 1796 lacere
378 1738 455 1812 quod
468 1740 571 1816 possis,
582 1748 611 1796 ct
623 1747 718 1815 petere
732 1737 809 1811 quod
818 1757 877 1798 uon
889 1740 997 1816 poscis,
1011 1749 1040 1797 et
1052 1736 1165 1814 adjuvat
1177 1747 1209 1795 ut
1217 1729 1360 1812 possis.”²

688 1969 770 2042 §VL
792 1967 839 2026 Dr
855 1986 943 2026 cons.

312 2151 362 2206 70.
385 2145 462 2205 Gula
474 2155 517 2204 ert
529 2146 702 2204 inordinatus
715 2147 856 2223 appetitus
869 2145 926 2203 cibi
938 2153 967 2202 et
978 2155 1072 2223 potus.
1115 2143 1178 2202 “Si
1191 2143 1359 2202 inordinatio

273 2247 511 2320 concupiscentie
525 2245 679 2321 accipiatur
688 2245 717 2301 in
728 2246 794 2320 gula
803 2243 960 2303 secundum
970 2243 1236 2302 aversionemafine
1251 2242 1359 2307 ultimo.

273 2343 316 2399 sic
336 2344 402 2418 gula
423 2344 476 2400 erit
496 2354 643 2419 peccatum
663 2344 790 2401 mortale.
833 2342 919 2408 Quod
941 2343 1056 2414 quidem
1077 2342 1225 2416 contingit,
1249 2339 1361 2412 quando

273 2431 451 2496 delectationi
464 2439 537 2515 gulae
551 2440 670 2498 inhaeret
681 2439 779 2507 homo,
799 2447 942 2514 tamquam
962 2441 1022 2508 lini,
1037 2450 1152 2517 propter
1165 2458 1252 2512 quem
1268 2439 1361 2497 Deum

273 2537 437 2604 contemnit,
451 2547 563 2614 paratus
577 2538 684 2596 scilicet
692 2547 788 2596 contra
801 2549 944 2618 precepta
951 2539 1009 2597 Dei
1018 2547 1151 2616 agerent
1163 2537 1361 2596 delectationes

273 2636 440 2714 hujusmodi
454 2647 630 2710 assequatur.
672 2637 705 2693 Si
718 2637 784 2695 vcro
798 2638 828 2695 in
842 2637 909 2694 vitio
923 2638 995 2713 gulor
1009 2638 1181 2713 intelligatur
1193 2635 1361 2694 inordinatio

273 2736 511 2811 concupiscentia
524 2745 631 2794 tanonn
644 2735 800 2794 secundum
811 2746 847 2794 'ea
860 2753 922 2807 quae
936 2743 1002 2792 sunt
1020 2734 1055 2792 ad
1075 2735 1173 2801 finem,
1186 2742 1285 2808 utpote
1299 2734 1362 2806 quia

273 2833 360 2892 nimis
373 2836 551 2910 concupiscit
562 2833 763 2892 delectationes
776 2835 915 2900 ciborum,
929 2851 987 2890 uon
1000 2842 1094 2892 tamen
1104 2835 1151 2900 ita,
1163 2832 1362 2908 quodpropter

274 2930 330 2987 hoc
343 2930 448 2986 faceret
466 2930 572 3002 aliquid
584 2941 681 2988 contra
698 2931 792 3006 legem
813 2931 879 2999 Dei,
894 2939 937 2988 est
956 2941 1103 3006 peccatum
1118 2924 1278 2989 veniale.”³
1319 2929 1361 2987 Ob

274 3026 364 3083 solam
377 3025 549 3100 voluptatem
563 3044 653 3098 usque
667 3027 703 3084 ad
722 3030 879 3087 satietatem
892 3029 1042 3088 comedere
1057 3032 1102 3088 vel
1115 3031 1210 3088 bibere
1224 3038 1268 3086 est
1281 3030 1362 3104 eulpn

274 3121 402 3189 venialis,
426 3141 514 3194 quum
534 3123 632 3192 homo,
647 3133 752 3201 ‚utpote
771 3128 879 3186 ratione
899 3137 1045 3203 praestans,
1066 3128 1166 3186 debeat
1187 3127 1316 3186 altiorem
1335 3135 1362 3184 et

273 3222 465 3280 honestiorem
478 3224 532 3281 sibi
544 3224 718 3299 prostituere
738 3224 835 3284 finem.
877 3226 983 3284 Merito
1004 3228 1088 3304 igitur
1100 3226 1232 3284 damnata
1244 3235 1289 3283 est
1300 3243 1361 3302 pro·

275 3321 341 3380 sitio
354 3339 497 3394 sequeus:
520 3322 709 3382 “Comedere
723 3332 751 3380 et
768 3325 863 3384 bibere
881 3342 972 3397 usque
995 3325 1030 3382 ad
1053 3326 1209 3383 satietatem
1224 3325 1261 3384 ob
1274 3325 1360 3382 solem

274 3420 456 3498 voluptatem,
471 3440 529 3480 non
542 3431 587 3479 est
599 3433 756 3499 peccatum,
771 3423 857 3481 modo
871 3442 929 3482 non
943 3425 1018 3482 obsit
1029 3423 1194 3493 valetudini,
1209 3425 1277 3497 quia
1289 3423 1361 3482 licite

274 3529 368 3597 potest
380 3521 522 3598 appetitur
535 3523 668 3580 naturalis
683 3523 742 3580 suis
756 3522 862 3579 actibus
877 3517 980 3580 srui.'’⁴

313 3623 364 3678 71.
386 3619 522 3695 Explicat
542 3620 573 3676 S.
596 3620 752 3696 Gregorius
767 3621 892 3698 Magnus
907 3639 964 3694 quo
978 3629 1061 3696 pacto
1074 3621 1138 3693 quis
1147 3620 1226 3697 ⁸gulae
1240 3621 1309 3678 vitio
1321 3619 1364 3676 in·

275 3718 415 3791 quinetur.
438 3717 601 3789 “Quinque
614 3717 707 3776 modis
718 3737 770 3776 nos
781 3720 852 3795 gule
864 3720 964 3778 vitium
974 3728 1069 3777 tentat.
1077 3735 1086 3756 ⁸
1111 3718 1274 3791 Aliquando
1287 3736 1361 3776 nam·

275 3835 331 3890 que
345 3815 506 3892 indigentie
520 3824 647 3892 tempora
667 3819 821 3891 praevenit3
843 3818 993 3892 aliquando
1005 3817 1138 3876 lautiores
1152 3818 1231 3874 cibos
1245 3816 1359 3889 quaeritr

275 3915 437 3989 aliquando,
452 3933 515 3988 quae
529 3914 666 3972 sumenda
678 3923 753 3981 runt,
764 3919 915 3992 praeparari
928 3916 1084 3974 accuratius
1095 3915 1219 3991 appetite
1241 3915 1361 3986 aliquan·

275 4013 313 4072 do
322 4016 352 4073 in
359 4016 422 4092 ipsa
428 4015 578 4090 quantitate
588 4011 719 4072 sumendi
727 4033 889 4074 mensuram
898 4015 1059 4074 resectionis
1068 4013 1198 4080 exceditr
1214 4011 1361 4085 aliquando

311 4216 352 4280 (l)
367 4215 432 4276 Aug.
444 4213 654 4268 bellicensem.
668 4233 689 4267 c.
699 4217 732 4266 xi.
769 4217 811 4283 (2)
822 4215 899 4267 Cone.
909 4216 1048 4269 'l'ridSess
1057 4215 1088 4266 ri.
1097 4215 1157 4266 Dec.
1165 4215 1195 4264 de
1203 4214 1307 4280 justitc.
1318 4213 1351 4262 xi.

310 4299 354 4363 (3)
373 4298 405 4346 D.
417 4297 528 4349 Thomas
537 4304 559 4351 2.
572 4305 596 4350 2.
607 4317 648 4365 qu.
661 4302 741 4352 cxlvii.
753 4310 796 4352 art.
808 4302 833 4352 ii.
868 4293 942 4368 Βίῳ.

310 4385 350 4450 (l)
369 4382 442 4448 Prop.
454 4383 504 4432 viii.
516 4383 667 4435 intendamu.
679 4387 709 4436 ab
720 4387 804 4438 lunoo.
822 4387 867 4438 Xl.
