3076 5260
465 468 521 528 DE
543 469 692 528 PRAVIS
713 468 963 530 DESIDERIIS.
1199 475 1258 529 329

167 637 246 694 enim
260 636 404 693 eharitatis
425 645 548 694 vetatue
567 637 678 694 luorum
698 646 826 714 nostrum
845 639 909 696 vitae
929 637 1028 694 aliene
1048 653 1258 712 praeponamus.

168 736 276 794 Merito
290 736 375 811 igitur
387 735 553 812 proscriptae
573 744 639 793 sunt
654 737 689 793 ab
708 735 877 796 Innocentio
896 737 951 795 XI.
966 743 1118 809 sequentes
1131 737 1260 812 proposi·

169 835 279 892 tiones:
304 834 367 890 “Si
389 853 455 892 oum
474 834 567 892 debita
586 833 778 892 moderatione
800 835 898 903 fanias,
922 845 1004 913 potes
1024 835 1131 907 absque
1144 844 1261 911 peceato

170 933 281 992 mortali
295 933 330 990 de
343 934 401 991 vita
414 933 534 1010 alicujus
548 933 663 1001 tristari,
675 941 703 990 et
722 932 757 990 de
777 935 853 992 illius
873 945 962 994 morte
987 934 1106 992 naturali
1119 933 1261 1010 gaudere3

171 1033 249 1091 illam
262 1031 404 1091 inefficaci
418 1032 520 1091 affectu
534 1041 630 1110 petere
649 1042 678 1089 et
699 1031 879 1101 desiderare;
900 1052 958 1092 non
977 1032 1093 1106 quidem
1115 1051 1152 1090 ex
1166 1031 1264 1109 displi-

171 1133 264 1189 centia
276 1149 417 1207 personae,
433 1130 484 1190 sed
498 1134 534 1190 ob
548 1131 661 1203 aliquod
683 1132 839 1207 temporale
859 1121 1117 1191 emolumentum.”
1161 1131 1264 1190 “Lisi-

173 1240 232 1288 tum
254 1241 298 1287 est
318 1233 447 1289 absoluto
470 1229 612 1290 desiderio
635 1248 739 1306 cupere
760 1244 881 1290 mortem
898 1232 995 1308 patris,
1018 1250 1076 1289 non
1099 1229 1214 1303 quidem
1234 1241 1265 1288 ut

173 1329 281 1388 malum
294 1331 391 1407 patris,
406 1329 456 1388 sed
469 1332 618 1388 utbonum
641 1329 792 1404 cupientis,
813 1331 880 1404 quia
902 1331 1037 1389 nimirum
1060 1330 1087 1387 ei
1110 1331 1266 1388 obventura

175 1436 220 1486 est
231 1429 344 1506 pinguis
364 1421 564 1488 haereditas.”¹
606 1429 705 1486 “Non
726 1427 901 1487 damnandus
921 1427 1048 1496 tamen,”
1070 1427 1268 1486 animadvertit

175 1529 208 1584 S.
223 1527 399 1603 Alphonsus,
415 1537 434 1564 ‘⁶
446 1529 495 1601 qui
508 1526 612 1605 gaudet
625 1526 660 1585 de
680 1525 784 1586 effectu
803 1535 911 1596 secuto,
932 1529 1041 1586 seilicet
1053 1525 1088 1584 de
1102 1527 1265 1585 haereditate

175 1629 289 1684 obtenta
302 1646 339 1684 ex
352 1637 442 1684 morte
455 1628 579 1694 alterius,
591 1627 616 1683 si
629 1645 686 1685 non
701 1627 804 1702 gaudet
817 1627 852 1684 de
866 1646 960 1695 eausa,
975 1627 1030 1684 hoe
1039 1634 1091 1694 est,
1105 1625 1140 1684 de
1154 1637 1264 1685 morte:

175 1726 243 1783 lieet
256 1727 370 1784 materia
383 1727 420 1783 sit
433 1719 644 1802 periculosa.”²

219 1828 285 1882 121.
309 1825 461 1884 “Licitum
484 1834 642 1884 astantem
665 1823 788 1901 gaudere
807 1824 843 1881 de
865 1825 941 1882 malo
954 1824 1091 1900 proximi,
1114 1825 1150 1881 ob
1174 1826 1267 1902 majus

176 1925 282 1982 bonum
297 1924 437 1991 illius,vel
447 1925 616 1990 innocentis,
628 1943 732 2001 nempe
746 1923 770 1980 si
784 1921 909 1982 delector
918 1923 953 1981 de
961 1924 1086 1999 proximi
1094 1922 1267 1993 infirmitate,

176 2024 309 2081 etetiam
330 2024 365 2082 de
386 2033 487 2092 morte,
510 2025 603 2082 uteie
626 2022 742 2081 desistat
764 2042 780 2078 a
802 2024 937 2098 peooatis,
959 2043 975 2080 a
997 2021 1148 2089 scandalis,
1171 2018 1268 2082 &om

178 2132 197 2158 ‘⁴
210 2122 309 2180 Potest
321 2123 436 2196 aliquis,
450 2123 528 2181 salva
540 2122 685 2190 charitate,
706 2134 803 2198 optare
823 2122 931 2180 malum
952 2121 1111 2197 temporale
1128 2120 1225 2190 alicui,
1239 2132 1268 2180 et

177 2221 309 2298 gaudere,
323 2223 346 2278 si
361 2224 509 2300 contingit,
523 2242 581 2280 non
595 2223 625 2279 in
638 2231 773 2294 quantum
786 2231 831 2278 est
842 2223 950 2280 malum
963 2221 1050 2288 illius,
1064 2220 1160 2279 sedin
1180 2241 1267 2296 quan-

179 2331 237 2378 tum
251 2331 296 2378 est
308 2321 544 2398 impedimentum
559 2321 698 2379 malorum
708 2320 832 2390 alterius,
848 2339 934 2393 quem
943 2320 1007 2396 plus
1018 2328 1129 2378 tenetur
1141 2319 1268 2399 diligere,

179 2422 223 2478 vel
238 2419 472 2489 communitatis,
487 2421 534 2479 vel
554 2414 745 2480 Eeolssiae.’'⁴
783 2419 883 2493 Aliqui
903 2421 1064 2497 opinantur,
1085 2429 1114 2477 et
1127 2419 1271 2479 adhaerent

180 2519 428 2588 salmanticenses,
449 2539 478 2578 n.
493 2524 543 2588 44,
557 2532 586 2578 et
606 2520 773 2595 Ronoaglia,
797 2538 884 2596 posse
903 2530 1010 2596 patrem
1032 2527 1128 2595 optare
1148 2529 1269 2579 mortem

177 2619 239 2686 filii,
254 2620 280 2675 si
292 2620 372 2676 timet
384 2620 492 2695 exejus
506 2619 619 2695 flagitiis
633 2618 875 2677 dehonestandam
890 2619 1036 2676 familiam.

222 2722 290 2774 122.
311 2717 408 2789 Aliqui
421 2736 477 2800 non
498 2718 721 2797 improbabiliter
743 2717 884 2775 affirmant
904 2717 990 2774 lioere
1011 2716 1126 2773 sibilnet
1147 2725 1269 2774 mortem

179 2826 278 2892 optare
292 2815 327 2873 ad
347 2816 487 2876 vitandam
509 2819 595 2876 vitam
614 2817 700 2875 nimis
723 2816 823 2874 duram
843 2835 928 2874 oansa
949 2815 1131 2882 infirmitatis,
1154 2815 1269 2873 saevitiae

179 2917 244 2982 viri,
259 2915 446 2974 mendicitatis
460 2928 488 2975 et
500 2918 650 2983 similium,
665 2935 733 2974 nasu
746 2935 805 2990 qno
815 2917 873 2975 vita
885 2925 941 2974 tam
955 2916 1077 2976 molesta
1087 2914 1272 2976 estimaretur

182 3014 278 3072 durior
290 3016 354 3092 ipsa
366 3012 483 3075 morte.⁵

217 3183 243 3248 (l
279 3183 351 3247 Prop.
363 3183 415 3234 xiii
424 3193 449 3234 et
460 3185 508 3234 xiv.
521 3184 603 3234 damn.
613 3199 679 3232 anno
693 3184 767 3232 1679,

216 3271 242 3328 (2
276 3266 364 3319 Theoi.
376 3269 438 3319 Mor.
450 3271 466 3319 1.
476 3287 498 3320 r.
510 3287 531 3319 e.
544 3269 632 3319 iDub.
644 3268 668 3317 ii.
681 3275 724 3318 art.
736 3268 760 3318 ii.
773 3284 798 3318 u.
810 3266 850 3316 20.
920 3266 962 3332 (3)
983 3265 1084 3326 ibidem,
1096 3281 1121 3315 n.
1134 3268 1175 3314 21.

219 3352 261 3419 (4)
281 3353 372 3404 esent.
384 3355 448 3406 Dist.
460 3356 504 3415 30,
515 3371 556 3420 qu.
568 3354 583 3404 i.
595 3361 639 3405 art.
650 3355 666 3405 i.
679 3353 709 3404 ad
721 3353 753 3402 iv.

219 3443 259 3509 (5)
279 3442 306 3490 S.
319 3441 393 3506 Alpb.
405 3441 447 3493 ubi
458 3458 538 3507 supra.
549 3459 577 3494 n.
587 3441 627 3492 22.
