3068 5256
229 475 271 530 84
494 466 552 526 Du
572 465 774 526 SECUNDO
795 465 1047 526 PRAEOEPTO,
1123 508 1129 517 .

234 653 293 696 non
314 643 358 692 est
379 643 458 694 tanta
476 634 667 699 irreverentia,
687 639 802 706 propter
822 650 908 703 quam
929 630 997 687 velit
1018 632 1171 706 autporsit
1191 630 1324 692 damnare

233 727 430 797 hominem.”¹
469 732 517 791 Ad
530 742 605 790 reete
625 741 719 789 tamen
736 731 890 806 jurandum
903 728 1029 788 moralia
1043 729 1172 802 quaedam
1185 732 1324 792 certitudo

234 831 351 900 suffieit,
366 850 428 904 qua
442 832 550 890 scilicet
562 832 592 890 in
610 831 694 888 rebus
707 829 840 888 humanis
854 839 947 906 potest
964 829 1081 896 haberi;
1102 848 1155 886 nec
1174 833 1326 903 requiritur

234 929 371 992 certitudo
390 930 553 990 infallibilis.
596 927 857 1004 Amphibologiam,
878 947 929 986 seu
949 928 1154 986 restrictionem
1173 931 1325 988 mentalem

235 1028 378 1099 adhibere,
393 1049 455 1103 quae
469 1029 627 1088 nullatenus
647 1046 684 1085 ex
707 1026 844 1102 adjunctis
866 1036 959 1104 potest
977 1027 1097 1104 percipi,
1117 1046 1174 1084 non
1196 1029 1264 1087 licet
1278 1031 1325 1106 ju·

234 1125 323 1188 raudo
335 1149 342 1186 ε
363 1115 536 1205 quapropter¹
545 1126 689 1184 damnavit
697 1127 880 1184 innocentius
888 1126 942 1184 XI.
954 1126 1069 1183 alteram
1082 1128 1324 1203 propositionem:

238 1226 382 1299 “Siquis
403 1228 449 1285 vel
461 1227 549 1293 solus,
563 1225 609 1283 vel
628 1244 723 1283 coram
743 1224 816 1293 aliis,
837 1226 897 1282 sive
919 1225 1116 1300 interrogatus,
1137 1227 1197 1283 sive
1211 1227 1328 1302 propria

237 1335 349 1401 sponte,
364 1327 424 1385 sive
443 1324 624 1384 recreationis
645 1343 738 1391 causa,
753 1325 813 1382 sive
834 1341 1015 1396 quocumque
1034 1324 1089 1382 alio
1112 1324 1169 1382 fine
1185 1325 1271 1401 juret,
1293 1345 1325 1384 se

235 1442 294 1484 non
308 1424 411 1482 fecisse
429 1423 545 1496 aliquid,
567 1421 643 1496 quod
663 1441 760 1480 revera
781 1423 867 1490 secit;
888 1421 1072 1498 intelligendo
1085 1423 1157 1479 intra
1169 1441 1199 1479 se
1218 1425 1327 1496 aliquid

235 1522 322 1591 eliud,
338 1522 414 1596 quod
427 1542 484 1581 non
498 1523 583 1580 fecit:
605 1521 650 1578 vel
660 1520 743 1580 aliam
757 1522 832 1578 viam
846 1523 880 1578 ab
893 1541 927 1579 ea
940 1523 969 1580 in
984 1541 1040 1594 qua
1053 1520 1130 1589 fecit,
1144 1522 1192 1578 vel
1205 1522 1326 1594 quodvis

236 1620 312 1680 aliud
325 1621 449 1678 additum
459 1639 567 1687 verum,
581 1636 678 1676 revera
690 1638 748 1677 non
761 1620 903 1687 mentitur,
917 1638 970 1678 nec
984 1618 1215 1696 estperjurus.''²
1254 1621 1327 1679 Res·

235 1719 326 1778 trictio
340 1728 432 1777 autem
453 1718 512 1776 tare
531 1717 672 1784 mentalis,
687 1737 749 1790 quae
769 1737 806 1774 ex
826 1717 964 1795 adjunctis
984 1719 1051 1776 satis
1071 1719 1200 1795 dignosci
1219 1731 1323 1797 potest,

236 1816 396 1890 aliquando,
411 1819 489 1894 gravi
502 1819 634 1894 exigente
648 1836 742 1886 eausa,
758 1817 819 1874 sine
832 1817 916 1893 culpa
931 1816 1053 1893 jurando
1073 1817 1227 1876 adhibetur.
1272 1819 1323 1877 Sic

235 1919 302 1976 lieet
314 1917 452 1976 sacerdoti
467 1919 564 1996 jurare
578 1935 609 1974 se
622 1935 738 1992 prorsus
751 1916 860 1974 nescire
874 1915 950 1988 quod
969 1917 999 1974 in
1018 1915 1199 1975 confessione
1212 1917 1326 1985 didicit;

238 2035 304 2076 nam
318 2016 516 2092 intelligendus
531 2025 574 2072 est
585 2016 664 2085 loqui
677 2014 712 2072 de
726 2015 843 2071 scientia
856 2025 935 2072 extra
948 2025 1152 2072 sacramentum
1167 2017 1313 2088 acquisita.

274 2116 324 2168 49.
345 2113 380 2170 ln
395 2115 555 2188 juramento
569 2111 787 2187 promissionem
807 2113 934 2170 {irruente
951 2115 1052 2170 veritas
1067 2114 1191 2172 maxime
1204 2133 1241 2173 ex
1254 2135 1326 2190 prse-

236 2211 309 2270 senti
322 2210 409 2268 animi
422 2210 607 2287 dispositione
620 2210 740 2286 pendet:
762 2213 877 2269 sienim
897 2213 961 2284 quis
977 2212 1098 2288 jurando
1118 2213 1283 2288 polliceatur
1295 2231 1327 2270 se

236 2310 384 2375 facturum,
399 2310 476 2382 quod
488 2309 646 2366 nullatenus
667 2310 720 2367 sibi
739 2310 898 2368 faciendum
918 2311 1060 2388 proponit,
1079 2312 1228 2369 manifeste
1240 2313 1329 2371 violat

235 2408 380 2464 veritatem
393 2427 458 2465 oum
472 2426 575 2482 magna
588 2406 730 2465 Creatoris
745 2409 856 2484 injuria.
888 2408 933 2466 De
946 2410 987 2466 rei
1000 2428 1062 2481 quae
1076 2411 1247 2485 promittitur
1261 2429 1326 2469 exe·

237 2505 348 2563 cutione
367 2506 561 2582 juramentum
584 2506 669 2562 etiam
691 2508 785 2582 vigere
811 2506 1023 2584 intelligendum
1046 2518 1107 2575 est;
1131 2509 1200 2566 adeo
1223 2511 1327 2582 utqui

236 2621 299 2661 eam
313 2615 412 2679 postea
424 2605 551 2681 negligit,
565 2606 660 2680 gravis
674 2607 763 2682 culpae
778 2606 935 2682 arguendus
948 2607 994 2674 sit,
1008 2607 1106 2663 saltem
1120 2608 1144 2663 si
1157 2607 1192 2664 de
1205 2627 1235 2665 re
1249 2609 1327 2684 gravi

237 2712 343 2779 agatur.
384 2705 486 2763 Plures
497 2715 590 2762 autem
605 2715 721 2762 censent
734 2705 763 2762 in
775 2723 805 2762 re
824 2705 880 2762 levi
894 2725 952 2764 non
971 2713 1077 2763 tantam
1095 2723 1157 2762 esse
1173 2706 1327 2781 juramenti

236 2803 314 2870 vim;
336 2813 436 2880 putant
448 2804 557 2862 scilicet
568 2788 729 2862 fidelitatem
748 2804 856 2870 violari,
877 2804 944 2861 dum
964 2803 1097 2879 obligatio
1112 2803 1174 2878 jam
1187 2814 1328 2863 contracta

236 2901 397 2975 negligitur,
419 2903 488 2972 quin
507 2903 587 2959 Deus
615 2902 756 2958 mendacii
776 2903 825 2959 fiat
844 2904 939 2969 testis;
960 2903 1061 2958 veritas
1081 2902 1157 2958 enim
1173 2904 1235 2978 jam
1250 2905 1327 2979 jura-

236 3005 341 3062 mento,
356 3015 393 3052 ex
402 2999 524 3073 jurantis
538 2999 692 3055 intentione
706 3001 824 3067 sincera,
838 3002 972 3058 constitit.
1010 3001 1059 3057 Sic
1071 3001 1143 3057 levis
1157 3001 1248 3076 culpae
1261 3019 1326 3058 reus

237 3092 355 3150 habetur
368 3095 417 3166 qui
430 3097 554 3152 muneris
569 3096 682 3167 aliquod
696 3097 831 3166 officium,
846 3099 891 3156 vel
903 3099 1021 3157 instituti
1036 3099 1146 3174 regulas
1166 3101 1284 3176 negligit
1298 3101 1327 3157 in

236 3191 320 3248 rebus
333 3191 496 3260 levioribus,
511 3195 641 3265 quamvis
657 3197 795 3271 juraverit
807 3215 838 3252 se
855 3199 951 3254 omnia
970 3217 1022 3256 sua
1041 3197 1145 3264 officia,
1158 3198 1327 3272 regulasque

237 3287 384 3364 diligenter
397 3300 570 3350 servaturum
583 3313 589 3350 :
611 3292 661 3350 sed
675 3293 704 3350 id
717 3295 881 3370 intelligitur
893 3296 993 3354 morali
1006 3295 1126 3368 quadam
1140 3297 1257 3354 ratione.

276 3392 324 3446 50.
345 3389 542 3450 Juramentum
562 3401 639 3450 metu
661 3400 803 3451 extortum
825 3393 932 3452 videtur
954 3395 983 3452 in
998 3395 1171 3453 conscientia
1190 3395 1325 3470 obligare,

236 3487 370 3561 quamdiu
385 3490 418 3546 ab
432 3489 621 3548 ecclesiastica
640 3492 800 3550 auctoritate
814 3511 872 3551 non
885 3493 969 3551 fuerit
980 3493 1151 3552 rescissum:
1172 3495 1328 3551 reverentia

234 3588 310 3646 enim
333 3587 421 3647 divini
435 3591 559 3648 nominis
579 3591 668 3666 exigit
686 3601 719 3648 ut
737 3593 888 3667 promissio
907 3593 1001 3652 omnis
1015 3592 1173 3668 impleatur,
1187 3610 1251 3663 quae
1264 3593 1327 3650 sine

237 3695 353 3757 peccato
373 3695 467 3760 potest
483 3688 604 3762 impleri.
647 3688 828 3756 “Cossum''
849 3691 941 3763 inquit
960 3692 992 3748 S.
1007 3691 1147 3758 Thomas,
1169 3699 1258 3748 “non
1278 3710 1325 3750 au-

234 3780 292 3839 fert
300 3783 461 3859 juramento
481 3785 666 3859 promissorio
679 3787 737 3843 vim
757 3788 909 3863 obligandi,
929 3799 1059 3866 respectu
1078 3791 1140 3866 ejus
1154 3789 1229 3862 quod
1249 3790 1326 3847 licite

236 3880 298 3940 fieri
311 3890 412 3957 potest.
454 3881 495 3940 Et
513 3883 577 3940 ideo
596 3883 621 3939 si
643 3883 744 3956 aliquis
766 3903 824 3944 non
846 3887 961 3964 impleat
983 3887 1059 3962 quod
1078 3898 1193 3946 coactus
1208 3890 1324 3966 juravit,

236 3981 421 4038 nihilominus
443 3983 598 4060 perjurium
621 3982 737 4040 incurrit
755 3993 783 4040 et
801 3987 953 4044 mortaliter
964 3983 1111 4064 peceat.''³
1150 3987 1208 4044 Alii
1231 3997 1325 4044 tamen

234 4075 410 4135 dissentiunt.
451 4079 486 4138 Id
505 4091 599 4140 autem
620 4081 650 4140 in
670 4093 814 4159 comperto
833 4094 877 4142 eat
894 4094 1002 4143 metum
1021 4104 1138 4162 passum
1156 4085 1260 4142 habere
1276 4086 1324 4161 jur

233 4175 433 4234 rescissionem
446 4176 588 4254 petendi.⁴
627 4180 706 4240 Hinc
726 4183 775 4256 qui
787 4183 888 4241 latroni
899 4185 1019 4244 minanti
1038 4193 1159 4244 mortem
1174 4185 1281 4260 juravit
1293 4200 1324 4240 se

268 4349 310 4412 (1)
331 4347 402 4412 Prop.
414 4349 447 4398 al
459 4349 520 4400 inter
528 4351 611 4400 damn.
623 4353 660 4402 ab.
672 4353 757 4406 Innoe,
767 4355 800 4404 xi.
1002 4355 1044 4422 (2)
1063 4355 1135 4421 Prop.
1147 4353 1186 4402 26.

265 4432 306 4498 (3)
320 4436 344 4481 2.
353 4437 376 4481 2.
385 4433 466 4483 xcviii.
478 4443 520 4484 art.
532 4435 566 4486 iii.
576 4436 605 4485 ad
615 4437 727 4501 primum.
991 4443 1031 4507 (4)
1045 4440 1145 4490 Ibidem.
