3146 5266
413 525 470 584 DE
493 523 753 583 SENTENTIIS
777 521 1092 583 PROBABILIBUS.
1271 529 1313 583 eb

211 690 361 768 judicium.
403 689 460 746 Vel
481 689 567 764 igitur
586 688 639 744 sibi
659 684 810 763 persuadet
834 705 884 744 eos
910 688 1054 744 veritatem
1080 695 1243 755 assecutum
1264 688 1312 746 vel

215 789 316 846 dubius
324 797 420 848 manet
432 807 489 861 qua
501 806 539 844 ex
552 795 629 862 parts
643 794 696 842 stet
704 784 815 842 veritas.
837 784 943 843 Saltem
957 803 1009 862 pro
1023 793 1098 842 certo
1110 783 1195 842 habet
1203 785 1309 863 legem,

217 907 274 961 qua
285 906 332 944 res
346 889 442 946 forsan
455 894 572 953 vetetur,
587 903 645 946 non
668 884 735 940 satis
754 886 961 960 promulgatam
980 901 1054 952 esse,
1075 901 1163 956 quum
1183 882 1312 942 doctissi-

216 1005 278 1044 mos
292 988 495 1062 piissimusque
516 984 663 1060 theologos
681 981 802 1050 latuerit,
823 982 944 1054 ideoque
964 999 995 1039 se
1015 1001 1049 1038 ea
1061 1001 1119 1040 non
1131 983 1230 1058 ligatu
1250 1002 1311 1042 rem

217 1086 294 1142 enim
308 1085 374 1142 facit
387 1103 472 1157 quam
484 1082 542 1140 ulla
553 1083 616 1158 lege
636 1082 750 1138 vetitam
770 1099 829 1139 non
848 1082 935 1138 novit.
977 1080 1107 1140 Affirmat
1128 1080 1229 1140 Gerdil
1248 1101 1313 1158 pru·

219 1183 342 1240 dentiam
363 1184 477 1258 exigere
496 1190 528 1238 ut
547 1199 633 1257 agens
654 1179 821 1237 sententiam
843 1199 928 1252 quarn
949 1180 1075 1252 sequitur
1094 1180 1315 1256 probabiliorem

218 1277 352 1339 habeatr¹
373 1281 423 1338 sed
433 1298 521 1352 quum
535 1279 606 1337 adeo
620 1277 916 1336 siutvariahominum
930 1277 964 1334 de
978 1279 1060 1336 rebus
1074 1278 1187 1336 incertis
1196 1278 1315 1356 judicia,

219 1381 303 1438 uobis
317 1379 427 1438 videtur
440 1397 511 1454 opus
524 1397 583 1435 non
597 1396 659 1434 esse
673 1386 705 1434 ut
717 1379 782 1448 quis
796 1376 902 1450 aliquid
922 1377 958 1434 de
977 1377 1125 1434 honestate
1145 1385 1224 1436 acris
1238 1376 1317 1454 apud

221 1497 251 1535 se
266 1477 441 1544 determinet,
456 1477 512 1534 nisi
535 1476 612 1550 quod
632 1476 686 1533 sibi
705 1475 796 1542 liceat,
818 1494 906 1547 quum
926 1494 985 1534 non
1005 1483 1115 1534 constet
1136 1474 1171 1532 de
1192 1475 1317 1552 probibi-

222 1570 327 1635 tione.²
367 1575 452 1644 Quod
465 1586 558 1633 autem
572 1574 688 1648 quidem
701 1574 795 1632 dicant
813 1593 878 1632 eum
898 1575 1025 1651 periculo
1044 1572 1180 1650 peccandi
1200 1593 1231 1631 se
1247 1574 1318 1651 obji-

225 1693 299 1740 cere,
314 1675 444 1732 falluntur
456 1675 584 1745 quamvis
599 1675 676 1731 enim
689 1673 750 1730 fieri
764 1675 855 1748 possit
870 1684 901 1731 ut
919 1692 964 1730 res
985 1674 1021 1730 sit
1039 1674 1134 1742 vetita,
1149 1673 1260 1732 nullum
1273 1683 1318 1729 est

224 1772 361 1850 peccandi
375 1774 531 1848 periculum
544 1772 678 1845 quamdiu
692 1773 809 1829 vetitum
823 1791 880 1830 uon
892 1773 1024 1830 innotuit.
1046 1771 1092 1829 Ad
1102 1790 1163 1829 rem
1176 1791 1236 1830 non
1249 1771 1318 1828 facit

224 1872 333 1930 celebre
353 1871 548 1930 Ecclesiastici
568 1871 762 1928 testimonium
784 1869 818 1926 de
839 1869 958 1946 periculi
978 1888 1083 1936 amore,
1103 1871 1221 1946 respicit
1240 1869 1319 1926 enim

225 1971 407 2030 manifestum
438 1981 601 2042 certumque
634 1968 791 2046 periculum
817 1987 853 2026 ex
879 1968 972 2027 cordis
998 1967 1098 2026 duritie
1127 1968 1318 2044 proveniens:

225 2068 429 2128 “cordurum
452 2070 566 2128 habebit
584 2069 657 2126 male
671 2069 700 2125 in
714 2068 889 2127 novissimo:
911 2068 1001 2141 etqui
1015 2076 1089 2125 amat
1101 2067 1271 2144 periculum,
1290 2066 1320 2123 in

225 2169 272 2226 illo
286 2161 437 2244 peribit.”⁸

263 2271 311 2324 33.
334 2267 439 2326 Fusius
460 2267 495 2325 de
519 2266 707 2342 probabilium
729 2266 896 2340 opinionum
918 2285 972 2324 usu
995 2264 1133 2323 disserere
1153 2283 1211 2322 nou
1226 2264 1317 2341 juvat,

226 2385 313 2439 quum
326 2366 465 2424 damnatis
479 2384 516 2422 ex
534 2374 652 2437 utraque
672 2372 749 2440 parte
769 2367 915 2424 sententiis
928 2365 1074 2432 extremis,
1088 2365 1118 2421 in
1131 2363 1226 2423 medio
1240 2362 1319 2420 tutis·

226 2465 298 2522 sime
312 2475 398 2522 eamr,
420 2463 559 2522 Praeclare
573 2474 601 2521 et
613 2464 732 2521 feliciter
745 2463 776 2520 S.
789 2465 953 2540 Alphonsus
968 2463 1002 2520 de
1011 2464 1129 2541 Ligario
1142 2462 1319 2522 moderatum

226 2578 311 2627 usum
331 2564 499 2639 opinionum
521 2563 707 2638 probabilium
730 2562 891 2630 vindicavit,
912 2564 961 2635 qui
981 2581 1069 2636 quum
1083 2561 1147 2620 zelo
1160 2563 1320 2620 animarum
1349 2547 1354 2556 ’

226 2661 327 2718 salutis
340 2663 476 2727 claruerit,
487 2671 515 2718 et
527 2661 656 2720 diuturna
669 2663 854 2738 experientia,
865 2671 894 2719 et
906 2661 1028 2736 plurima
1040 2669 1185 2718 auctorum
1196 2658 1320 2716 lectione

229 2777 297 2816 suas
312 2758 548 2817 commendaverit
556 2763 716 2828 sententias,
726 2779 784 2818 non
793 2770 836 2817 est
848 2779 898 2818 cur
904 2759 1073 2816 solicitiores
1082 2759 1139 2815 sint
1152 2757 1201 2829 qui
1213 2763 1321 2812 tantum

229 2858 333 2917 ducem
347 2867 511 2932 sequuntur.

265 3051 308 3116 (l)
328 3049 412 3100 Tract.
423 3049 453 3100 de
465 3049 558 3100 cetibus
569 3051 689 3100 humanis
701 3067 722 3100 c.
734 3067 757 3099 v.
769 3060 811 3102 art
823 3052 856 3102 iv.

264 3135 307 3200 (2)
323 3135 363 3184 Ad
376 3151 428 3184 rem
439 3135 554 3194 Gousset,
565 3151 634 3185 nunc
645 3136 773 3200 episcopus
784 3135 892 3186 Asturia
899 3134 1124 3186 Petrochoriorum:
1137 3139 1152 3166 ‘¹
1160 3133 1231 3184 Gelai
1242 3132 1286 3198 qui
1295 3149 1322 3183 te

235 3217 295 3268 delio
306 3219 336 3269 de
347 3236 375 3269 se
386 3220 515 3284 prudence,
527 3227 551 3269 et
562 3220 592 3269 de
601 3236 750 3285 ses-propres
769 3219 892 3281 lumidres,
911 3221 1006 3285 peut-ll,
1023 3219 1208 3282 gendrslemeat
1224 3218 1329 3284 perlent,

226 3306 297 3369 juger
308 3303 400 3368 qu’une
411 3303 512 3368 opinion
526 3320 558 3354 eu
570 3306 635 3369 sujet
646 3305 676 3354 do
685 3305 788 3373 laquelle
799 3307 834 3355 les
843 3305 999 3367 theologicus
1008 3310 1064 3354 sont
1074 3301 1172 3362 divites,
1184 3303 1232 3352 soit
1243 3302 1330 3352 reslle·

230 3396 298 3438 ment
308 3389 365 3452 plus
376 3389 499 3453 probeble,
511 3389 679 3454 precistment
689 3405 760 3454 parce
772 3388 813 3454 qu’
822 3391 867 3440 elle
879 3390 914 3439 lui
925 3390 1003 3454 paruit
1014 3389 1066 3438 btre
1076 3387 1143 3438 telle?
1156 3385 1327 3437 Peuma-vous

232 3473 339 3538 aioir,je
350 3489 382 3523 ne
393 3473 487 3538 dispas
499 3474 522 3523 le
534 3473 659 3534 certitudo,
672 3474 734 3523 meis
750 3490 801 3524 une
819 3474 960 3538 probabilitd
980 3473 1064 3532 reelle,
1081 3487 1129 3534 que
1145 3471 1201 3519 telle
1222 3486 1256 3519 ou
1272 3470 1329 3519 telle

233 3557 335 3621 opinion
345 3557 391 3608 soit
402 3559 468 3608 aussi
479 3559 568 3609 sonate
580 3575 613 3608 ou
625 3559 692 3608 aussi
704 3559 816 3622 probable
836 3573 868 3606 en
885 3556 971 3604 realite
994 3553 1083 3619 qu’elle
1101 3561 1138 3604 est
1148 3568 1211 3618 pour
1221 3568 1283 3604 vous
1297 3567 1329 3603 en

233 3644 385 3706 apparente?
418 3643 460 3693 Ne
480 3659 622 3694 savoa-vous
642 3659 686 3708 pas
707 3658 763 3707 que,
775 3641 796 3691 si
816 3641 846 3691 de
862 3641 927 3690 deux
940 3640 1054 3705 opinions
1072 3639 1254 3690 controversees
1265 3638 1328 3690 dene

233 3723 319 3775 t’ecole
330 3727 397 3776 l’une
407 3743 469 3778 vous
481 3728 558 3792 parait
577 3728 633 3791 plus
644 3729 763 3792 probable,
776 3725 863 3778 l’eutr6
876 3735 913 3777 est
924 3728 1062 3790 &galement
1076 3727 1132 3792 plns
1143 3727 1255 3792 probable
1266 3741 1330 3790 pour

232 3825 268 3860 un
279 3812 356 3872 grand
369 3813 471 3862 nombre
483 3811 514 3861 de
525 3813 638 3862 docteurs
651 3813 694 3875 qui
704 3829 736 3862 ne
749 3819 805 3862 sont
820 3813 848 3862 ni
859 3813 940 3863 moins
952 3813 1071 3878 capables,
1082 3812 1110 3861 ni
1121 3811 1201 3860 moins
1211 3810 1331 3869 instruite

231 3896 259 3946 ai
269 3896 351 3946 moins
374 3896 444 3945 zeles
462 3912 523 3960 pour
543 3897 566 3946 le
583 3897 668 3961 purete
682 3897 712 3946 de
724 3898 747 3946 la
759 3898 857 3958 morale,
869 3914 916 3963 que
927 3914 989 3948 vous
1000 3913 1032 3948 no
1043 3895 1172 3960 pretendas
1183 3892 1249 3944 l’etre
1258 3909 1332 3944 vous·

233 3978 338 4031 memel'
361 3979 451 4029 Tbeol.
463 3996 550 4032 cursus
561 3983 704 4046 completus,
716 3983 763 4030 vol.
772 3981 806 4030 xi.
854 4015 855 4018 κ

271 4066 313 4132 (3)
333 4065 402 4116 Eccl·
415 4065 448 4116 iii
461 4063 505 4115 27.
