3146 5266
257 487 295 539 58
591 477 648 536 DE
669 476 783 536 LEGE
805 475 1006 535 NATURAE.

258 655 366 704 aetemae
380 644 410 700 in
422 641 551 700 rationali
571 651 696 700 creatura
705 631 750 699 :”¹
770 641 801 698 in
820 658 865 708 eo,
879 640 996 708 scilicet,
1010 641 1104 717 posita
1119 649 1174 708 est,
1189 642 1266 714 quod
1280 644 1346 715 quis

257 751 355 802 noscat
364 743 517 800 discrimen
530 740 606 813 quod
619 740 766 799 intercedit
774 741 874 798 vitium
888 739 960 797 inter
972 747 1000 796 et
1012 741 1154 808 virtutem,
1165 749 1193 797 et
1206 741 1271 799 ideo
1281 741 1350 814 quid

258 844 295 900 sit
307 841 467 900 necessario
480 839 688 906 declinandum,
699 848 796 915 utpote
809 857 861 914 per
873 856 904 894 se
918 847 946 895 et
958 839 1127 897 intrinsecus
1140 839 1257 906 malum,
1269 838 1351 912 quid·

259 959 314 1013 que
328 941 365 997 sit
377 939 536 997 necessario
550 938 710 996 faciendum
723 938 759 996 ad
778 939 865 995 finem
885 945 989 994 naturae
1008 937 1153 994 rationalis
1173 956 1348 1010 consequen·

259 1038 337 1096 dum.
379 1039 429 1096 Ex
441 1037 549 1094 lumine
561 1038 676 1094 rationis
688 1037 737 1094 lex
749 1037 812 1095 haec
824 1044 928 1092 natura
952 1036 1111 1103 innotescit,
1126 1045 1298 1112 quapropter
1317 1054 1352 1094 eo

259 1137 358 1193 saltem
372 1155 458 1194 sensu
471 1135 600 1193 Verbum
613 1136 750 1194 Divinum
772 1143 791 1171 “
803 1143 846 1192 est
857 1133 909 1191 lux
922 1153 988 1190 vera
1007 1151 1070 1205 que
1083 1133 1223 1192 illuminat
1234 1153 1350 1192 omnem

259 1235 406 1294 hominem
420 1234 580 1291 venientem
592 1235 633 1292 in
654 1235 731 1292 hunc
751 1233 888 1291 mundum
897 1225 944 1299 ;”²
962 1251 1049 1305 quam
1063 1232 1117 1291 sibi
1131 1232 1266 1308 affulgere
1280 1233 1350 1309 ipse

260 1342 359 1411 gentes
372 1334 493 1390 barbare
506 1332 636 1408 plurimis
650 1351 747 1390 eorum
758 1333 864 1389 actibus
877 1330 1016 1407 produnt3
1037 1330 1143 1407 quippe
1157 1332 1216 1403 qui,
1230 1339 1349 1389 testante

260 1433 419 1509 Apostolo:
442 1431 624 1489 “ostendunt
636 1450 708 1507 opus
721 1431 793 1507 legis
807 1431 943 1505 scriptum
956 1431 986 1486 in
999 1429 1130 1486 cordibus
1144 1424 1253 1486 suis.”³

301 1536 330 1587 4.
352 1531 415 1587 Lex
428 1537 532 1587 uaturae
545 1530 685 1604 imprimis
698 1530 814 1604 respicit
826 1528 950 1585 hominis
971 1547 1038 1604 erga
1057 1528 1152 1586 Deum
1165 1527 1279 1595 officia;
1300 1545 1353 1585 nec

262 1630 339 1686 enim
351 1647 442 1684 nexus
456 1635 499 1683 est
511 1628 585 1684 ullus
598 1629 627 1684 in
641 1645 734 1684 rerum
753 1634 851 1682 natura
872 1627 995 1683 sanctior
1016 1627 1151 1684 arctiorve
1164 1645 1199 1683 eo
1220 1627 1269 1698 qui
1283 1627 1354 1684 inter

262 1727 408 1784 hominem
421 1736 448 1782 et
462 1723 626 1784 Creatorem
640 1743 724 1784 suum
737 1723 901 1782 intercedit:
922 1723 987 1782 ideo
1000 1725 1029 1781 vi
1049 1726 1111 1801 ipsa
1124 1733 1229 1782 naturae
1243 1733 1352 1783 tenetur

263 1825 359 1884 Deum
373 1843 509 1897 quaerere,
522 1825 605 1897 eique
619 1825 719 1901 gratias
733 1823 768 1880 dc
781 1823 926 1880 beneficiis
937 1842 1030 1898 agere,
1044 1833 1073 1879 et
1085 1824 1181 1881 omnia
1192 1822 1355 1899 persolvere

263 1943 380 1982 munera
393 1943 455 1996 quae
469 1924 579 1982 infinita
591 1923 728 1981 Numinis
741 1921 876 1998 perfectio
897 1923 931 1978 ab
952 1940 997 1989 eo,
1021 1940 1073 1997 pro
1085 1923 1188 1979 virium
1211 1923 1353 1988 tenuitate,

263 2024 360 2098 exigit.
403 2023 471 2098 Ipso
485 2023 617 2079 instinctu
640 2020 722 2077 debet
741 2019 828 2077 homo
851 2018 916 2077 Deo
928 2020 1062 2077 revelanti
1082 2020 1196 2095 plenam
1219 2020 1351 2078 adhibere

264 2119 360 2185 fidem,
374 2120 436 2194 ejus
450 2138 523 2176 curae
537 2138 568 2175 se
581 2117 789 2186 commendare,
808 2127 837 2175 et
857 2118 1007 2194 implorare
1030 2119 1187 2186 auxilium
1207 2137 1273 2176 eum
1296 2136 1355 2174 am·

263 2217 349 2294 plecti
362 2236 476 2274 amore:
498 2218 560 2293 ejus
576 2219 667 2294 jussa,
683 2235 861 2289 quacumque
881 2217 990 2273 ratione
1010 2217 1190 2284 innotuerint,
1213 2216 1352 2292 implere:

264 2326 292 2372 et
305 2317 330 2371 si
342 2316 412 2372 sorte
432 2315 525 2387 aliqua
538 2314 695 2387 deliquerit,
711 2316 822 2372 veniam
845 2315 992 2390 poenitenti
1005 2316 1100 2382 animo
1113 2324 1218 2391 petere,
1231 2316 1358 2372 testimo·

264 2413 319 2471 niis
342 2412 438 2469 afflicti
460 2412 552 2470 cordis
575 2413 719 2470 exhibitis.
768 2413 865 2470 Debet
885 2431 951 2469 eum
977 2431 1090 2470 summo
1111 2413 1245 2488 prosequi
1267 2413 1355 2480 cultu,

265 2511 346 2586 cujus
372 2512 509 2568 eximium
535 2511 671 2568 indicium
694 2511 864 2568 sacrificium
890 2519 943 2578 est,
966 2511 1044 2584 quod
1069 2529 1232 2586 supremum
1257 2529 1353 2569 rerum

265 2609 393 2666 omnium
413 2599 554 2667 arbitrium
576 2619 699 2668 testatur.
741 2610 854 2666 Veritas
877 2608 974 2667 divina
994 2611 1078 2667 etiam
1100 2608 1279 2684 agnoscenda
1302 2619 1354 2676 est,

265 2710 329 2784 ipso
342 2717 413 2766 teste
425 2711 455 2768 in
467 2710 550 2766 rebus
573 2708 747 2766 difficillimis
766 2710 895 2767 invocato
909 2727 917 2774 ;
937 2728 1023 2782 quern
1037 2705 1177 2766 mendacii
1195 2716 1297 2765 testem
1310 2726 1358 2765 ex·

264 2807 371 2875 hibere,
386 2811 478 2886 gravis
492 2810 564 2866 foret
576 2809 687 2884 injuria,
701 2818 805 2866 naturae
818 2807 876 2884 legi
888 2808 971 2883 plane
984 2807 1111 2864 adversa.

306 2911 335 2961 5.
357 2907 485 2964 Tenetur
497 2908 618 2978 quisque
626 2907 710 2962 etiam
718 2907 780 2981 lege
790 2914 894 2962 naturae
909 2906 944 2963 ad
953 2924 1020 2963 suos
1031 2904 1243 2980 componendos
1253 2922 1356 2972 mores,

266 3003 337 3060 adeo
350 3004 422 3059 utin
438 3001 517 3071 cibis,
532 3005 665 3070 vestibus
681 3005 865 3080 corporisque
884 3005 930 3060 vel
943 3005 1043 3062 animae
1067 3005 1293 3077 quibuscumque
1309 3005 1356 3060 ob-

265 3101 450 3168 lectamentis,
464 3101 505 3157 nil
518 3100 652 3168 admittat,
667 3121 724 3174 quo
738 3103 840 3160 mentis
853 3103 897 3158 vis
910 3104 1062 3179 frangatur,
1073 3102 1119 3159 vel
1132 3102 1269 3178 cupiditas
1283 3103 1358 3159 exci-

266 3207 346 3256 tetur.
389 3199 538 3257 Moderate
561 3201 645 3276 igitur
666 3201 749 3258 rebus
762 3201 803 3257 uti
826 3211 944 3277 oportet,
959 3209 987 3257 et
1008 3200 1123 3257 delicias
1136 3201 1238 3258 nimias
1251 3201 1357 3276 fugere,

266 3307 296 3354 ut
308 3298 378 3354 ratio
391 3299 493 3374 vigeat,
507 3309 535 3356 et
547 3298 686 3356 desideria
698 3300 770 3356 iutra
779 3301 849 3376 justi
862 3300 986 3371 rectique
999 3299 1103 3356 limites
1117 3300 1320 3356 contineantur.

306 3399 334 3454 6.
357 3396 505 3456 societatis
528 3397 719 3456 officiaetiam
741 3397 803 3474 lege
826 3407 930 3455 naturae
953 3407 1095 3474 reguntur,
1110 3417 1176 3456 nam
1199 3407 1227 3454 et
1239 3398 1359 3456 marium

266 3495 502 3569 foeminarumque
522 3497 735 3556 contubernium
755 3498 838 3554 certis
860 3497 969 3572 legibus
992 3497 1127 3573 subjacet,
1151 3516 1187 3553 ne
1206 3515 1309 3572 vagum
1323 3496 1360 3552 sit

266 3614 330 3653 oum
361 3596 447 3669 prolis
469 3596 645 3664 detrimento,
665 3597 711 3652 vel
733 3596 861 3652 instabile
887 3615 952 3653 curn
975 3596 1105 3672 conjugis
1125 3596 1236 3672 injuria,
1256 3595 1304 3652 vel
1324 3592 1358 3650 ad

266 3692 361 3765 plures
384 3693 470 3748 simul
492 3693 666 3759 extendatur,
681 3712 746 3748 oum
768 3694 847 3767 pacis
870 3693 1028 3768 dispendio.
1071 3694 1156 3759 Quod
1176 3693 1358 3770 igiturlromo

266 3787 422 3860 mulierque
448 3789 555 3846 foedere
577 3791 733 3865 jungantur
757 3799 894 3865 perpetuo
920 3801 949 3847 et
973 3811 1068 3859 unico,
1096 3791 1132 3848 ad
1157 3789 1359 3868 procreandam

266 3887 385 3962 prolem,
400 3888 435 3945 ad
447 3888 540 3965 legem
554 3897 658 3944 naturae
672 3889 772 3944 merito
785 3888 922 3945 refertur:
945 3891 986 3947 sic
1006 3891 1082 3946 euim
1102 3889 1187 3948 dietat
1199 3890 1268 3947 ratio
1281 3896 1359 3946 natu-

266 3986 331 4042 ralis
345 3990 539 4063 propagationi
554 3988 664 4064 generis
678 3986 795 4043 humaui
809 4006 872 4044 esse
887 3988 1102 4046 consulendum.

306 4089 335 4140 7.
357 4083 459 4141 Civilis
473 4089 592 4144 societas
601 4106 637 4143 ex
646 4095 751 4144 naturae
760 4087 825 4162 jure
836 4086 984 4154 derivatur,
995 4086 1127 4144 homines
1136 4087 1244 4144 scilicet
1253 4093 1359 4143 naturae

266 4181 399 4240 instinctu
412 4183 442 4241 in
454 4203 543 4243 unum
562 4188 742 4254 conveniunt,
758 4187 848 4244 mutui
870 4186 968 4244 auxilii
981 4194 1009 4242 et
1024 4185 1207 4262 jucunditatis
1221 4203 1315 4251 causa,
1331 4191 1359 4239 et
1445 4193 1448 4198 ’

302 4373 342 4438 (l)
363 4373 378 4422 l.
390 4371 413 4419 2·
425 4389 465 4436 qu·
478 4375 525 4424 xci.
544 4383 587 4424 art.
598 4375 624 4423 ii.
768 4377 809 4442 (Ξ)
829 4377 893 4426 loen
905 4376 921 4426 i.
933 4379 955 4425 9.
1110 4376 1152 4440 (3)
1165 4375 1237 4424 Rom.
1249 4374 1275 4424 ii.
1287 4373 1326 4420 15.
