3076 5260
275 477 335 534 886
455 473 511 533 DE
533 467 797 532 retenemus
818 461 1189 528 OBLIGATIONIBUS.

278 643 382 703 dando.
423 641 464 700 Et
475 649 571 698 cenna
592 637 648 696 hoc
661 635 787 696 debitum
800 635 918 712 obligari
932 652 989 692 non
1003 644 1098 711 potest
1110 653 1162 709 per
1174 635 1277 691 secreti
1291 651 1367 692 cem·

278 743 414 801 missum:
435 740 503 812 qnia
515 739 545 796 in
558 737 614 796 hoe
627 737 768 812 frangeret
779 733 866 794 fidem
880 751 965 806 quarn
979 733 1059 792 alteri
1072 732 1164 790 debet.
1186 731 1367 804 Quandoque

278 839 344 898 vere
357 848 425 897 sunt
436 837 502 896 talia
515 855 578 910 quae
591 837 655 908 quis
669 833 788 912 prodere
802 852 860 892 non
874 827 993 900 tenetur,
1004 831 1080 891 unde
1093 839 1187 908 potest
1198 831 1319 906 obligari
1332 851 1368 888 ex

278 939 342 1006 hoe,
356 935 434 1011 quod
447 937 501 995 sibi
511 937 565 994 sub
578 943 689 993 secreto
702 933 929 991 committuntur:
951 940 1054 992 ettuac
1067 932 1146 992 nullo
1158 929 1246 987 modo
1261 938 1369 987 wnetur

278 1055 311 1095 ea
324 1035 454 1114 prodere,
467 1036 552 1092 etiam
566 1051 604 1091 ex
616 1041 756 1110 precepto
770 1030 943 1105 superioris:
966 1032 1033 1102 quia
1053 1047 1164 1086 servare
1177 1024 1265 1085 fidem
1279 1037 1322 1085 est
1334 1027 1368 1086 de

273 1137 339 1210 jure
352 1133 481 1194 natarali.
523 1131 606 1190 Nihil
619 1139 712 1188 autem
725 1137 820 1204 potest
831 1130 950 1206 pracipi
963 1128 1074 1188 homini
1088 1138 1185 1187 contra
1197 1127 1228 1184 id
1242 1127 1321 1199 qnod
1330 1137 1372 1184 est

277 1231 384 1308 dejure
399 1224 564 1288 naturali.·’¹

321 1334 389 1387 123.
410 1329 516 1387 Peccat
528 1326 648 1404 graviter
660 1325 740 1385 testis
752 1323 855 1382 salsum
871 1325 1002 1394 diceudo,
1025 1345 1091 1384 nam
1116 1334 1135 1361 “
1145 1325 1225 1382 testis
1246 1324 1371 1383 mendax

280 1422 433 1506 peribit”²
445 1434 555 1484 tenetur
567 1426 652 1482 etiarn
666 1425 701 1481 ad
714 1424 899 1500 reparandum
908 1424 1054 1494 damnum,
1063 1426 1086 1482 si
1097 1424 1371 1497 qnodobveueritex

282 1529 345 1604 ejus
365 1525 537 1584 testimonio.
579 1523 683 1581 Sedet
704 1524 850 1580 veritatem
869 1523 1085 1601 supprimendo,
1106 1524 1153 1582 vel
1177 1515 1372 1589 occultando,³

283 1636 392 1701 peccat,
407 1643 495 1697 quum
506 1623 537 1680 ri
546 1623 700 1700 juramenti
715 1621 813 1679 debeat
826 1624 963 1699 integram
976 1623 1070 1680 dicere
1084 1617 1257 1682 veritatem.⁴
1286 1620 1372 1688 Quod

283 1724 309 1780 si
322 1741 354 1780 ae
367 1723 490 1781 occultet
501 1740 537 1780 ne
551 1721 586 1780 ad
604 1721 762 1780 meandum
776 1721 935 1790 advocetur,
949 1730 1057 1798 peccat,
1072 1723 1181 1794 quoties
1195 1740 1280 1797 grave
1295 1721 1372 1778 dam·

283 1841 353 1880 num
366 1840 403 1880 ex
424 1823 487 1899 ejus
509 1819 635 1880 absentia
654 1821 790 1878 oriturum
813 1829 857 1878 est
870 1823 1023 1888 innocenti,
1047 1822 1103 1878 nisi
1123 1821 1193 1878 sorte
1219 1830 1372 1878 excusetur

284 1921 322 1980 ob
341 1922 454 1997 gravium
479 1921 586 1979 malum
608 1920 688 1978 alteri
707 1938 745 1977 ex
767 1921 829 1997 ejus
852 1921 1013 1978 testimonio
1038 1919 1217 1996 impendens.
1268 1918 1372 1977 Utrum

283 2029 377 2078 autem
391 2028 520 2078 teneatur
533 2019 568 2077 ad
581 2019 795 2087 restituendum,
809 2020 858 2091 qui
872 2037 902 2076 se
916 2019 1105 2077 subtrahendo
1125 2020 1154 2077 in
1174 2035 1260 2076 cansa
1281 2027 1326 2075 est
1344 2029 1375 2075 ut

284 2127 361 2177 actor
383 2137 468 2176 causa
490 2117 580 2186 cadat,
603 2117 789 2195 disceptatur:
811 2115 862 2175 sed
881 2119 906 2176 si
926 2128 992 2194 post
1004 2120 1166 2177 citationem
1181 2120 1247 2189 quis
1260 2136 1293 2175 se
1308 2119 1374 2176 sub-

282 2217 399 2276 traxerit
410 2217 481 2276 adeo
493 2226 526 2276 nt
538 2217 605 2274 alter
618 2235 671 2274 suo
687 2219 752 2295 jure
775 2216 864 2284 cadat,
879 2217 954 2275 haud
973 2218 1090 2277 dubium
1105 2228 1149 2274 est
1160 2218 1284 2293 peccari,
1301 2217 1373 2274 etad

280 2317 487 2374 restitutionem
500 2316 701 2392 obligationem
720 2315 857 2383 contrahi,
877 2335 943 2375 nam
966 2317 1092 2393 legitimo
1113 2326 1255 2392 praecepto
1273 2334 1374 2393 repug-

281 2421 363 2470 natur
382 2430 448 2470 cum
468 2415 546 2488 gravi
570 2413 683 2470 alterius
701 2414 814 2471 damno.
857 2413 937 2472 Idem
960 2415 1112 2475 dicendum
1124 2416 1245 2483 videtur,
1260 2417 1373 2487 quoties

282 2513 351 2570 alter
371 2510 496 2587 privatur
516 2528 568 2568 suo
587 2511 663 2588 jure,
683 2511 750 2570 licet
768 2513 930 2571 citationem
950 2515 1074 2582 eluserit,
1097 2534 1128 2572 se
1149 2514 1318 2573 occultando
1338 2531 1372 2572 ne

283 2611 379 2671 fieret:
400 2629 467 2669 nam
480 2627 580 2670 revera
592 2594 732 2670 causaest
743 2611 844 2669 efficax
855 2631 905 2670 cur
918 2613 1042 2672 debiturn
1055 2633 1113 2672 non
1127 2615 1265 2692 exigatur.

325 2714 392 2768 124.
414 2709 487 2768 Jure
498 2712 644 2769 communi
663 2711 786 2788 Angliec
800 2721 827 2769 et
843 2713 1013 2771 Americano
1026 2715 1091 2786 quis
1104 2713 1140 2770 ad
1153 2713 1313 2771 testandum
1327 2714 1373 2770 oh

282 2809 384 2886 ligatur
406 2817 549 2886 precepto
573 2811 624 2866 sub
646 2808 761 2878 mulcta,
785 2810 862 2884 quod
876 2811 1017 2889 auhpoeno
1040 2812 1150 2880 dieitur,
1173 2812 1269 2871 addito
1289 2814 1374 2870 etiam

283 2906 388 2964 damno
405 2905 481 2978 quod
501 2925 538 2964 ex
561 2910 623 2984 ejus
644 2908 770 2966 absentia
788 2912 920 2985 provenit
941 2906 1039 2986 parti.⁵
1080 2911 1113 2969 si
1132 2912 1257 2988 negligat
1275 2911 1372 2969 adesse

281 3005 391 3068 citatus,
406 3003 435 3058 vi
448 2997 586 3060 (iacitur.⁶

321 3102 389 3157 125.
412 3099 470 3165 Qui
490 3099 675 3158 iustrumenta
694 3103 855 3178 supprimit,
871 3105 916 3164 vel
936 3105 1049 3174 lacerat,
1070 3107 1116 3165 vel
1129 3109 1234 3185 injuste
1248 3109 1323 3186 apud
1342 3127 1372 3166 se

317 3319 359 3382 (1)
380 3321 404 3366 2.
415 3317 438 3366 2.
450 3334 491 3382 qu.
500 3318 551 3367 lxx.
563 3317 633 3368 arti.
645 3316 680 3368 ud
691 3317 835 3370 cenandum.
973 3325 1014 3390 (2)
1035 3323 1106 3374 Prov.
1119 3327 1169 3375 xxi.
1181 3326 1221 3376 28.

313 3405 349 3462 (3)
369 3399 430 3466 Cap.
440 3401 454 3453 i.
466 3401 496 3450 ds
508 3401 574 3450 crim.
586 3402 637 3450 sals.

315 3487 357 3552 (4)
377 3493 392 3516 “
400 3484 456 3535 'l'hs
468 3486 524 3535 cath
537 3486 706 3536 administered
719 3494 744 3536 to
755 3487 797 3536 the
808 3489 909 3538 witness
921 3490 942 3539 is
953 3499 997 3541 net
1016 3493 1075 3557 only
1088 3493 1140 3542 that
1150 3493 1216 3544 what
1227 3492 1260 3544 he
1271 3495 1372 3559 dsposes

279 3571 341 3622 shall
352 3572 382 3619 ha
393 3578 454 3628 true,
465 3573 510 3620 but
520 3570 572 3620 that
590 3570 621 3620 he
632 3571 694 3622 shall
704 3573 754 3621 also
766 3573 855 3638 depose
868 3574 908 3624 the
920 3575 999 3625 whole
1007 3578 1074 3627 truth
1085 3595 1090 3626 :
1109 3595 1137 3627 so
1149 3579 1201 3628 that
1211 3578 1243 3628 ha
1256 3581 1277 3629 is
1288 3589 1332 3630 aot
1349 3591 1372 3630 to

278 3655 375 3704 conceal
386 3670 435 3718 any
446 3663 500 3718 part
518 3655 546 3702 oi
559 3655 624 3705 what
642 3656 674 3706 he
690 3657 785 3717 Ιωοπι,
802 3657 911 3711 whether
928 3660 1089 3724 interrogated
1106 3663 1259 3728 particularly
1277 3674 1303 3715 to
1320 3666 1371 3716 that

278 3741 354 3806 point,
366 3755 393 3788 or
404 3737 471 3789 not.’'
505 3738 663 3796 Blaekstone,
673 3741 688 3790 l.
699 3740 732 3790 iii.
744 3757 769 3791 n.
781 3745 839 3793 3⁷2.

316 3827 355 3888 (5)
366 3825 429 3876 Vide
441 3823 597 3874 Blackstone.
608 3826 623 3876 l.
635 3826 668 3876 iii.
681 3842 705 3875 n.
718 3829 776 3875 364.

310 3913 353 3977 (6)
372 3911 449 3961 “The
460 3911 530 3961 usual
542 3909 613 3960 mods
622 3912 650 3960 oi
663 3912 808 3976 proceediug
818 3914 911 3976 against
923 3917 1057 3974 witnesses,
1068 3919 1105 3968 ior
1114 3919 1284 3970 disobedience
1297 3922 1325 3971 oi
1331 3922 1372 3972 the

277 3997 334 4046 arrit
344 3997 372 4046 of
386 3997 510 4060 subpoena,
522 3995 543 4044 is
553 3996 585 4060 by
600 3995 641 4045 the
652 4012 776 4062 summary
788 4001 920 4062 processoi
928 4017 958 4052 an
972 4004 1119 4053 attachment
1127 4004 1163 4053 ior
1175 4021 1189 4054 a
1201 4014 1325 4071 contempt

277 4081 322 4129 but
333 4081 374 4129 the
385 4088 454 4130 court
465 4080 515 4130 will
526 4087 570 4129 not
582 4087 652 4142 grant
663 4096 694 4130 an
713 4083 862 4134 attachment
880 4086 974 4148 against
990 4103 1005 4136 a
1016 4088 1123 4148 witness,
1135 4091 1219 4139 unless
1230 4091 1262 4140 all
1272 4091 1315 4140 the
1332 4105 1373 4142 ne·

279 4177 374 4226 cessary
386 4180 505 4230 expensos
514 4165 542 4214 of
554 4163 595 4214 the
603 4166 709 4231 jonrney
721 4174 746 4217 tc
758 4167 805 4217 and
817 4167 887 4230 irom,
900 4172 946 4222 and
965 4172 1006 4222 the
1014 4172 1135 4224 witness's
1152 4182 1205 4239 stay
1218 4181 1242 4224 at
1253 4174 1295 4225 the
1306 4177 1372 4242 place

278 4246 307 4296 of
320 4245 380 4304 trial,
400 4247 430 4294 be
448 4247 562 4298 tendered
583 4255 607 4299 at
626 4249 667 4300 the
685 4250 743 4301 time
760 4252 789 4301 oi
801 4253 899 4318 seraing
917 4255 958 4305 the
977 4257 1120 4324 subpoena.”
1152 4257 1245 4323 cuitu,
1265 4257 1373 4310 nots28·

277 4329 380 4382 Ibidem.
