3046 5262
657 1277 661 1284 p
706 1199 931 1264 irruunrx.

562 1421 601 1462 DE
622 1421 725 1462 tudun
745 1421 882 1460 ctvttlttrs
901 1415 1083 1459 venturum

323 1609 350 1662 l.
371 1603 426 1662 Jus
442 1601 527 1660 civile
541 1599 616 1676 apud
630 1618 682 1657 nos
694 1598 841 1657 consuevit
852 1599 947 1656 vocari
960 1595 1031 1655 illud
1044 1595 1120 1669 quod
1134 1596 1163 1653 in
1177 1597 1296 1673 irnperio
1309 1595 1359 1653 Ro·

280 1718 365 1762 mano
379 1702 509 1768 obtinuit,
518 1698 692 1757 Romanum
702 1695 818 1764 idcirco,
829 1706 858 1754 et
869 1697 1040 1755 Caeearennt
1050 1705 1079 1752 et
1090 1713 1255 1764 commune,
1264 1695 1298 1752 ab
1307 1695 1361 1752 aliis

281 1811 485 1878 nuncupatum.
528 1799 602 1876 Ejus
623 1798 761 1873 originem
781 1796 902 1874 eleganti
922 1814 1008 1872 opere
1027 1793 1112 1852 refert
1132 1792 1268 1864 Gravina,
1282 1811 1361 1866 quem

276 1902 350 1978 juris
363 1898 498 1958 studiosis
519 1898 672 1976 plurimum
692 1896 934 1954 commendamus.
976 1893 1105 1952 Exordin
1124 1914 1141 1950 a
1159 1891 1271 1952 condita
1290 1891 1361 1950 Urbe

281 2009 459 2076 repetuntur,
472 1999 585 2074 legibus
593 1997 669 2052 enim
682 2013 763 2070 reges
772 1993 905 2053 creditam
913 1993 969 2051 sibi
978 1991 1182 2068 rempublicam
1195 1990 1361 2056 ordinarunt,

282 2116 345 2170 quae
359 2118 376 2154 a
389 2097 424 2156 Ρ.
439 2115 490 2155 seu
505 2097 595 2153 Sexto
615 2093 742 2172 Papyrio
762 2093 885 2152 collecte
898 2091 985 2172 jurio
998 2091 1173 2170 Papyriont'
1186 2092 1304 2150 nomine
1318 2092 1363 2150 ler-

281 2205 374 2254 untur.
415 2195 551 2253 Actiones
565 2193 660 2260 etiam,
675 2211 726 2253 seu
746 2190 876 2250 formulae
889 2192 1032 2251 solemnes
1042 2192 1108 2269 jure
1119 2190 1232 2268 agendi,
1248 2210 1265 2247 a
1279 2189 1363 2248 Oneio

281 2295 381 2353 Flavio
403 2293 561 2370 divulgato,
585 2289 771 2352 Flavianum
792 2291 851 2370 juo
870 2300 1039 2368 nuncupate
1060 2298 1134 2347 sunt.
1175 2291 1264 2348 Anno
1278 2289 1315 2348 U.
1329 2287 1362 2346 O.

282 2391 378 2450 CCC.
392 2393 478 2469 legati
492 2402 558 2458 tres,
573 2409 625 2467 per
638 2391 748 2448 Italiam
761 2398 789 2445 et
801 2390 963 2448 universam
978 2389 1130 2458 Graeciam,
1151 2389 1229 2466 leges
1244 2408 1364 2462 quereu-

281 2501 333 2559 tes,
347 2491 443 2568 plures
457 2489 610 2548 retulerunt
623 2507 693 2561 ques
713 2487 883 2558 decemviri,
905 2507 971 2547 eum
986 2490 1015 2548 in
1034 2475 1121 2547 linem
1141 2488 1232 2558 electi,
1255 2489 1286 2546 in
1304 2488 1376 2566 duo·¹

281 2589 373 2650 decim
389 2590 491 2650 tabulis
514 2588 599 2646 aeneis
623 2586 795 2664 exsculptos,
820 2599 972 2664 postquam
996 2588 1151 2647 emendate
1170 2587 1258 2646 et'ad
1277 2606 1365 2646 mores

283 2691 430 2750 Romanos
443 2689 567 2757 lnllexae,
582 2687 689 2764 populo
702 2687 814 2745 fuerent
826 2689 959 2764 probatae,
972 2687 1086 2764 publice
1099 2688 1129 2744 in
1142 2688 1204 2747 foro
1218 2687 1365 2746 servandas

281 2783 498 2870 proposuerunt.
540 2790 731 2846 decesserunt
743 2785 877 2865 deinceps
892 2785 1062 2868 plebt’oct'to,
1076 2806 1126 2844 seu
1141 2788 1242 2864 populi
1263 2787 1366 2845 decreta

280 2900 398 2964 rogante
411 2889 502 2964 plebis
516 2887 626 2944 tribuno
639 2888 704 2952 lata,
718 2894 747 2941 et
759 2885 1036 2953 Senatnscononlto,
1044 2905 1107 2958 quae
1115 2887 1222 2963 populo
1236 2888 1366 2962 probante

280 2985 352 3061 legis
366 2988 424 3042 vim
445 2986 635 3042 obtinuerunt.
681 2982 918 3044 Constitutione
938 2987 1022 3043 etiam
1041 2986 1241 3061 imperatorum
1263 2984 1367 3061 prodie-

281 3091 355 3150 mnt,
371 3083 474 3155 quibus
488 3083 517 3140 in
528 3099 617 3162 unum
628 3101 643 3138 a
654 3081 796 3157 Gregorio
803 3084 938 3156 quodam,
950 3103 1024 3143 anno
1033 3083 1142 3142 Christi
1152 3090 1223 3153 272,
1233 3084 1367 3149 collectis,

282 3180 373 3240 codex
390 3169 707 3259 Gregorianns‘etnus
716 3191 769 3250 est,
778 3201 865 3255 quem
879 3193 992 3243 secutus
1001 3181 1144 3242 ostenden
1150 3181 1367 3260 Hermogenia-

282 3300 341 3340 nno
362 3283 396 3340 ab
419 3291 531 3341 auctore
554 3288 743 3357 nuncupatus,
767 3291 795 3338 et
821 3281 912 3341 roden
936 3283 1175 3350 monterianus,
1202 3282 1367 3341 Theodosio

278 3383 394 3459 juniore
406 3383 572 3458 imperante,
587 3399 661 3438 anno
674 3383 744 3448 438,
759 3381 914 3440 confectus.
957 3383 1006 3440 Ex
1019 3383 1065 3440 his
1078 3380 1234 3451 codicibus,
1249 3382 1367 3454 aliisque

282 3483 444 3558 principum
464 3480 668 3558 posterioribus
688 3481 933 3539 constitutionibus
953 3480 1082 3540 codicem
1099 3499 1183 3538 suum
1203 3480 1296 3539 edidit
1307 3481 1367 3540 Jus-

281 3583 415 3647 tiriacus,
427 3599 501 3638 anno
515 3580 624 3637 circiter
638 3583 706 3636 530.
727 3577 893 3648 Pandente,
904 3599 955 3638 seu
970 3579 1111 3658 Digesta,
1123 3589 1222 3656 postea
1235 3582 1266 3638 in
1279 3581 1368 3639 lucem

281 3680 371 3738 emitti
385 3680 501 3744 curavit,
516 3663 685 3736 omniafere
699 3697 761 3751 quae
776 3699 791 3735 a
807 3680 980 3756 jurisperitis
994 3679 1093 3738 tradite
1105 3679 1216 3736 fuerant
1234 3697 1369 3756 responso

281 3777 379 3839 ordine
394 3775 516 3851 quodam
531 3776 756 3852 complectentia,
766 3787 794 3834 et
803 3777 977 3854 dIgerentie:
999 3779 1136 3836 elementa
1148 3777 1215 3836 verb
1231 3780 1368 3856 jurispru-

281 3877 381 3936 dentiae
396 3883 525 3956 quatuor
545 3873 632 3933 libris
652 3873 882 3936 institutionum
903 3879 1010 3954 exponi
1028 3878 1104 3935 lecit.
1145 3874 1324 3936 Deer'n‘oneo
1334 3875 1366 3932 L.

281 3978 316 4034 de
331 3987 371 4034 tot
382 3979 453 4056 juris
462 3976 662 4036 controversiis
673 3994 754 4033 novae
764 3974 882 4036 Codicis
891 3977 1007 4036 editioni
1015 3977 1142 4035 ineruit.
1184 3976 1257 4043 Quae
1272 3984 1369 4053 postea

281 4073 478 4134 aJustiniano
498 4078 560 4134 latre
581 4087 648 4135 sunt
669 4076 885 4134 constitutiones
905 4073 1048 4134 XCVIII.
1071 4075 1106 4132 sd
1125 4085 1247 4133 mortem
1269 4089 1368 4146 usque,

280 4169 415 4231 Novello
429 4176 620 4250 appellantur;
641 4174 807 4234 anthentici
821 4176 973 4235 volumInis
986 4175 1102 4234 nomIne
1122 4175 1248 4234 versioni
1262 4190 1368 4249 anony-

279 4271 320 4330 mi
333 4271 493 4348 oujusdam,
509 4275 557 4344 qui
572 4275 688 4332 verbum
699 4277 786 4333 verbo
796 4274 895 4333 Latine
903 4273 1034 4344 reddidit,
1045 4275 1158 4332 tributo.
1200 4272 1246 4332 Ad
1263 4290 1368 4330 annum

282 4389 372 4443 usque
387 4374 456 4437 86⁷,
472 4388 522 4428 seu
536 4375 606 4438 910,
620 4373 711 4448 viguit
726 4375 774 4450 jus
792 4375 1011 4434 Justinienaeum
1024 4372 1099 4450 apud
1110 4373 1240 4442 Graecos,
1251 4369 1301 4430 cui
1313 4370 1368 4429 sul·
