3146 5266
352 477 409 538 DE
431 471 725 536 CONSCIENTIA
744 473 859 534 vnnt
877 471 936 534 ΕΤ
956 471 1170 536 ΕΒΒΟΝΕΑ.
1273 481 1312 535 ta

223 645 334 720 scipsos
346 660 404 700 nou
422 640 563 720 judicant,
586 639 698 698 tametsi
711 639 896 698 vehomenter
908 637 1085 713 delinquant,
1099 642 1149 714 qui
1161 657 1262 700 omnes
1276 659 1313 700 eo

222 751 288 801 sunt
307 731 519 800 miseriores.”¹
560 739 610 796 Sic
632 740 681 812 qui
702 739 758 797 sibi
777 748 981 815 persuaserunt
1001 741 1140 818 conjuges
1161 739 1246 798 licere
1259 741 1313 798 im·

223 839 320 918 pedire
333 841 421 917 prolis
444 838 666 916 generationem,
689 856 726 896 nc
747 836 799 894 filii
811 838 887 896 victu
908 839 1069 897 necessario
1091 847 1212 907 careant,
1235 838 1315 896 etita

222 941 294 997 iuter
314 957 345 996 se
368 944 585 1004 consueverunt,
599 935 718 1011 pessimi
734 934 829 993 delicti
847 937 888 994 rei
901 935 1023 994 habendi
1042 947 1126 1007 sunt;
1146 954 1224 996 error
1236 937 1314 994 enim

222 1037 362 1095 vincibilis
375 1037 542 1112 plerumque
556 1034 656 1092 saltem
669 1043 721 1092 cst.
763 1034 812 1091 Sic
825 1042 854 1092 ct
865 1052 1011 1109 precones
1024 1034 1153 1112 plerique
1166 1033 1316 1094 maledicta

223 1136 253 1192 in
266 1135 428 1194 Ecclesiam
450 1136 623 1211 ingerentes,
646 1150 684 1190 cx
706 1131 769 1190 zelo
781 1131 857 1190 haud
879 1132 1036 1192 secundum
1058 1135 1215 1200 scientiam,
1238 1133 1316 1192 haud

223 1233 306 1292 facilc
320 1242 499 1302 excusantur,
507 1251 595 1306 quum
610 1238 737 1307 oporteat
744 1231 889 1288 veritatem
897 1231 996 1290 scdrdo
1006 1233 1174 1312 investigare
1186 1251 1193 1290 ι
1217 1239 1236 1268 ‘⁶
1245 1231 1317 1304 quid

225 1333 302 1390 enim
326 1330 484 1405 iniquius,’'
512 1330 659 1404 inquiebat
683 1329 752 1388 olim
777 1328 981 1398 Tertullianus,
1009 1340 1127 1405 “quam
1149 1341 1180 1392 ut
1205 1329 1318 1390 oderint

225 1431 357 1490 homines
371 1429 449 1504 quod
457 1430 598 1506 ignorant,
609 1428 694 1486 etiam
703 1428 729 1484 si
735 1446 780 1486 ras
789 1436 912 1488 merctur
920 1427 1041 1490 odiiiml
1061 1442 1128 1490 mnc
1138 1431 1217 1490 enim
1225 1446 1318 1488 merc·

225 1539 269 1588 tur
282 1548 347 1587 cum
359 1530 540 1606 cognoscitur
549 1547 586 1585 an
598 1535 757 1586 mereatur:
779 1535 895 1586 vacante
909 1536 1003 1586 autem
1015 1530 1109 1588 meriti
1117 1529 1227 1598 notitia,
1241 1527 1318 1588 unde

229 1627 287 1686 odii
296 1629 403 1704 justitia
415 1620 624 1686 defenditur.’'²

270 1730 299 1783 5.
321 1725 442 1792 Quando
462 1727 525 1798 quis
543 1743 688 1784 exerrare
712 1732 790 1800 putat
812 1743 927 1801 gravem
948 1744 1012 1784 esse
1029 1727 1144 1803 culpam
1166 1726 1314 1799 qualevis

228 1843 295 1883 nere
318 1834 372 1892 est,
396 1825 518 1902 graviter
536 1833 643 1901 peccat,
667 1823 809 1882 voluntate
832 1825 940 1901 quippo
960 1843 1013 1882 sua
1035 1825 1214 1901 amplecu‘nrr
1233 1843 1318 1901 mare

228 1932 387 2000 peccatum.
428 1923 477 1980 Sic
490 1924 538 1996 qui
560 1931 657 1982 censet
669 1921 851 1980 mendacium
864 1921 899 1979 do
918 1940 949 1980 re
967 1923 1025 1981 levi
1047 1923 1188 1982 sacerdoti
1200 1923 1319 1990 dictim,

229 2023 313 2080 etiam
326 2023 356 2080 in
370 2022 514 2080 communi
527 2023 590 2080 vitm
605 2019 821 2088 consuetudine,
835 2032 982 2096 peccatum
1002 2039 1066 2080 essa
1079 2021 1191 2091 lethale,
1205 2021 1320 2080 menda·

227 2123 303 2181 cium
315 2120 480 2199 hujusmodi
492 2120 663 2197 proferendo
676 2121 797 2198 gravitm
815 2129 953 2196 peccaret
996 2119 1139 2180 Caurum
1159 2139 1235 2200 saepe
1244 2119 1321 2197 judi·

228 2221 302 2278 cium
328 2220 472 2297 gravitatis
491 2219 586 2278 delicti
608 2219 735 2292 sequitur
756 2228 862 2288 actium,
883 2219 933 2294 qui
952 2218 985 2276 nt
1003 2238 1070 2278 cum
1088 2219 1213 2294 quodam
1233 2237 1320 2278 sensu

229 2337 299 2396 vago
312 2337 378 2377 eum
391 2317 468 2378 haud
479 2319 575 2376 licere.
618 2319 688 2376 Non
701 2315 766 2376 ideo
779 2318 910 2377 videntur
921 2319 1029 2394 pcccati
1038 2319 1175 2395 gravioris
1185 2319 1215 2378 in
1224 2320 1321 2396 singu·

228 2417 264 2474 iis
277 2419 383 2476 actibus
397 2417 541 2493 arguendi,
557 2417 677 2490 quinon
691 2416 766 2476 certd
787 2417 843 2477 sibi
855 2417 1000 2476 statuerint
1018 2435 1069 2476 eos
1091 2436 1156 2476 csse
1175 2417 1319 2486 veniales,

230 2517 340 2589 quoties
353 2518 433 2575 enim
447 2534 496 2573 eos
510 2535 569 2574 non
581 2516 702 2592 graviter
720 2517 832 2575 illicitos
842 2516 1018 2594 judicarunt,
1032 2516 1168 2578 censendi
1180 2525 1247 2576 sunt
1258 2534 1322 2574 eam

232 2615 366 2672 malitiam
378 2617 409 2672 in
421 2615 456 2671 iis
469 2615 618 2690 agnovisse
632 2633 696 2687 quae
718 2633 817 2674 revera
837 2616 868 2674 iu
889 2615 924 2673 iis
947 2615 1030 2674 inest.
1072 2615 1123 2676 Sic
1142 2615 1179 2674 de
1201 2615 1320 2674 tactibus

234 2713 388 2788 conjugum
399 2713 472 2772 iuter
484 2731 525 2781 se,
539 2713 574 2771 de
587 2722 702 2772 omatus
715 2715 867 2772 mulierum
880 2715 1056 2782 excessibus,
1066 2712 1102 2772 de
1115 2713 1208 2772 verbis
1222 2731 1322 2789 parum

233 2809 381 2880 modestis,
395 2811 558 2885 caeterisque
570 2812 739 2890 plerumque
749 2810 947 2890 judicandum.

268 3000 309 3064 (l)
330 2998 404 3048 Hom.
416 3000 482 3049 xxvi.
494 3000 519 3048 in
529 3015 567 3064 cp.
576 2999 606 3048 ad
619 3000 690 3048 Rom.
961 3001 1003 3066 (2)
1023 2999 1152 3066 Apolcgel.
1167 2998 1214 3050 αἱ.
