3076 5260
324 454 381 514 DE
403 453 762 513 OBLIGATIONIBUS
783 453 1073 516 OLERIOORUM.
1187 467 1245 523 947

157 619 286 678 mortalis
299 637 365 678 reus
378 628 431 686 est,
448 617 547 697 judice
561 614 733 677 Boneoine.¹
773 620 931 697 Episcopis
943 618 1030 680 etiarn
1048 623 1171 702 injungit
1184 645 1250 684 con-

157 719 256 777 cilium
269 717 482 785 Tridentium,
497 727 528 776 ut
540 728 640 777 ourent
652 733 756 794 pueros
767 720 918 780 christiana
930 721 1058 778 doctrina
1067 723 1249 794 imbuendos,

158 817 348 893 parochorum
362 818 460 890 utique
474 835 579 892 opera:
603 817 623 854 ‘⁴
633 818 724 876 Iidem
747 819 832 876 11111111
856 819 955 877 saltem
971 820 1134 880 Dominicis
1148 833 1177 879 st
1189 825 1251 881 eliis

158 916 268 973 11111111
282 914 382 974 diebus
396 933 502 992 pueros
516 917 545 974 in
561 917 681 992 singulis
695 917 840 993 parochiis
853 919 920 975 fidei
935 918 1101 988 rudimenta,
1116 931 1144 977 et
1156 922 1252 980 obedi·

159 1015 265 1072 entiam
279 1033 348 1090 erga
361 1014 467 1082 Deum,
482 1023 511 1071 et
522 1023 653 1092 parentes
666 1015 817 1091 diligenter
837 1018 871 1075 ab
892 1017 939 1084 iis,
955 1017 990 1074 ad
1011 1035 1082 1090 quos
1103 1021 1250 1095 spectabit,

156 1113 252 1170 doceri
264 1114 410 1180 curabunt,
424 1115 449 1170 si
462 1131 535 1189 opus
548 1114 594 1180 sit,
609 1115 693 1172 etiam
708 1116 1115 1190 percensurasocclesiasticas
1124 1119 1250 1195 compel-

158 1206 268 1268 11111.”2
308 1211 381 1268 Haec
394 1230 514 1270 munera
526 1212 659 1270 omnibns
679 1231 777 1270 curem
797 1214 955 1272 animarum
975 1213 1144 1273 habentibus
1165 1218 1251 1292 plane

157 1309 341 1379 conveniunt,
356 1319 385 1366 et
406 1309 557 1387 diligenter
579 1320 646 1368 sunt
666 1311 806 1380 obeunda,
822 1331 910 1384 quum
925 1331 962 1369 ex
981 1322 1057 1370 recta
1076 1315 1250 1374 institutione

157 1425 312 1484 puerorum
325 1410 492 1484 presertim,
507 1407 557 1465 ted
570 1417 600 1465 et
618 1408 787 1477 adultorum,
809 1411 885 1468 salus
898 1410 1064 1486 reipublice
1078 1412 1248 1481 christiane,

158 1507 233 1564 sicut
245 1516 275 1564 et
286 1507 474 1583 singulorum,
488 1506 619 1584 pendeat.

200 1609 251 1663 44.
274 1606 458 1664 Sacramenta
479 1626 495 1663 a
515 1607 676 1684 pastoribus
698 1616 766 1665 sunt
788 1607 947 1683 prestanda
960 1607 1061 1665 ovibus
1075 1611 1136 1667 suis
1150 1629 1255 1686 pascua

160 1704 221 1762 hec
234 1706 299 1762 vitae
313 1707 522 1776 querentibus3
543 1705 602 1762 imo
623 1714 723 1780 sponte
743 1706 913 1782 porrigenda
932 1715 1007 1774 sunt,
1029 1715 1057 1764 et
1076 1725 1160 1764 ornne
1174 1709 1252 1768 adhi-

160 1803 283 1862 bendum
310 1815 354 1860 cst
379 1805 505 1864 studium
525 1812 557 1862 111
576 1804 737 1876 frequenter
763 1813 791 1860 et
816 1803 901 1880 digne
927 1805 1126 1882 suscipiantur.
1168 1807 1253 1865 Jubet

161 1901 274 1960 Rituale
300 1902 477 1962 Romanum.
520 1902 736 1974 “Quacumque
763 1903 820 1960 diei
841 1921 873 1960 ac
894 1905 984 1961 noctis
1007 1903 1077 1962 hora
1103 1903 1138 1960 ad
1164 1923 1254 1962 sacra·

161 2013 257 2060 rnenta
277 2002 464 2060 ministranda
485 2001 640 2067 vocabitur,
665 1998 847 2080 (parochus)
870 2002 976 2060 nullam
998 2001 1094 2060 officio
1108 2021 1160 2060 suo
1184 2023 1254 2080 prae·

160 2100 272 2168 stando,
301 2099 469 2180 (presertim
495 2100 522 2157 11
542 2101 697 2158 nenessitas
723 2097 845 2178 urgeat)
868 2119 979 2158 moram
999 2102 1169 2178 interponat.
1211 2104 1254 2160 Ac

161 2209 311 2275 propterea
324 2201 463 2276 populum
474 2217 565 2275 sepe,
587 2209 670 2274 prout
689 2217 753 2257 sese
773 2199 874 2257 offeret
886 2195 1007 2267 occasio,
1028 2201 1214 2276 premonebit
1226 2212 1256 2259 ut

161 2313 227 2355 cum
240 2317 321 2358 sacro
343 2299 500 2358 ministerio
520 2315 596 2374 opus
618 2297 711 2366 suerit,
726 2317 757 2355 se
778 2316 863 2371 quam
884 2300 1008 2373 primum
1023 2298 1151 2368 advocet,
1175 2301 1255 2358 nulla

161 2398 298 2474 temporis
324 2408 372 2455 aut
391 2399 600 2475 cujuscumque
620 2397 795 2455 incommodi
816 2397 911 2456 habita
934 2393 1090 2459 1111“οι11.”3
1130 2397 1257 2459 Peccant

161 2496 247 2571 igitur
262 2498 386 2574 graviter
398 2506 527 2573 pastores
540 2505 569 2554 et
581 2496 759 2554 Missionarii
774 2497 823 2568 qui
837 2496 906 2554 adeo
928 2515 958 2554 11
973 2497 1104 2555 difficiles
1123 2499 1169 2556 rel
1188 2517 1255 2576 neg·

163 2593 284 2672 ligentcs
300 2596 424 2672 prebent
445 2597 475 2653 in
494 2604 733 2654 sacramentorum
758 2595 1007 2663 administratione,
1026 2605 1057 2653 ut
1077 2596 1183 2671 populo
1197 2615 1255 2656 non

163 2693 201 2750 sit
214 2693 298 2770 copia
311 2692 499 2752 satisfaciendi
514 2703 657 2770 praecepto
670 2693 807 2769 paschali,
821 2701 849 2748 et
867 2691 1001 2749 subsidiis
1015 2711 1046 2749 ae
1060 2703 1156 2750 contm
1169 2705 1256 2753 tenta·

164 2792 257 2849 tiones
281 2791 438 2850 muniendi.
488 2793 546 2850 Sed
578 2794 681 2849 certius
707 2792 877 2868 graviusque
898 2799 998 2865 peccat
1017 2790 1148 2848 sacerdos
1174 2811 1256 2852 suurn

163 2889 312 2966 denegans
326 2890 514 2948 ministerium
528 2892 650 2948 versanti
673 2891 703 2947 in
724 2889 823 2948 mortis
837 2888 1012 2955 discrimine,
1026 2889 1073 2946 vel
1084 2907 1179 2948 moras
1193 2910 1257 2950 nec·

167 2998 228 3044 tens
250 3007 315 3046 cum
336 2989 496 3046 moribundi
519 2990 618 3047 salutis
642 2988 778 3064 periculo.
819 2988 907 3046 Jubet
928 2987 1051 3055 Rituale,
1071 2994 1258 3066 utparochus

164 3086 259 3144 visitet
273 3096 404 3163 egrotos,
419 3089 576 3164 presertim
589 3089 800 3163 ingravescente
815 3087 925 3152 morbo,
940 3096 968 3143 et
981 3100 1155 3146 sacramenta
1168 3093 1195 3149 ei
1209 3091 1256 3149 ad·

166 3185 316 3252 ministret,
335 3186 450 3262 ipsique
469 3187 500 3242 in
520 3187 597 3242 exitu
620 3187 683 3242 vitre
703 3171 796 3260 posito
809 3193 911 3259 praesto
925 3185 972 3249 sit,
987 3185 1065 3240 omni
1079 3205 1133 3260 ope
1146 3189 1172 3244 ei
1195 3192 1259 3248 sub-

170 3294 315 3341 venturus.
358 3284 436 3343 Hinc
451 3301 514 3342 mos
534 3284 627 3340 estin
647 3283 729 3341 Italia
749 3281 868 3353 aliisque
888 3280 1053 3356 regionibus
1067 3283 1213 3342 catholicis
1228 3299 1259 3346 ut

166 3382 318 3457 parochus,
333 3383 379 3442 vel
392 3382 526 3444 sacerdos
541 3383 575 3439 ab
594 3383 672 3439 eoin
693 3381 722 3438 id
734 3380 861 3437 muneris
881 3379 1041 3455 deputatus,
1055 3379 1103 3436 diu
1117 3393 1260 3457 noctuque

168 3478 240 3538 adsit
253 3481 442 3540 moribundo:
465 3480 542 3553 quod
555 3481 687 3557 pietatem
702 3478 883 3550 studiumque
903 3477 999 3534 salutis
1014 3477 1152 3538 eximium
1166 3492 1260 3544 osten·

167 3576 216 3635 dit.
259 3579 293 3637 ld
305 3580 372 3637 licet
384 3598 442 3639 non
456 3581 493 3636 sit
504 3580 629 3637 moribus
643 3579 747 3636 nostris
756 3585 912 3652 receptum,
928 3593 1016 3648 quum
1025 3579 1110 3651 pauci
1122 3576 1258 3640 hactenus

167 3675 271 3735 suerint
284 3679 457 3758 sacerdotes,
476 3689 503 3735 et
516 3679 684 3736 necessariis
698 3677 804 3733 muniis
818 3673 968 3752 explendis
982 3672 1088 3732 idcirco
1102 3678 1150 3736 vix
1164 3694 1262 3754 1111111,Γ

168 3775 324 3835 imitatione
338 3775 455 3853 dignum
469 3787 522 3844 cst,
536 3783 675 3849 quatenus
684 3793 779 3833 rerum
793 3774 925 3851 adjuncta
934 3773 1040 3830 sinunt.

206 3879 255 3932 45.
277 3874 426 3934 Scandalis
448 3877 580 3946 vitiisque
604 3874 794 3949 grassantibus
818 3873 930 3930 obviam
954 3879 997 3928 est
1019 3872 1163 3930 eundum:
1191 3877 1285 3948 qua-t

168 3982 285 4049 propter
303 3973 453 4050 parochus,
468 3991 519 4030 seu
540 3973 611 4030 alius
632 3973 734 4045 quovis
755 3972 871 4029 nomine
891 3968 1023 4026 sacerdos
1037 3970 1083 4027 cui
1104 3973 1261 4033 animarum

167 4072 322 4130 commissa
334 4081 377 4129 est
389 4091 464 4140 cura,
479 4071 563 4129 debet
575 4078 736 4147 peccatores
757 4079 914 4145 opportune
932 4067 1085 4142 corripere,
1099 4088 1216 4144 eosque,
1230 4076 1255 4132 si

202 4261 244 4324 (1)
264 4260 337 4324 Apud
348 4261 457 4311 Antoine
466 4259 548 4312 Tract
560 4260 590 4309 de
602 4258 799 4321 obligationibus,
811 4273 832 4308 c.
844 4257 860 4306 i.
872 4274 913 4321 qu.
925 4255 966 4306 vii.
978 4272 1003 4306 11.
1015 4259 1039 4306 t.

202 4341 244 4407 (2)
265 4341 333 4392 Sars.
344 4341 410 4392 xxiv.
422 4359 475 4407 cap.
486 4341 518 4392 iv.
529 4341 559 4391 111
571 4341 624 4390 1111.
775 4340 817 4404 (3)
836 4337 875 4388 Da
884 4337 914 4387 iia
925 4353 978 4402 que
990 4335 1017 4388 in
1029 4338 1084 4391 Sec.
1096 4341 1229 4395 administr.
