3076 5260
725 1391 868 1456 CAPUT
889 1396 959 1455 v11.

695 1629 734 1668 ou
755 1629 870 1670 onoma
891 1629 997 1668 crvrnr.

633 1809 695 1884 §L
736 1810 787 1869 Da
805 1827 1057 1868 nnorsrnnrrnns.

338 2013 405 2066 153.
427 2006 654 2068 Maarsrnarnu
674 2027 760 2068 uenio
780 2011 886 2068 ambire
909 2009 992 2085 debet
1011 2009 1060 2081 qui
1080 2008 1161 2084 leges
1182 2027 1242 2066 non
1263 2010 1304 2066 sit
1324 2011 1389 2067 satis

294 2107 411 2166 edoctus
426 2108 461 2166 ad
475 2127 578 2167 munus
592 2109 794 2168 exercendum.
835 2109 910 2169 Illud
929 2107 1004 2166 haud
1023 2106 1095 2165 lucri
1113 2107 1216 2176 studio,
1237 2109 1284 2166 vel
1300 2128 1387 2185 popu·

293 2208 360 2266 laris
374 2207 520 2286 captandae
534 2229 620 2276 aurae,
634 2209 679 2266 vel
699 2209 735 2268 ob
755 2211 893 2285 privatam
910 2225 1121 2282 quamcumque
1141 2208 1303 2276 utilitatem,
1318 2209 1389 2266 bono

293 2305 408 2383 publico
428 2309 590 2385 proposito,
615 2309 693 2368 obire
714 2309 815 2368 debet:
837 2309 889 2366 sed
911 2325 1094 2367 communem
1118 2308 1248 2367 omnium
1271 2307 1388 2364 saluum

291 2405 434 2490 imprimis
449 2425 585 2478 quaerere,
600 2418 629 2466 et
642 2425 704 2479 quae
724 2409 803 2483 justa
822 2417 928 2466 suntet
948 2425 1031 2480 aequa
1049 2407 1153 2476 facere,
1167 2407 1280 2465 etiamsi
1292 2406 1389 2464 odium

292 2506 338 2564 vel
351 2505 551 2564 detrimentum
564 2505 630 2563 iude
640 2505 779 2564 oriturum
793 2507 839 2564 sit.
871 2507 961 2584 Igitur
974 2514 1093 2583 peccant
1106 2509 1155 2578 qui
1165 2507 1263 2583 legum
1277 2507 1387 2583 penitus

292 2604 393 2683 ignari,
407 2614 436 2663 et
444 2603 555 2683 jndicio
569 2603 645 2664 haud
655 2606 806 2682 pollentes,
818 2625 922 2664 munus
936 2607 992 2664 hoc
1007 2617 1166 2674 assumunt,
1181 2625 1245 2665 cum
1261 2605 1387 2682 periculo

291 2705 390 2767 damni
403 2706 544 2766 inserendi
557 2705 593 2764 iis
608 2705 642 2764 de
657 2724 778 2778 quorum
792 2707 992 2765 controversiis
1012 2707 1183 2764 sententiam
1199 2706 1330 2782 proferre
1344 2706 1388 2763 de·

292 2804 369 2866 bern.
411 2807 538 2864 Peccant
560 2807 645 2864 ctiam
666 2805 764 2884 siqui
787 2807 902 2864 foveant
918 2806 1014 2884 jurgia
1027 2804 1128 2862 litesve
1149 2806 1178 2863 in
1199 2806 1244 2862 sui
1267 2805 1387 2872 lucrum,

290 2925 378 2978 quum
393 2905 513 2964 debeant
533 2924 633 2981 pacem
654 2905 759 2962 civium
780 2915 809 2962 et
827 2907 975 2964 utilitatem
995 2923 1174 2980 promovere.
1219 2906 1350 2964 Peccant
1362 2906 1386 2963 si

290 3007 339 3074 qui
353 3004 521 3061 sententiam
536 3005 681 3078 proferant
696 3004 842 3080 injustam,
857 3003 1030 3082 praejudiciis
1044 3003 1229 3080 popularibus
1243 3004 1386 3070 cedentes,

289 3101 335 3159 vel
347 3102 520 3178 privatorum
534 3100 698 3158 utilitatibus
711 3100 867 3170 studentes,
881 3122 947 3161 cum
968 3104 1164 3161 innocentium
1177 3103 1293 3163 damno.
1316 3105 1385 3161 Pec-

289 3211 355 3261 cant
367 3201 416 3274 qui
429 3201 497 3260 odio
511 3201 556 3258 vel
570 3201 657 3278 gratia
667 3220 684 3256 a
696 3201 796 3258 semita
804 3202 920 3279 justitiae
935 3202 1109 3270 deflectunt;
1123 3212 1152 3262 et
1166 3204 1216 3276 qui
1228 3203 1384 3261 libertatem

290 3303 471 3360 conscientia
485 3300 584 3359 violari
597 3301 702 3367 sinunt,
715 3319 872 3377 pauperum
886 3302 951 3361 tiliis
965 3304 999 3360 ab
1010 3302 1083 3358 avita
1094 3301 1244 3379 Religione
1259 3305 1295 3360 ab
1309 3303 1382 3360 heris

290 3411 387 3461 contra
399 3401 478 3477 leges
492 3400 626 3458 abductis
669 3399 728 3484 Ubi
741 3400 811 3472 quid
828 3400 936 3458 faciunt
950 3403 1034 3478 juxta
1046 3400 1126 3477 leges
1140 3401 1218 3474 quod
1231 3403 1260 3460 in
1275 3402 1383 3478 Religi-

290 3503 354 3558 onis
368 3501 568 3560 detrimentum
589 3498 679 3566 cedat‚
700 3499 747 3556 vel
766 3499 876 3576 legibus
900 3502 1045 3574 mentique
1069 3500 1210 3580 Ecclesiae
1224 3520 1325 3577 pamm
1348 3501 1384 3556 sit

290 3619 460 3668 consonum,
475 3601 604 3658 excusari
618 3598 757 3667 videntur,
772 3618 860 3671 quum
874 3619 926 3660 suo
941 3601 1057 3658 nominc
1070 3618 1129 3658 non
1143 3609 1237 3676 agant,
1251 3619 1306 3658 nec
1321 3618 1385 3676 spe·

291 3701 378 3758 ciales
392 3719 477 3757 casus
490 3699 661 3774 respiciant3
682 3698 733 3755 sed
746 3707 890 3770 tamquam
909 3718 1000 3758 causae
1014 3699 1190 3756 universales
1204 3719 1271 3776 erga
1284 3717 1384 3756 omnes

290 3801 395 3876 pariter
407 3818 438 3856 se
453 3807 553 3874 gerunt
565 3799 661 3874 legum
675 3799 853 3856 executione.
887 3781 1007 3857 'Eorum
1022 3817 1079 3857 non
1090 3806 1134 3855 est
1145 3799 1242 3875 legum
1256 3798 1382 3874 pendere

291 3901 461 3972 aequitatem,
472 3897 516 3954 vel
527 3897 715 3955 conscientias
729 3897 867 3974 dirigere;
889 3898 940 3956 sed
952 3898 1031 3976 leges
1045 3898 1161 3969 exequi,
1176 3905 1204 3954 ct
1216 3899 1315 3955 munia
1328 3897 1382 3954 sibi

291 3996 457 4056 demandata
471 3997 559 4054 obire.
602 3994 691 4070 Igitur
703 4016 762 4055 non
781 4007 900 4073 peccent
919 3999 949 4054 in
962 4007 1023 4056 acta
1035 3997 1189 4054 referentes
1202 3996 1383 4054 matrimonia

291 4114 386 4154 coram
400 4115 431 4152 se
444 4103 594 4162 contracta,
617 4093 652 4151 de
665 4093 846 4170 ligaminibus
865 4115 928 4168 quse
948 4115 985 4154 ex
1005 4097 1069 4174 lege
1088 4096 1230 4154 Ecclesiae
1243 4095 1381 4162 oriuntur,

290 4191 366 4250 hand
380 4194 501 4252 soliciti:
523 4213 576 4254 neo
589 4194 667 4252 enim
680 4213 793 4253 sacrum
807 4196 932 4268 aliquem
944 4197 1030 4254 ritum
1044 4195 1202 4272 perficiunt,
1216 4193 1266 4251 sed
1281 4203 1382 4252 testan-

290 4302 334 4348 tur
347 4290 381 4347 de
395 4309 536 4352 consensu
552 4294 687 4370 praestito.
722 4296 853 4353 Attamen
874 4314 992 4372 peccare
1004 4293 1137 4354 videntur
1150 4294 1200 4366 qui
1214 4292 1380 4350 catholicos
