3076 5260
267 475 327 532 80⁰
416 469 473 530 DE
495 467 855 534 OBLIGATIONIBUS
876 467 1209 530 RELIGIOSORUM.

268 647 312 696 tur
324 645 345 672 ‘⁴
354 645 448 694 tamen
462 645 580 712 possem
592 635 749 704 venialiter,
762 634 810 694 rel
828 633 981 694 mortaliter
993 653 1111 713 peccare
1123 655 1160 696 ex
1174 635 1359 714 negligentia,

269 737 315 794 vel
326 734 453 802 libidine,
474 753 525 794 eeu
546 727 757 813 contemptn.”¹
798 734 944 807 Quicquid
965 744 1059 793 aumm
1080 735 1116 795 ad
1135 737 1200 794 rota
1213 742 1359 814 spectans,

269 834 314 893 rel
336 833 372 892 ad
391 835 511 894 insumit
530 835 726 903 substantiam,
747 835 870 912 graviter
888 835 1011 912 injungit
1030 835 1179 913 Superior,
1190 835 1228 894 t’rt
1248 835 1361 894 virtute

270 940 381 994 emate
394 933 579 1002 obedientie,
593 932 639 992 vel
651 934 740 993 simili
753 933 1013 1002 sormaverborum,
1027 935 1052 992 si
1065 933 1234 1012 negligatur,
1248 933 1360 994 lethalis

269 1041 313 1092 eet
324 1033 417 1110 eulpa.
461 1041 481 1070 ‘⁶
493 1032 665 1110 Religiosi,'’
681 1034 772 1106 inquit
785 1033 817 1091 S.
829 1033 969 1101 Thomas,
991 1041 1011 1070 “
1021 1033 1213 1092 obedientiam
1227 1033 1362 1110 profiten-

270 1141 470 1204 torquentum
498 1132 534 1190 ad
553 1133 709 1209 regularem
736 1133 991 1201 conversationem,
1012 1132 1169 1192 secundum
1196 1151 1287 1210 quam
1306 1132 1363 1190 suis

269 1230 390 1308 prelatis
403 1231 569 1290 subduntur.
611 1231 652 1290 Et
673 1231 738 1289 ideo
751 1239 887 1304 quantum
902 1232 939 1290 ad
951 1232 999 1290 illa
1011 1232 1072 1290 sola
1090 1231 1207 1292 obedire
1221 1239 1362 1296 tenentur,

269 1347 332 1404 quor
355 1339 478 1406 possunt
497 1328 533 1388 ad
552 1331 708 1407 regularem
732 1331 975 1389 conversationem
988 1323 1179 1408 pertinere.”²
1221 1331 1363 1389 “Votum

270 1437 365 1488 autem
383 1429 569 1508 proiessionis
587 1431 703 1507 respicit
723 1429 914 1506 principaliter
933 1431 984 1488 tria
1006 1429 1149 1506 predicta,
1163 1430 1278 1489 scilieet
1298 1447 1364 1506 pau·

271 1525 417 1606 pertatem,
432 1529 645 1597 continentiam,
654 1539 681 1587 ct
693 1528 893 1598 obedientiam,
908 1529 963 1587 alia
975 1527 1043 1588 verb
1054 1531 1150 1588 omnia
1163 1529 1199 1588 ad
1212 1529 1276 1587 haec
1290 1527 1365 1586 ordi·

270 1639 380 1686 neuun.
434 1628 474 1684 Et
499 1627 564 1687 ideo
590 1629 777 1706 uansgressio
802 1627 905 1688 hortun
927 1629 1012 1688 trium
1044 1628 1149 1705 obligat
1170 1628 1206 1687 ad
1231 1627 1363 1686 mortale.

269 1725 399 1784 Aliorum
413 1736 507 1784 autem
520 1727 707 1806 transgressio
719 1745 779 1786 non
799 1727 903 1803 obligat
921 1726 955 1785 ad
973 1728 1101 1796 mortale,
1114 1728 1171 1786 niei
1180 1728 1231 1815 pel
1246 1737 1365 1805 propter

270 1833 464 1902 contemptum
477 1827 592 1904 regulae,
606 1828 673 1900 quie
690 1827 745 1885 hoo
764 1826 869 1884 directe
882 1828 1098 1886 contrariaretur
1110 1827 1294 1904 professioni,
1312 1845 1365 1908 per

272 1943 357 1998 quam
370 1925 473 1998 aliquis
491 1927 570 1983 vovit
590 1925 748 2003 regularem
771 1927 879 1994 vitam;
900 1926 946 1984 vel
968 1935 1084 2002 propter
1101 1937 1290 2003 preceptum,
1304 1927 1365 1984 sire

270 2041 319 2084 ore
333 2033 416 2082 tenm
427 2045 443 2083 a
456 2023 569 2101 prelato
583 2024 697 2093 iactum,
711 2026 815 2084 sivein
828 2025 924 2102 regula
935 2043 1122 2102 expressum:
1137 2025 1276 2099 quiahoc
1290 2035 1366 2083 essct

272 2123 364 2182 iacere
377 2135 476 2182 contra
488 2124 656 2183 obedientie
670 2115 817 2184 votum.'’³

310 2227 360 2282 78.
381 2223 509 2281 Possrmt
520 2224 605 2282 etiam
620 2225 780 2300 superiores
793 2241 828 2280 ea
840 2224 994 2300 precipere
1014 2233 1043 2282 et
1056 2233 1179 2283 statuere
1193 2241 1259 2297 qnae
1273 2222 1309 2282 ad
1321 2225 1363 2282 in·

268 2323 396 2380 stitutum
409 2322 578 2382 servandum
592 2334 748 2382 noscuntur
759 2323 930 2391 necessaria,
940 2322 1007 2383 licet
1019 2323 1054 2381 de
1072 2325 1107 2382 iis
1120 2323 1193 2383 nihil
1213 2323 1244 2382 in
1264 2323 1362 2400 regula

271 2419 317 2486 sit,
332 2418 461 2490 nihilque
482 2421 550 2478 dum
574 2422 716 2497 professio
735 2423 909 2480 emitteretur
930 2423 1107 2501 cogitaretur.
1149 2423 1184 2482 ld
1204 2423 1363 2500 presertim

271 2515 485 2594 intelligendum
508 2518 546 2580 de¹
564 2537 699 2595 supremo
713 2518 844 2597 presule,
866 2520 1006 2580 Pontifice
1027 2522 1137 2581 scilicet
1149 2523 1294 2589 Romano,
1315 2521 1362 2594 qui

267 2621 333 2699 jure
355 2617 464 2695 optimo
484 2620 607 2698 injungit
627 2621 764 2678 servanda
782 2621 879 2679 omnia
901 2639 965 2694 quac
986 2622 1021 2680 ad
1041 2623 1161 2680 institisti
1174 2621 1361 2700 integritatem

272 2719 462 2792 requiruntur.
505 2720 554 2778 Sic
574 2720 703 2780 clausura
713 2721 839 2798 injuncta
858 2727 902 2776 eet
914 2722 1087 2780 monialibus
1101 2722 1233 2781 omnibus
1247 2741 1264 2779 a
1277 2720 1361 2779 Boni·

271 2819 345 2876 secio
358 2816 456 2886 v111,
470 2837 558 2891 quum
572 2839 605 2878 ea
617 2820 747 2896 neglecta
759 2819 961 2897 periclitaretur
974 2822 1097 2880 castitas.

311 2919 361 2974 79.
382 2916 480 2974 Etiam
495 2937 560 2976 cum
575 2920 640 2976 vite
654 2919 780 2994 periculo
794 2917 952 2976 obedientia
974 2920 1124 2994 aliquando
1138 2919 1299 2996 prestanda
1310 2927 1362 2985 est,

269 3011 383 3086 quando
397 3015 471 3072 actio
491 3015 649 3090 periculosa
669 3017 829 3074 neccssaria
850 3027 904 3084 est,
928 3028 957 3076 et
978 3020 1105 3079 instituto
1132 3037 1270 3078 consona.
1312 3017 1362 3074 Sic

270 3111 425 3188 precipere
447 3121 541 3188 potest
567 3113 713 3190 Superior,
740 3125 771 3172 ut
796 3113 942 3190 professus
972 3120 1119 3177 subveniat
1139 3119 1201 3177 aliie
1224 3116 1363 3195 professis

271 3221 351 3289 peste
365 3211 495 3271 iniectis:
521 3215 605 3272 etiam
625 3223 658 3271 ut
679 3215 740 3272 aliis
754 3225 928 3273 sacramenta
947 3217 1132 3288 administret,
1154 3219 1181 3276 ei
1201 3215 1363 3276 sacerdotes

271 3310 420 3370 saeculares
440 3331 499 3371 non
511 3313 663 3381 sufficiant,
677 3315 832 3390 praesertim
847 3315 960 3386 quando
975 3318 1131 3376 institutum
1146 3318 1181 3376 ad
1204 3318 1362 3376 animarum

272 3410 392 3470 salutem
407 3421 452 3468 est
464 3411 610 3471 directum.

311 3515 360 3569 80.
382 3511 431 3569 Ex
445 3513 541 3571 animo
555 3511 744 3571 obediendum
759 3520 811 3580 est,
827 3531 915 3584 quum
941 3525 1035 3574 votum
1055 3516 1193 3574 emissum
1207 3518 1245 3574 sit
1259 3513 1294 3571 de
1308 3516 1364 3573 vir-

272 3620 330 3669 tute
343 3609 472 3679 colenda,
487 3631 544 3670 non
557 3612 592 3670 de
605 3622 724 3670 externo
737 3621 845 3670 tantmn
865 3613 1012 3687 obsequio.
1055 3614 1159 3674 Merito
1180 3616 1266 3693 igitur
1286 3613 1365 3672 dam·

273 3721 337 3768 nata
350 3717 393 3766 est
406 3707 557 3768 Michaelis
571 3711 606 3769 de
620 3710 748 3770 Melinos
761 3712 938 3789 propositio:
961 3722 981 3749 ⁴⁴
991 3715 1156 3792 Praepositis
1172 3712 1365 3774 obediendum

272 3820 316 3868 eet
328 3810 357 3868 in
371 3809 519 3877 exteriore,
530 3818 558 3866 et
569 3809 686 3868 latitudo
705 3813 764 3869 voti
777 3808 942 3870 obedientie
956 3814 1154 3891 religiosorum
1167 3811 1364 3872 tantummodo

271 3911 397 3970 extenua
410 3909 552 3987 pertingit.
593 3909 627 3969 ln
640 3910 773 3968 interiore
786 3908 852 3968 vero
866 3910 946 3969 aliter
959 3931 989 3970 se
1010 3913 1102 3982 habet,
1117 3933 1173 3986 quo
1187 3913 1266 3972 eolus
1281 3911 1365 3970 Deua

272 4018 301 4066 et
313 4009 434 4069 director
447 4003 599 4068 intrant.”⁴
638 4008 783 4083 Equidem
798 4009 866 4095 dicit
878 4009 910 4068 S.
923 4011 1053 4072 Thomas
1065 4033 1073 4070 ε
1089 4022 1109 4048 “
1120 4015 1151 4072 in
1163 4013 1209 4072 his
1223 4032 1287 4087 que
1301 4030 1365 4089 per·

306 4209 349 4272 (1)
369 4213 393 4258 2.
405 4207 428 4257 2.
440 4210 597 4271 quelxxrri.
609 4209 873 4278 ert.ix.odprimunr.
952 4273 954 4278 Ι

305 4293 348 4357 (2)
367 4293 384 4339 Β
403 4294 629 4353 2.qu.cir.art.v.
663 4294 819 4346 Adtertium.

305 4377 347 4444 (³)
367 4373 468 4434 ibidem,
483 4391 523 4439 qu.
536 4378 645 4430 clxxxvi.
657 4388 701 4430 ert.
711 4380 746 4430 ix.
781 4381 856 4448 Κεφ.
1003 4383 1046 4450 (4)
1066 4382 1196 4448 Proplxv.
