3146 5266
644 1231 786 1291 CAPUT
806 1233 861 1292 111.

561 1449 599 1488 DE
621 1449 823 1490 consererem
842 1449 944 1490 nuum.

253 1633 300 1686 13.
323 1627 533 1688 Conseruarum
547 1628 640 1686 dubio
653 1638 698 1686 est
716 1631 866 1706 suspensio
875 1628 977 1707 judicii
989 1628 1024 1688 de
1037 1631 1131 1708 operis
1144 1631 1250 1692 malitia
1262 1633 1298 1691 ob

209 1727 353 1786 rationum
364 1727 514 1796 defectum,
526 1747 576 1785 seu
589 1733 732 1804 pdgnam:
747 1738 854 1786 certum
864 1730 940 1788 enim
950 1729 1090 1806 judicium
1099 1732 1299 1790 conscientiam

207 1835 314 1886 certam
327 1826 402 1884 facit
444 1827 477 1884 Si
494 1829 615 1885 rationes
636 1827 693 1884 sint
713 1828 837 1885 adversae
855 1837 886 1886 et
903 1829 1051 1904 opposite,
1066 1828 1198 1906 positive
1217 1829 1300 1887 dubia

210 1934 328 1984 vocatur
340 1927 527 1984 conscientia:
548 1925 691 2006 negative
703 1925 771 1984 rerd
785 1924 878 1994 dubia,
892 1927 917 1983 si
930 1927 1052 1984 rationes
1063 1937 1161 1984 neutra
1173 1945 1211 1984 ex
1224 1935 1301 2003 parte

212 2025 375 2082 habeamur.
416 2026 561 2083 Dubitatio
583 2024 630 2082 vel
652 2027 768 2102 respicit
782 2028 842 2104 jus,
865 2025 910 2083 vel
930 2025 1003 2082 facta
1024 2025 1165 2102 specialia.
1207 2027 1240 2083 Si
1260 2027 1302 2084 rei

208 2124 311 2182 veritas
330 2124 360 2180 iu
380 2123 467 2183 dubio
487 2125 524 2182 sit
543 2125 645 2200 posita,
666 2124 783 2182 dubium
803 2123 1021 2202 speculativum
1041 2125 1116 2183 solet
1134 2127 1248 2184 vocari:
1277 2127 1302 2181 si

207 2224 249 2282 rei
271 2223 410 2281 honestas
432 2223 522 2282 dubia
542 2225 590 2290 sit,
612 2223 731 2282 dubium
745 2224 916 2302 practicam
936 2232 1059 2281 vocatur.
1101 2223 1218 2283 Dubitat
1237 2225 1303 2297 quis

208 2323 384 2400 speculative
405 2334 502 2382 utrum
521 2323 615 2383 valeat
632 2324 824 2400 baptismusa
843 2323 971 2382 sectariis
995 2321 1134 2400 Baptistis
1156 2323 1297 2382 collatus:

209 2424 345 2500 practice,
360 2434 458 2482 utrum
471 2423 493 2480 ii
507 2422 557 2495 qui
577 2422 612 2480 ab
632 2423 689 2480 illis
703 2424 734 2483 in
754 2441 843 2497 aquas
863 2422 1005 2484 submersi
1026 2432 1102 2493 sunt,
1124 2424 1227 2482 iterum
1248 2424 1305 2481 sint

213 2521 356 2580 abluendi.
598 2587 600 2592 Ι

251 2624 299 2678 14.
321 2620 379 2685 Qui
393 2621 517 2694 practice
530 2618 639 2678 dubitat
655 2620 690 2678 de
713 2621 833 2680 actionis
848 2620 1009 2687 honestate,
1024 2629 1135 2697 peccat,
1150 2623 1175 2678 si
1189 2620 1298 2678 dubita-

211 2721 291 2777 tione
305 2718 394 2775 animi
405 2717 483 2774 haud
495 2718 624 2796 deposita
638 2729 711 2798 agat,
727 2737 759 2776 se
772 2720 850 2776 enim
868 2717 1007 2794 peccandi
1020 2719 1180 2776 discrimini
1193 2717 1302 2793 objicit,

211 2819 335 2890 ideoque
348 2816 507 2892 periculum
520 2837 614 2876 amare
635 2818 834 2877 convincitur:
857 2817 949 2883 “Qui
962 2817 1021 2894 agit
1040 2815 1196 2883 scienter,”
1211 2817 1305 2890 inquit

209 2918 241 2976 S.
256 2918 431 2984 Antoninus,
448 2916 506 2975 “id
526 2917 562 2974 de
576 2937 635 2992 quo
648 2917 833 2977 dubitatcsse
853 2917 983 2985 mortale,
997 2925 1182 2994 pennaneutc
1196 2915 1304 2976 dubita·
1387 2985 1392 2994 ,

210 3020 298 3087 tione,
313 3015 471 3075 mortaliter
490 3027 601 3093 peccat,
622 3017 763 3077 sumendo
783 3017 900 3094 proprie
920 3027 949 3075 et
968 3018 1064 3075 stricte
1084 3017 1302 3083 dubitationem,

210 3127 296 3195 prout
308 3118 434 3174 rationes
448 3125 516 3174 suut
528 3135 611 3189 aeque
624 3117 816 3194 ponderantes
831 3115 866 3173 ad
878 3125 1030 3189 utramque
1043 3127 1163 3194 partem,
1177 3136 1232 3175 nec
1246 3134 1304 3172 ma·

158 3297 159 3300 ¹
212 3219 255 3294 gis
270 3217 475 3288 declinatquis
497 3215 533 3272 ad
553 3235 641 3275 unam
662 3227 773 3294 partam
794 3233 880 3290 quam
902 3215 938 3284 ad
958 3210 1092 3274 aliam.”¹
1132 3216 1166 3274 Si
1187 3215 1304 3282 dubitet,

211 3327 307 3374 utrum
320 3317 359 3374 sit
371 3325 530 3391 peccatum,
546 3317 616 3388 quin
637 3316 674 3374 ad
693 3317 844 3375 mortalem
857 3317 904 3374 vel
923 3316 1017 3374 levem
1038 3317 1101 3393 ejus
1114 3315 1253 3374 malitiam
1266 3323 1305 3369 at·

212 3415 318 3482 tendat,
334 3415 448 3474 videtur
461 3415 633 3492 plerumque
652 3417 755 3474 leviter
774 3433 903 3492 peccare,
924 3415 1075 3472 nonenim
1094 3416 1261 3489 gravitatem
1274 3412 1305 3468 in

211 3533 248 3572 ea
257 3515 396 3589 agnoseit.
440 3513 585 3573 Caeterum
600 3517 688 3574 animi
702 3514 900 3590 dispositionis
911 3521 939 3568 et
952 3511 1170 3568 consuetudinis
1181 3510 1254 3568 ratio
1265 3519 1308 3566 est

215 3612 353 3671 habenda.
402 3614 512 3672 Mulier
541 3633 604 3687 quae
637 3614 731 3672 mariti
759 3611 978 3672 familiaritatem
1005 3609 1150 3684 quandam
1176 3608 1306 3674 admittit,

216 3720 313 3770 utrum
326 3713 410 3770 liceat
422 3713 518 3780 dubia,
532 3733 592 3771 nou
605 3723 650 3772 est
662 3714 746 3772 facile
759 3712 870 3791 peccati
883 3711 1011 3770 mortalis
1025 3709 1202 3772 damnanda:
1225 3707 1304 3784 quod

217 3813 242 3868 si
256 3811 292 3869 de
307 3813 371 3888 ipsa
383 3813 511 3889 conjugii
525 3821 624 3870 natura
637 3822 665 3870 et
681 3813 738 3871 fine
759 3822 865 3890 agatur,
888 3813 974 3870 animi
995 3812 1132 3870 dubitatio
1146 3810 1224 3886 gravi
1238 3808 1308 3865 adeo

211 3912 284 3968 nixa
296 3913 418 3976 ratione,
433 3919 584 3986 peccatum
597 3913 716 3970 mortale
731 3921 826 3988 potest
838 3911 984 3969 inducere.

260 4015 306 4068 15.
329 4009 544 4086 speculativam
558 4009 764 4069 dubitationem
784 4011 927 4086 deponere
947 4015 1042 4085 potest
1060 4008 1137 4080 quis,
1151 4005 1309 4083 praesertim

219 4109 296 4166 rudis
309 4119 338 4166 et
351 4111 479 4185 ignarus,
502 4109 679 4178 confessarii,
695 4111 742 4168 vel
760 4110 892 4186 pastoris,
909 4107 1021 4184 judicio
1036 4126 1120 4166 suum
1140 4104 1307 4170 emendans,

219 4221 247 4265 et
261 4208 394 4266 firmans:
416 4227 483 4266 nam
494 4210 654 4268 animarum
668 4219 793 4268 rectores
807 4209 837 4268 in
847 4207 967 4266 aliorum
980 4207 1100 4266 salutem
1113 4207 1210 4284 positi,
1222 4204 1309 4262 duces

523 4413 565 4480 (l)
581 4417 592 4462 l
607 4430 656 4479 par.
669 4415 705 4465 tit
717 4414 750 4465 iii.
759 4431 780 4465 o.
792 4429 815 4464 x.
829 4417 842 4472 ξ
855 4429 880 4464 x.
892 4413 953 4476 Reg.
962 4413 995 4462 vi.
