3146 5266
268 502 304 554 10
521 498 578 556 DE
598 496 780 558 ACTIBUS
801 497 1103 560 VOLUNTARIIS.

309 665 355 717 ll.
370 661 569 722 Voluntarium
579 661 705 731 actuale,
718 682 768 721 seu
771 661 917 743 formale,
928 663 1031 722 dieitur
1040 663 1120 738 quod
1126 665 1190 737 quis
1202 673 1264 722 actu
1272 664 1349 721 vult:

266 762 454 819 voluntarium
471 762 601 822 virtuale
621 761 699 835 quod
719 764 778 820 vult
799 762 925 835 quidem,
947 765 1077 836 quamvis
1098 773 1161 821 actu
1182 763 1218 820 de
1238 780 1273 820 eo
1294 780 1352 822 nou

266 861 380 937 cogitet,
398 861 448 918 sed
469 863 526 939 agit
551 882 588 920 ex
609 862 713 939 praevia
733 863 875 920 voluntate
906 865 988 941 cujus
1016 863 1135 921 effectus
1156 873 1261 922 manet.
1304 862 1353 919 Sic

267 959 397 1016 sacerdos
412 961 462 1033 qui
475 962 593 1019 accessit
606 960 641 1018 ad
654 961 737 1018 altare
754 960 790 1018 ad
810 961 1007 1020 celebrandum
1028 981 1149 1031 sacrum,
1164 962 1234 1021 illud
1254 978 1352 1018 cense-

268 1071 311 1116 tur
323 1058 406 1125 velle,
421 1061 504 1118 etiam
520 1061 588 1118 dum
602 1069 676 1118 totus
697 1060 820 1118 intentus
833 1061 925 1118 verbis
938 1061 1098 1130 recitandis,
1113 1061 1153 1119 nil
1166 1060 1201 1118 de
1215 1059 1351 1122 sacrificio

267 1160 382 1234 cogitet.
422 1160 620 1218 Voluntarium
634 1158 788 1218 babituele
800 1159 931 1232 estquod
944 1179 981 1218 ex
994 1159 1199 1219 consuetudine
1213 1171 1241 1219 et
1253 1158 1352 1219 volun-

268 1267 322 1314 tate
335 1276 395 1314 non
408 1260 607 1326 retractatam,
622 1260 691 1332 quin
705 1259 872 1316 advertatur.
900 1259 949 1315 Sic
965 1261 1125 1336 juramenta
1144 1277 1182 1316 ex
1203 1267 1352 1318 consuetu·

267 1356 332 1414 dine
346 1357 498 1429 aliquando
512 1360 701 1435 proferuntur,
716 1357 785 1430 quin
806 1376 888 1416 mens
909 1358 944 1415 ad
964 1377 998 1415 ea
1010 1359 1148 1416 ullatenus
1169 1375 1200 1414 se
1221 1359 1352 1416 advertat.

268 1456 339 1522 Quae
354 1457 384 1512 in
397 1459 505 1514 somnis
519 1460 686 1535 contingunt
698 1475 735 1513 ex
756 1457 961 1515 consuetudine
982 1457 1057 1515 haud
1077 1465 1233 1526 retraetata,
1255 1457 1354 1514 vouln·

268 1555 337 1610 taria
357 1554 552 1615 lrobitueliter
572 1567 647 1615 sunt.
688 1556 887 1614 Voluntarium
907 1546 1131 1634 interpretemur
1152 1557 1255 1616 dicitur
1275 1555 1353 1630 quod

269 1654 333 1725 quis
347 1652 422 1710 eertb
436 1656 562 1713 noscitur
574 1657 646 1714 velle
659 1657 684 1712 si
705 1665 918 1731 proponeretur,
941 1656 991 1714 sed
1012 1655 1090 1730 quod
1110 1657 1268 1715 nullatenus
1281 1655 1351 1722 vult,

269 1753 471 1828 propositionis
484 1754 605 1814 defectu.
646 1755 694 1813 Sic
715 1755 867 1830 paciscitur
886 1757 950 1827 quis
972 1757 1085 1813 alterius
1106 1756 1221 1815 nornine
1242 1755 1277 1814 de
1291 1775 1352 1814 mu·

270 1869 336 1908 nere
349 1851 405 1908 levi
426 1854 558 1912 obeundo
578 1874 663 1913 causa
686 1873 796 1930 magum
817 1854 987 1912 haereditatis
1009 1855 1216 1932 adipiscendae:
1238 1874 1352 1933 persua·

268 1971 331 2008 sum
347 1952 401 2008 sibi
414 1953 520 2010 habens
534 1973 611 2021 eum,
625 1955 650 2010 si
663 1953 864 2020 consuleretur,
887 1972 1058 2012 eonsensum
1076 1955 1195 2013 libenter
1215 1957 1352 2031 praestitu·

269 2069 341 2106 rum.
382 2051 431 2106 Sic
444 2060 473 2107 et
485 2051 615 2108 sacerdos
629 2051 736 2108 alienus
750 2051 802 2107 iter
821 2052 928 2109 faciens
950 2053 1058 2111 invenit
1076 2053 1174 2111 fideles
1188 2055 1266 2112 omni
1279 2055 1352 2112 salu·

269 2149 305 2204 tis
319 2147 446 2206 subsidio
468 2150 516 2206 diu
530 2159 667 2217 carentes,
679 2169 751 2222 quos
763 2149 885 2208 Missam
897 2151 1073 2221 celebrando,
1087 2162 1115 2210 et
1125 2154 1261 2212 concione
1275 2171 1353 2211 saera

269 2247 384 2314 solatur,
398 2258 506 2306 certum
526 2248 633 2306 habens
655 2251 835 2326 episcopum,
857 2251 881 2308 si
903 2251 1025 2310 adeundi
1045 2271 1112 2310 eum
1132 2253 1205 2310 soret
1224 2252 1351 2320 facultas,

267 2346 411 2404 licentiam
425 2346 564 2406 daturum.
604 2349 737 2408 Attamen
750 2351 972 2427 praesumptione
992 2351 1045 2408 hae
1065 2353 1108 2409 uti
1120 2351 1256 2410 nonlicet
1268 2353 1298 2409 in
1311 2369 1354 2408 sa-

193 2437 200 2450 *
269 2455 413 2504 eramento
426 2449 598 2522 paenitentiae
609 2449 805 2516 ministrando,
818 2469 906 2522 quum
917 2469 1073 2508 consensus
1094 2451 1215 2525 praevius
1237 2450 1355 2508 omnino

269 2546 398 2622 exigatur
411 2545 446 2603 ad
454 2547 661 2624 jurisdictionis
675 2549 851 2617 exercitium,
866 2567 902 2607 ne
915 2558 1120 2606 sacramentum
1139 2549 1248 2606 irritum
1262 2549 1308 2604 sit.

309 2650 356 2702 12.
383 2644 582 2706 Voluntarium
591 2649 718 2729 physice
731 2647 833 2706 dieitur
846 2647 922 2721 quod
943 2648 1006 2720 quis
1028 2667 1079 2704 sua
1091 2647 1232 2705 voluntate
1254 2645 1351 2724 eligit:

268 2743 426 2804 moraliter
438 2747 628 2808 voluntarium
642 2747 776 2821 estquod
795 2749 939 2808 voluntate
960 2747 1062 2815 aliena,
1084 2766 1148 2820 quae
1161 2746 1352 2812 enarrabatur,

268 2846 374 2922 eligere
387 2857 527 2904 censetur.
568 2850 618 2905 Sic
640 2858 788 2922 parentum
809 2847 939 2903 voluntas
960 2845 1081 2904 valetde
1095 2847 1251 2905 minoribus
1272 2855 1352 2902 aetate

269 2946 299 3002 in
314 2944 444 3020 plurimis
458 2963 521 3015 quae
534 2945 631 3020 legum
645 2945 807 3002 auctoritate
821 2953 950 3018 aguntur.

313 3047 359 3100 13.
383 3042 585 3101 Voluntarium
608 3060 743 3121 cupresso
763 3052 808 3100 est
829 3041 907 3113 quod
928 3044 1003 3116 quis,
1028 3044 1074 3102 vel
1089 3045 1208 3103 vocibus
1222 3045 1268 3102 vel
1290 3044 1352 3102 aliis

270 3143 372 3219 signis,
387 3160 419 3198 se
443 3143 517 3200 velle
539 3143 663 3200 indicat:
685 3142 775 3202 tacite
796 3142 988 3201 voluntarium
1012 3153 1057 3202 est
1079 3144 1157 3217 quod
1181 3163 1218 3202 ex
1237 3144 1351 3202 silentio

269 3242 413 3319 colligitur
427 3242 461 3298 iis
475 3243 505 3300 in
519 3260 614 3302 rernm
629 3242 771 3320 adjunctis
792 3243 822 3301 in
837 3243 941 3315 quibus
964 3245 1028 3315 quis
1049 3244 1130 3317 loqui
1154 3244 1280 3312 deberet,
1295 3245 1352 3302 nisi

269 3361 370 3419 reapse
393 3344 576 3400 consentiret.
621 3344 709 3410 “Qui
731 3351 815 3410 tacet,
830 3344 992 3400 consentire
1007 3339 1168 3402 videtur.’'1
1210 3344 1261 3402 Sic
1274 3344 1351 3402 filius

268 3443 431 3501 consentire
453 3451 596 3511 censetur,
612 3442 727 3515 quando
750 3451 833 3511 tacet,
849 3452 966 3518 parente
990 3444 1053 3520 ejus
1075 3444 1192 3502 nomine
1207 3443 1353 3520 sponsalia

270 3535 481 3602 contrahente?
521 3544 656 3602 Attamen
669 3543 777 3619 pluries
799 3543 939 3619 contingit
960 3542 1106 3600 silentium
1121 3543 1196 3602 nihil
1209 3544 1303 3601 valere
1318 3541 1353 3600 ad

271 3644 445 3702 voluntatem
460 3641 648 3715 probandam.
692 3643 742 3698 Sic
766 3642 906 3700 creditore
920 3643 1112 3718 interrogante
1133 3643 1259 3716 aliquem
1273 3651 1355 3700 extra

266 3740 420 3816 judicium,
445 3749 540 3796 utrum
562 3739 589 3796 ei
609 3759 668 3798 non
695 3739 798 3797 debeat
819 3742 983 3816 pecuniam,
1006 3741 1093 3818 hujus
1121 3742 1268 3798 silentium
1294 3759 1354 3802 non

269 3850 363 3915 potest
376 3841 406 3898 in
428 3839 625 3914 probationem
651 3829 806 3896 adhiberi.³
848 3839 968 3905 Quoties
992 3840 1165 3899 verosimilis
1187 3848 1231 3897 est
1249 3838 1353 3897 silendi

269 3942 341 3998 ratio
362 3958 400 3996 cx
423 3938 584 4015 prudentia,
600 3938 646 3995 vel
668 3947 757 4006 metu,
772 3939 819 3996 vel
840 3939 897 3996 alio
919 3940 1012 4016 capite
1035 3939 1170 4010 derivata,
1194 3957 1353 3998 consensus

269 4039 422 4098 voluntatis
437 4058 495 4096 non
510 4048 554 4096 est
573 4037 801 4114 praesumendus
845 4040 898 4097 Vir
915 4040 998 4098 bonae
1019 4039 1101 4098 samae
1123 4061 1139 4098 a
1162 4041 1212 4100 vili
1235 4039 1353 4100 homine

303 4261 345 4325 (1)
359 4258 419 4321 Reg.
431 4258 491 4309 xliii.
502 4259 528 4308 in
541 4263 564 4309 6.

304 4343 346 4408 (2)
360 4346 421 4394 Can.
433 4342 555 4410 Sufficiat,
564 4360 638 4394 eausa
648 4345 725 4394 xxvii.
734 4361 776 4409 qu.
787 4346 821 4396 11.
834 4344 864 4396 Ο.
875 4345 911 4394 fin
923 4345 953 4396 de
964 4347 1062 4412 Sponsa
1070 4347 1181 4399 duorum.

304 4427 345 4494 (3)
359 4426 389 4477 L.
401 4425 487 4488 Filius,
498 4427 567 4477 xxix.
579 4427 604 4477 ff.
616 4429 766 4491 deinterrog.
778 4429 868 4494 injure
879 4429 1003 4480 faciendis.
