3076 5260
271 523 329 580 ³42
440 517 496 578 DE
517 513 877 577 OBLIGA'I'IONIBUS
897 511 1189 574 CLERIOORUM.

273 681 453 756 doctrinaque
472 681 629 751 retinenda,
650 701 683 740 uc
702 680 789 738 simul
807 680 842 738 de
861 679 944 748 luxu,
958 679 1225 747 comessationibus,
1239 679 1362 748 choreis,

271 781 349 848 aleis,
357 781 475 850 lusibus,
485 799 517 839 ac
527 783 753 854 quibuscumque
768 778 942 846 criminibus,
953 797 1072 838 necnon
1085 778 1268 836 secularibus
1278 799 1364 857 nego

271 879 317 938 tiis
330 879 461 956 sugendis
474 879 590 957 copiose
599 899 632 938 ac
645 879 790 937 salubriter
799 878 908 936 sancita
920 878 1044 945 fuerunt,
1063 876 1164 936 eadem
1175 878 1204 935 in
1215 888 1365 954 posterum

272 977 375 1038 dudem
389 980 483 1057 poeuis
496 980 544 1038 rel
556 979 711 1058 majoribus
725 977 839 1035 arbitrio
852 975 986 1035 ordinarii
1000 975 1193 1054 imponendis,
1209 977 1362 1036 observen-

273 1073 366 1136 ‘uniti

312 1181 361 1234 32.
383 1175 477 1242 Quam
490 1174 624 1234 dedeceat
637 1175 756 1234 clericos
770 1175 892 1232 avaritiae
904 1173 1003 1232 vitium
1016 1193 1052 1232 ex
1066 1174 1101 1232 iis
1115 1191 1179 1247 quae
1193 1172 1230 1229 de
1240 1175 1365 1250 negotia·

274 1276 350 1334 tione
364 1274 500 1341 diximus,
517 1273 650 1352 colligere
672 1274 748 1340 licet,
769 1291 836 1330 nam
858 1272 921 1330 hoec
938 1274 1079 1349 praecipue
1099 1281 1207 1330 uetatm
1228 1291 1265 1331 ne
1288 1273 1366 1331 lucro

274 1371 364 1432 inhiet
376 1372 507 1442 clericus,
522 1372 599 1446 quod
612 1382 693 1449 turpe
707 1372 780 1431 foret
792 1371 936 1430 sudium:
953 1379 972 1405 ‘⁴
981 1389 1017 1428 ne
1025 1370 1207 1430 lucrasaeculi
1216 1373 1247 1430 in
1255 1370 1367 1430 Christi

273 1491 382 1548 quaeras
396 1470 528 1540 militia,'’
551 1473 590 1530 ait
612 1465 839 1548 Hieronymus.⁵²
877 1470 944 1546 lpse
959 1470 1113 1546 Apostolus
1126 1469 1217 1527 voluit
1230 1469 1367 1529 diaconos

275 1572 344 1648 eligi
366 1580 455 1630 “non
476 1580 557 1646 turpe
576 1571 687 1628 luorum
707 1563 895 1627 sectantes.'’³
935 1567 1002 1633 Quo
1025 1570 1088 1640 quis
1102 1569 1194 1644 magis
1208 1579 1311 1626 auctus
1325 1579 1367 1628 est

276 1669 420 1746 dignitate,
434 1687 470 1727 eo
483 1669 575 1745 magis
596 1668 720 1726 alienum
742 1685 806 1724 esse
827 1675 938 1744 oportet
959 1686 976 1724 a
995 1667 1069 1744 turpi
1082 1668 1130 1725 illa
1142 1666 1292 1744 cupidine,
1305 1687 1368 1740 que

275 1767 356 1826 radix
371 1777 415 1824 est
436 1766 586 1826 malorum.
627 1766 698 1825 ideo
720 1765 876 1824 cavendum
896 1782 932 1821 ue
952 1783 1031 1822 sacra
1049 1785 1167 1824 munera
1180 1778 1369 1824 exerceantur

224 1937 228 1946 ¹
276 1867 418 1945 precipue
432 1867 469 1926 ob
482 1866 682 1942 eleemosynas
695 1864 822 1922 fidelium
837 1881 898 1936 quar
912 1881 1012 1921 eorum
1025 1866 1176 1923 occasione
1186 1863 1308 1924 dantur:
1324 1867 1368 1924 vel

276 1966 472 2024 subtrahantur
478 1965 661 2043 pauperibus.
683 1962 787 2021 Omnis
798 1963 974 2020 mercimonii
981 1973 1011 2021 et
1022 1964 1096 2041 pacti
1109 1964 1222 2040 species
1235 1964 1369 2022 evitanda

277 2073 330 2131 est,
344 2073 373 2121 et
395 2083 459 2138 qun
482 2064 582 2122 dantur
600 2063 811 2120 sustentationis
825 2057 951 2120 subsidia
963 2061 1128 2139 accipienda
1140 2072 1207 2120 sunt
1220 2073 1255 2121 ut
1267 2083 1370 2122 consu·

276 2163 348 2220 latur
360 2163 532 2230 necessitati,
545 2163 640 2238 potius
654 2179 740 2234 quam
754 2159 790 2218 ad
802 2159 1007 2220 coacervandae
1024 2159 1145 2219 dividas.
1188 2161 1238 2218 Ne
1253 2164 1369 2235 quidem

277 2264 431 2320 senectutis
457 2272 486 2320 et
511 2261 682 2322 infirmitatis
705 2278 791 2317 causa
815 2259 939 2335 pecunia
963 2269 1007 2316 est
1032 2259 1169 2319 solicitius
1196 2262 1367 2332 quarenda;

277 2362 408 2431 quamvis
430 2362 508 2418 enim
526 2360 609 2416 liceat
628 2356 773 2416 modicum
797 2357 867 2429 quid
886 2358 942 2415 sibi
968 2377 1089 2426 servare,
1112 2361 1160 2418 ubi
1181 2358 1238 2418 alia
1261 2362 1369 2419 ratione

276 2465 385 2514 certum
398 2473 455 2514 non
469 2456 588 2514 habetur
595 2453 764 2521 subsidium,
776 2455 865 2512 nimia
878 2456 925 2513 illa
938 2456 1087 2516 solicitudo
1100 2459 1227 2516 animum
1242 2458 1372 2517 distrahit

280 2575 296 2612 a
309 2555 421 2631 pietatis
434 2553 537 2621 studio,
551 2561 580 2612 et
592 2571 702 2630 magna
716 2551 869 2612 offensioni
881 2563 926 2612 est
937 2554 1080 2614 fidelibus.
1107 2556 1237 2614 Omnino
1251 2557 1369 2616 dedecet

277 2653 438 2714 sacerdotes
452 2654 602 2732 pecuniam
615 2670 718 2728 augere
731 2662 830 2710 mutuo
843 2635 1017 2729 praestando:
1041 2654 1177 2727 quidquid
1191 2657 1272 2713 enim
1286 2658 1323 2714 sit
1334 2656 1369 2713 de

278 2755 410 2823 auctario,
430 2763 523 2812 utrum
544 2754 630 2812 liceat
657 2769 759 2819 necne,
786 2750 899 2824 dequo
925 2753 954 2810 in
981 2762 1096 2811 nacntu
1123 2753 1157 2810 de
1179 2756 1369 2812 contractibus

278 2870 406 2928 agemus,
427 2871 443 2908 a
465 2870 608 2910 sacrorum
628 2851 821 2908 ministrorum
843 2851 969 2909 instituto
989 2852 1112 2910 alienum
1135 2863 1188 2919 est,
1203 2863 1232 2910 et
1245 2855 1369 2930 negotia-

278 2950 362 3006 tionis
376 2951 502 3023 speciem
516 2948 669 3024 praesefert.
713 2957 732 2982 ‘⁶
744 2947 812 3005 Huc
819 2947 892 3007 refer
905 2959 1044 3021 quaestum
1058 2953 1218 3010 usurarium
1231 2951 1263 3008 :”
1279 2954 1370 3024 inquit

279 3045 468 3120 Zallingerus,
477 3045 513 3103 de
527 3047 562 3103 iis
575 3045 697 3116 loquens
709 3047 843 3122 operibus
859 3055 877 3082 ‘⁶
887 3063 950 3118 quaa
963 3067 1016 3125 per
1022 3067 1053 3107 se
1064 3049 1216 3109 abhorrent
1223 3051 1259 3109 ab
1268 3051 1370 3110 hones-

276 3150 331 3200 tate
344 3139 514 3202 clericali.”⁴

484 3341 567 3418 §VL
609 3340 657 3399 Da
679 3358 933 3402 onnroarrouraus
953 3363 1169 3405 nrrscoronuu.

318 3511 367 3565 33.
389 3507 533 3585 Episcopi
547 3515 676 3565 tenentur
684 3507 719 3564 ad
729 3505 824 3565 omnia
833 3510 932 3566 munia
944 3510 1074 3572 obeunda
1087 3531 1149 3585 quae
1163 3511 1199 3568 ad
1213 3513 1369 3571 animarum

278 3607 406 3682 regimen
426 3617 455 3666 et
474 3606 593 3664 salutem
611 3617 748 3682 spectant.
791 3606 854 3664 Eos
877 3607 1028 3682 alloquitur
1042 3610 1170 3669 Paulus:
1192 3611 1369 3669 “Attendite

278 3703 359 3760 vobis
374 3711 402 3759 et
413 3706 548 3763 universo
568 3706 658 3779 gregi,
679 3706 709 3762 iu
729 3723 786 3777 quo
806 3723 857 3762 vos
878 3705 1000 3782 Spiritus
1015 3710 1136 3768 Sanctus
1150 3711 1248 3786 posuit
1261 3712 1370 3786 episco-

277 3819 341 3878 pos,
355 3819 454 3877 regere
467 3801 631 3862 Ecclesiam
651 3801 708 3860 Dei
728 3821 813 3875 quam
837 3806 986 3876 acquisivit
1005 3810 1141 3885 sanguine
1160 3803 1262 3868 suo.’'¹
1305 3810 1370 3868 Vox

279 3899 382 3960 Graeca
406 3916 544 3969 ποιμωνειυ
571 3900 668 3958 omnia
693 3903 816 3977 pastoris
842 3904 939 3961 munia
960 3904 1087 3965 includit.
1130 3907 1173 3966 lta
1195 3916 1224 3964 et
1246 3907 1367 3966 Petrus:

279 4005 298 4031 “
309 4000 427 4074 pascite,
439 3997 532 4071 quiin
544 4000 624 4057 vobis
638 4009 691 4068 est,
703 4018 818 4076 gregem
827 3999 900 4069 Dei;
914 4003 1095 4079 providentes
1105 4015 1262 4082 spontanee
1271 4024 1369 4064 secun-

944 4091 962 4132 r

235 4196 241 4203 ·
344 4180 385 4244 (l)
404 4180 470 4229 Sese.
481 4181 542 4230 xxii.
554 4198 606 4247 cap.
618 4183 634 4234 i.
645 4183 739 4234 cenef.

345 4262 385 4325 (2)
403 4261 452 4326 Ep.
463 4262 489 4312 ii.
500 4264 715 4331 edNepotianum.
997 4301 1000 4306 ·
1018 4275 1058 4338 (3)
1079 4275 1089 4322 l
1104 4273 1170 4324 uun.
1182 4273 1216 4324 iii.
1230 4275 1252 4324 8.

342 4344 384 4409 (4)
408 4343 467 4393 lnst.
478 4345 545 4395 ,luris
553 4347 621 4399 Eccl.
634 4351 649 4399 l.
661 4351 694 4401 iii.
705 4351 740 4402 tit
752 4350 768 4400 i·
780 4351 830 4412 ii.§
844 4355 867 4403 6.
879 4353 919 4404 cit.
931 4370 952 4405 c.
965 4355 981 4404 'u
993 4356 1112 4408 devitet
1126 4357 1184 4408 hon.
1196 4358 1274 4409 cleric.

342 4430 569 4496 mmmm
