3046 5262
275 497 334 556 att
520 493 577 556 1111
598 490 808 554 pecuniis
829 490 1118 552 CAPITALIBUS.

685 787 768 864 §1v.
809 785 858 846 Du
878 787 943 846 Ius.

315 975 363 1032 55.
384 969 441 1038 ln,
462 977 602 1042 quatenu
622 970 722 1030 vitium
741 979 794 1037 est,
809 978 852 1026 est
870 966 1046 1026 inordinatus
1066 968 1207 1044 appetitus
1220 965 1362 1034 vindicta,

278 1070 421 1143 autquasi
434 1067 574 1127 vindicte.
616 1067 764 1141 Equidem
782 1069 924 1144 appetitus
944 1065 1074 1124 vindiem
1089 1065 1247 1124 secundnm
1259 1074 1363 1122 rectem

273 1169 412 1228 rstionem
425 1175 509 1225 vacat
517 1167 610 1243 culpo,
625 1169 684 1226 imo
697 1177 726 1226 et
737 1165 886 1224 laudabilis
904 1174 957 1232 est,
966 1167 1049 1242 juxta
1061 1165 1131 1224 illud
1144 1164 1278 1241 Angelici
1289 1164 1362 1222 Doe-

274 1269 359 1326 toris:
382 1275 403 1302 ‘⁸
411 1265 619 1342 potestmalum
633 1267 662 1324 in
676 1266 718 1324 ira
730 1265 861 1335 inveniri,
877 1264 1108 1337 qnandoscilioet
1120 1264 1224 1336 aliquis
1237 1263 1364 1320 irascitur

275 1365 351 1443 plns,
364 1363 411 1423 vel
423 1365 529 1430 mirans,
543 1365 795 1442 prosternationem
814 1373 939 1422 rectam:
959 1365 984 1421 si
1004 1371 1098 1421 eutem
1117 1363 1220 1435 aliquis
1237 1362 1364 1420 irascitur

275 1463 435 1522 secundum
444 1471 551 1523 rectem
569 1465 799 1532 rationemors
819 1463 903 1522 irasci
915 1470 959 1518 est
977 1458 1164 1519 laudabile.'’¹
1206 1461 1289 1520 Huic
1302 1479 1363 1518 oon·

277 1572 360 1622 sonat
372 1561 499 1620 Psaltes:
522 1562 706 1621 “irascimini
720 1570 748 1618 et
769 1561 856 1618 nolite
871 1553 1038 1636 pcccarc.”²
1078 1559 1267 1618 “Sciendum
1291 1558 1363 1626 est,”

276 1661 369 1733 mouit
382 1660 414 1716 S.
431 1657 587 1734 Gregorius
597 1659 654 1727 Μ.,
669 1667 688 1696 “
698 1658 776 1731 quod
788 1659 898 1716 aliaest
910 1659 952 1715 ira
964 1675 1050 1730 quam
1063 1659 1239 1735 impatientia
1251 1657 1364 1723 excitat,

276 1757 331 1818 elia
343 1775 430 1831 quam
443 1756 525 1815 nctus
532 1758 651 1835 J'ustitiae
663 1757 784 1824 sormam
804 1757 857 1816 llla
869 1775 906 1814 ex
918 1757 998 1823 vitio,
1012 1756 1076 1814 hec
1088 1774 1125 1814 ex
1137 1757 1238 1815 virtute
1252 1773 1365 1832 genera·

275 1867 329 1916 tur.
371 1857 405 1914 11
416 1857 494 1916 enim
507 1855 585 1914 neila
604 1857 646 1915 ira
663 1875 701 1914 ex
721 1855 822 1914 virtute
839 1863 976 1932 surgeret,
990 1853 1096 1913 divinae
1110 1853 1365 1913 animadversionis

275 1956 415 2032 impetum
428 1953 557 2014 Phineos
569 1973 621 2031 per
633 1955 758 2031 gladium
771 1973 829 2013 non
841 1954 991 2031 placasset.
1033 1953 1120 2013 Hono
1128 1955 1201 2013 iram
1215 1955 1286 2026 qnia
1298 1953 1366 2011 Heli

275 2069 335 2112 non
347 2053 454 2122 habuit,
463 2062 572 2112 motum
585 2063 683 2113 contra
691 2071 723 2112 se
736 2053 953 2130 implacabiliter
958 2071 1091 2129 superne
1096 2053 1213 2112 ultionis
1223 2053 1364 2110 excitavit.

276 2150 355 2210 Nam
369 2169 428 2224 quo
439 2160 537 2210 contra
555 2152 735 2212 subditorum
755 2153 823 2210 vitia
844 2154 942 2228 tepuit,
963 2170 1000 2210 eo
1018 2161 1116 2220 contra
1134 2151 1216 2210 illum
1229 2151 1364 2210 disuicu'o

276 2249 374 2309 merui
385 2251 505 2309 rectoris
517 2243 670 2310 exarsit.”³
711 2250 775 2308 “Si
788 2260 881 2310 autern
894 2251 997 2324 aliquis
1011 2259 1133 2327 appetet,
1148 2249 1226 2323 quod
1238 2251 1290 2308 fiat
1305 2250 1365 2307 vin·

275 2345 350 2404 ‹iiota
362 2347 605 2422 qualitercumque
618 2357 714 2408 conon
727 2347 856 2408 ordinem
865 2351 993 2418 rationis,
1008 2348 1097 2429 (puta,
1111 2350 1136 2407 si
1148 2359 1264 2424 appeut
1273 2348 1366 2426 punin'

274 2459 341 2502 eum
354 2445 403 2516 qni
416 2462 474 2502 non
486 2446 598 2512 meruit,
612 2447 659 2504 vel
670 2445 742 2504 ultra
755 2465 840 2518 quam
853 2450 966 2517 meruit,
979 2448 1027 2506 vel'
1037 2449 1122 2507 etiam
1135 2465 1195 2506 nen
1207 2446 1365 2506 secundum

274 2541 433 2618 legitimum
446 2541 586 2611 ordinem,
600 2543 646 2604 vel
657 2563 716 2604 non
734 2553 850 2622 propter
868 2545 994 2606 debitum
1012 2547 1111 2613 finem,
1125 2545 1175 2619 qui
1195 2553 1239 2602 est
1251 2564 1365 2604 conser-
1387 2555 1390 2560 '
1507 2629 1508 2640 ἵ

275 2641 350 2700 vatio
358 2641 476 2719 justitias
490 2653 520 2702 et
531 2645 671 2703 correctio
680 2640 784 2722 onpae)
797 2645 852 2704 erit
863 2646 1006 2722 appetitus
1016 2646 1066 2705 ire
1088 2645 1218 2712 vitiosus,
1232 2655 1262 2703 et
1273 2645 1365 2704 nomi·

274 2749 357 2800 natur
369 2742 411 2799 ira
422 2759 476 2819 per
485 2739 635 2803 vitium.”⁴

316 2843 365 2896 56.
386 2839 432 2898 lre
445 2849 489 2898 est
500 2849 649 2917 peccatum
662 2859 757 2918 grave,
774 2841 904 2910 velleve,
918 2861 971 2920 pro
983 2842 1024 2901 rei
1037 2851 1136 2902 natura
1148 2857 1206 2914 qua
1215 2843 1365 2908 excitatur,

275 2944 304 2993 et
316 2934 402 2992 modo
415 2953 571 2996 excessus:
594 2939 724 2998 “Motus
744 2940 794 2998 irae
806 2949 900 3016 potest
912 2959 975 2998 essa
988 2941 1162 3000 inordinatus
1175 2948 1205 2998 et
1216 2949 1366 3018 peccatum

274 3031 433 3106 dupliciter,
449 3051 566 3094 ...uno
576 3036 663 3094 modo
677 3047 806 3113 exparte
820 3040 991 3115 appetibilis,
1005 3049 1101 3116 utpote
1121 3057 1189 3097 cum
1200 3041 1305 3112 aiiquis
1319 3057 1366 3114 ep

273 3129 344 3207 petit
355 3128 490 3206 injustam
502 3132 655 3192 vindictam
666 3153 674 3202 3
688 3137 772 3194 etsie
785 3153 822 3194 ex
836 3155 940 3212 genere
953 3157 1006 3197 suo
1019 3140 1061 3198 ira
1074 3147 1119 3196 est
1129 3147 1279 3214 peccatum
1292 3155 1366 3196 mor-

273 3227 338 3296 ule,
352 3228 421 3302 quia
433 3233 618 3291 contrariatur
629 3234 756 3292 charitati
768 3244 799 3292 ct
805 3236 933 3311 justitie.
968 3238 1068 3296 Potest
1079 3247 1175 3295 tamen
1188 3237 1364 3314 contingere,

273 3326 351 3402 quod
370 3327 434 3386 talis
454 3331 594 3406 appetitus
617 3334 654 3390 sit
672 3343 822 3409 peccatum
841 3335 950 3393 reniale
976 3345 1093 3412 propter
1118 3335 1366 3411 imperfectionem

273 3436 362 3486 actus.
403 3425 475 3494 Quo
495 3429 611 3502 quidem
631 3431 807 3508 imperfectio
825 3433 974 3492 attenditur
986 3435 1031 3492 vel
1045 3452 1082 3492 ex
1101 3441 1178 3512 parte
1192 3433 1365 3511 appetentis,

272 3535 342 3603 puta
353 3543 420 3584 eum
432 3535 526 3586 motus
539 3529 588 3588 irre
600 3531 737 3606 prevenit
751 3530 892 3608 judicum
910 3533 1037 3600 rationis,
1062 3534 1108 3591 nel
1127 3534 1212 3590 etiam
1234 3551 1272 3590 ex
1286 3540 1365 3608 parto

273 3622 442 3699 appetibilis,
457 3636 526 3700 pute
538 3645 603 3686 cum
617 3629 721 3702 aliquis
733 3632 839 3706 appetit
851 3631 881 3688 in
902 3631 996 3704 aliquo
1018 3631 1132 3690 modico
1155 3651 1187 3689 se
1206 3631 1364 3696 vindicare,

272 3718 350 3794 quod
363 3723 445 3793 quasi
458 3724 532 3782 nihil
545 3733 589 3782 est
599 3728 798 3802 reputandum,
808 3730 846 3788 ita
852 3728 929 3802 quod
939 3732 1024 3790 etiam
1037 3731 1063 3788 si
1076 3741 1137 3789 actu
1151 3731 1297 3797 inferatur,
1305 3745 1366 3787 non

271 3827 349 3879 asset
361 3827 507 3896 peccatum
520 3823 638 3881 mortale
647 3843 655 3890 ς
669 3835 737 3900 puta
749 3828 774 3884 si
788 3827 890 3901 aliquis
903 3847 1003 3904 parum
1012 3829 1096 3888 trahit
1108 3830 1233 3903 aliquem
1241 3845 1364 3906 puerum

271 3935 324 3995 per
336 3919 465 3997 capillos,
480 3921 525 3981 vel
541 3921 649 3996 aliquid
659 3922 833 4000 hujusmodi.
875 3928 942 3986 Alio
962 3929 1051 3988 modo
1069 3939 1164 4005 potest
1182 3947 1250 3986 csse
1266 3937 1364 3985 motus

272 4017 319 4072 ine
333 4018 517 4080 inordinatus
530 4031 667 4094 quantum
678 4022 713 4082 ad
726 4023 842 4084 modum
856 4025 1005 4098 iraeoendi,
1014 4037 1112 4104 utpote
1125 4031 1150 4088 si
1163 4029 1251 4086 nimis
1263 4025 1365 4084 arden·

371 4216 413 4280 (l)
433 4221 456 4266 2.
467 4217 503 4267 20
514 4235 555 4284 qu.
567 4223 640 4273 clviii.
652 4231 695 4274 ort.
707 4225 723 4274 i.
758 4223 815 4277 Alio
826 4226 904 4278 modo.

370 4296 412 4362 (2)
432 4297 473 4348 1³⁵·
484 4301 517 4350 iv·
528 4303 553 4352 5·
924 4314 966 4379 (3)
986 4313 1016 4363 L.
1028 4330 1051 4365 v.
1063 4315 1133 4365 Moru
1141 4316 1157 4366 1.
1167 4331 1188 4366 c.
1199 4329 1258 4365 xxx.

373 4380 416 4446 (4)
436 4385 460 4430 2.
470 4386 494 4432 2.
506 4399 547 4446 qu.
559 4387 631 4436 clviii.
643 4396 687 4438 ert.
698 4391 723 4439 ii.
759 4390 788 4443 Si
798 4397 891 4445 eutem.
