3046 5262
340 495 397 557 DE
418 493 684 556 POTESTATIS
704 495 858 558 olvmts
878 497 1070 560 ORIGINE.
1195 507 1255 564 2⁰8

162 672 228 740 gata
240 661 335 729 fuerit,
349 659 412 718 dure
423 677 463 717 ex
478 659 567 718 tribus
586 662 711 737 partibus
730 662 930 740 suffragiorum
950 662 987 722 ad
1004 664 1099 742 legem
1111 663 1256 726 serendam

161 761 352 836 requiruntur.
394 759 555 835 Auctoritas
575 760 604 816 in
624 759 762 832 quasdem
782 781 828 820 res
855 781 918 834 quae
937 782 1105 822 communes
1125 767 1254 826 omnium

162 861 295 918 utilitates
308 858 474 934 respiciunt,
489 858 614 933 generali
627 877 678 918 seu
687 858 838 939 foederoto
852 862 983 937 regimini
996 881 1033 922 ex
1046 872 1129 941 pacto
1143 873 1172 922 et
1183 882 1251 923 con·

163 960 298 1018 ventione
311 967 435 1018 smmum
448 959 593 1034 competit,
608 977 672 1030 quae
695 960 724 1016 in
737 959 862 1020 ferendis
875 959 986 1036 legibus
999 964 1061 1038 pari
1074 962 1161 1022 modo
1174 981 1255 1022 exer·

162 1068 259 1114 cetur:
281 1057 408 1132 pluribus
422 1055 532 1113 seilicet
543 1057 689 1128 utriusque
706 1068 805 1127 eoems,
819 1069 932 1117 senatus
943 1069 972 1117 at
983 1063 1254 1136 repraesentantium,

164 1155 318 1231 suffragiis,
332 1155 380 1212 lex
401 1153 498 1221 seron,
513 1153 661 1212 accedente
680 1157 816 1216 Praesidis
837 1177 995 1226 consensu;
1017 1161 1104 1231 quisi
1122 1159 1253 1229 desuerit,

164 1255 228 1313 duae
242 1272 280 1311 ex
293 1255 379 1311 tribus
393 1253 517 1328 partibus
531 1254 691 1311 consentire
701 1254 805 1314 debent
816 1266 848 1316 ut
858 1257 907 1315 lex
919 1256 1018 1314 valcat.

206 1357 236 1409 5.
257 1353 285 1409 A
297 1361 398 1410 nostra
410 1352 572 1427 reipublicae
586 1352 678 1410 forma
697 1373 756 1412 non
776 1365 819 1412 est
838 1355 929 1412 aliena
947 1375 981 1413 ea
1000 1374 1086 1428 quam
1102 1356 1255 1436 descripsit

166 1453 200 1508 S.
216 1450 346 1508 Thomas
359 1450 497 1522 Aquinas.
520 1459 559 1532 ,“
571 1449 689 1528 Optima
708 1452 846 1511 ordinatio
866 1454 1029 1531 principum
1050 1464 1093 1512 est
1113 1457 1142 1514 in
1162 1457 1256 1529 aliqua

165 1550 279 1608 civitate
293 1549 338 1606 vel
360 1567 459 1624 regno,
480 1550 510 1607 in
531 1566 589 1620 quo
609 1569 682 1608 unus
704 1553 855 1626 praeficitur
875 1552 1031 1610 secundum
1054 1554 1185 1612 virtutem
1206 1555 1256 1626 qui

165 1649 298 1708 omnibus
311 1649 423 1724 praesit3
444 1655 473 1703 et
491 1648 543 1705 sub
557 1648 623 1724 ipso
636 1658 702 1706 sunt
720 1651 808 1722 aliqui
828 1651 1019 1726 principantes
1032 1652 1189 1710 secundum
1202 1653 1257 1710 vir·

167 1757 271 1814 tutem;
292 1755 428 1805 ettamen
451 1746 513 1804 talis
533 1728 707 1824 principatus
731 1749 765 1806 ad
788 1767 888 1807 omnes
904 1750 1034 1824 pertinet,
1055 1758 1114 1808 tum
1134 1751 1201 1823 quia
1220 1769 1256 1808 ex

166 1847 298 1904 omnibus
312 1844 378 1922 eligi
392 1854 521 1921 possunt,
536 1854 596 1904 tum
610 1847 676 1918 quia
688 1848 773 1904 etiam
793 1849 827 1905 ab
840 1847 972 1904 omnibus
986 1844 1177 1922 cliguntur.”¹

206 1950 236 2003 6.
257 1945 414 2017 Postquam
436 1943 471 2001 de
494 1944 572 2020 leges
592 1945 700 2004 ferendi
728 1954 865 2023 potestate
894 1945 1065 2002 disseruerat
1092 1945 1254 2013 Suaresius,

166 2044 260 2110 infert,
277 2052 295 2078 “
306 2043 560 2119 potestatem'hanc
573 2044 759 2120 legislativam
780 2046 864 2103 etiam
878 2063 942 2102 esse
956 2045 987 2102 in
1000 2043 1055 2100 illis
1069 2044 1254 2105 communita-

168 2144 244 2200 tibus
258 2141 399 2218 perscctis,
415 2160 477 2214 quae
497 2161 549 2218 per
568 2144 689 2219 seipsas,
704 2155 732 2202 et
743 2164 802 2204 non
815 2164 868 2220 per
886 2163 967 2220 reges
987 2144 1176 2219 gubernantur
1188 2143 1251 2201 sive

168 2243 366 2310 aristocratice‚
390 2243 451 2299 sive
472 2242 645 2317 populariter
665 2253 806 2319 regantur,
820 2243 889 2300 illud
910 2241 1094 2318 intelligendo
1107 2260 1173 2300 cum
1191 2260 1258 2317 pro·

168 2342 296 2417 portione
311 2350 339 2398 et
358 2359 424 2398 cum
444 2341 592 2416 partitione
615 2342 807 2400 accommoda.
849 2344 891 2400 Ita
911 2342 1031 2400 sumitur
1050 2359 1087 2400 ex
1107 2341 1127 2398 l.
1149 2339 1259 2408 Omnes

168 2440 276 2516 populi,
290 2440 323 2497 ff.
338 2439 374 2496 de
383 2440 475 2518 justit.
489 2449 521 2496 ut
534 2440 591 2515 jur.
606 2449 635 2497 et
654 2441 692 2499 ibi
711 2441 814 2500 docent
826 2460 937 2499 omnes.
978 2440 1019 2498 Et
1029 2441 1100 2498 ratio
1120 2449 1164 2497 est
1175 2441 1260 2498 etiam

167 2538 327 2606 manifesta,
341 2538 407 2611 quia
419 2536 463 2596 har
474 2540 690 2598 communitates
700 2542 731 2597 in
740 2559 771 2598 se
779 2542 901 2598 retinent
914 2557 1077 2616 supremam
1090 2546 1259 2615 potestatem

168 2638 392 2714 gubernantem,
416 2655 480 2696 cum
501 2656 559 2696 non
582 2640 773 2698 transtulerint
785 2639 863 2696 illam
885 2639 916 2695 in
938 2639 1063 2708 aliquem
1076 2638 1255 2713 principem

167 2755 238 2812 ergo
252 2753 304 2810 per
318 2735 393 2792 illam
403 2746 520 2809 possunt
533 2737 589 2796 sibi
601 2738 680 2813 leges
691 2736 824 2795 condere.
867 2734 951 2792 Unde
965 2734 1006 2802 lit,
1021 2733 1096 2792 idem
1107 2732 1259 2791 dicendum

168 2853 236 2892 esse
250 2852 315 2892 curn
330 2835 508 2910 proportione
531 2835 565 2893 de
588 2836 644 2893 illis
667 2835 886 2912 rebuspubliois,
909 2851 971 2907 quae
994 2849 1156 2910 supremam
1179 2832 1209 2889 in
1229 2851 1260 2888 se

167 2941 337 3012 potestatem
350 2933 479 3002 retinent,
493 2943 525 2992 ut
537 2935 657 3004 Veneta,
669 2935 844 3001 (imoensis,
860 2942 888 2991 et
900 2931 1028 2990 similes:
1050 2950 1113 3004 quae
1126 2929 1192 2988 licet
1204 2931 1259 2989 sibi

168 3051 258 3091 unum
273 3031 373 3093 ducem
387 3033 432 3090 vel
452 3034 609 3111 principem
629 3035 743 3112 eligant,
767 3053 826 3094 non
846 3042 940 3091 tamen
961 3033 990 3091 in
1011 3051 1077 3091 eum
1091 3031 1261 3089 transferunt

171 3150 286 3190 omnem
301 3126 518 3206 potestatem.”²

210 3238 241 3290 7.
262 3231 343 3288 Finis
357 3230 451 3288 civilis
464 3231 611 3306 regiminis
625 3241 669 3290 est
680 3231 842 3308 reipublicae
857 3229 943 3295 salus,
959 3228 994 3285 ad
1013 3247 1098 3300 quam
1118 3227 1201 3304 dirigi
1214 3227 1261 3285 de·

169 3331 238 3388 bent
251 3347 351 3387 omnes
364 3330 526 3407 principum
540 3340 627 3400 actus,
642 3350 730 3404 quum
753 3349 787 3387 ea
806 3326 967 3387 conditione
990 3334 1114 3402 potestas
1133 3326 1168 3381 iis
1183 3343 1261 3400 apo·

169 3430 240 3505 pulo
265 3430 419 3486 commissa
444 3430 497 3486 sit:
527 3437 546 3464 ⁴⁶
560 3429 680 3495 Quando
707 3427 772 3486 verb
799 3424 956 3504 potestas,’'
983 3425 1074 3495 inquit
1100 3423 1259 3490 Samariae,

171 3537 191 3563 “
203 3527 266 3585 data
280 3537 323 3584 est
335 3526 496 3585 immediate
510 3528 544 3585 ab
553 3529 624 3605 ipsis
634 3528 807 3594 hominibus,
819 3523 1065 3583 evidentissimum
1074 3531 1118 3578 est
1130 3539 1187 3578 non
1198 3539 1260 3578 esse

169 3638 287 3703 propter
299 3627 437 3702 principis
451 3627 609 3694 utilitatem,
621 3625 671 3683 sed
684 3635 800 3702 propter
813 3640 965 3684 commune
978 3622 1085 3679 bonurn
1098 3613 1198 3678 eorum
1211 3622 1262 3692 qui

169 3726 248 3783 illam
272 3726 460 3793 contulcmnt‚
476 3735 504 3781 et
523 3723 588 3783 ideo
610 3743 691 3801 reges
712 3723 831 3782 ministri
855 3721 1018 3798 reipublice
1035 3719 1262 3796 appellantur.-

170 3823 287 3882 Debent
299 3842 367 3899 ergo
380 3843 414 3881 ea
426 3833 563 3900 potestate
576 3824 618 3881 uti
631 3825 661 3881 in
678 3824 785 3881 bonum
804 3822 979 3900 reipublice,
1003 3839 1019 3877 a
1039 3837 1094 3891 qua
1106 3828 1136 3876 et
1149 3827 1263 3894 propter

171 3941 258 3996 quam
271 3923 349 3981 illam
365 3915 583 4000 aeceperunt.'’³
622 3921 655 3980 Id
669 3923 738 3980 olim
752 3923 875 3980 Basilius
886 3917 1051 3978 tradiderat:
1074 3925 1093 3952 ‘⁶
1105 3916 1172 3974 Hoc
1185 3917 1261 3975 enim

203 4090 246 4154 (l)
269 4092 324 4138 l.2.
336 4105 425 4151 qincv.
437 4097 481 4140 art
493 4089 509 4139 i.
544 4090 618 4157 neap.

204 4176 249 4240 (2)
268 4172 307 4223 De
319 4174 434 4238 Legibus,
445 4176 461 4225 l.
472 4175 507 4225 iii.
519 4191 540 4226 e.
551 4176 584 4226 ir.
594 4192 619 4226 n.
633 4177 657 4224 6.

205 4261 249 4324 (3)
268 4258 368 4318 Ibidem,
386 4259 401 4308 l.
421 4259 438 4308 i.
455 4277 477 4310 c.
493 4260 534 4309 vii.
557 4276 582 4320 n,
602 4263 625 4309 b.
659 4255 731 4308 Nihil
753 4256 811 4306 novi
830 4255 931 4321 protulit
953 4251 1091 4304 Vattelius:
1109 4252 1155 4304 “lt
1171 4254 1193 4304 is
1214 4255 1263 4305 evi-

164 4346 226 4395 dent
238 4344 291 4395 that
300 4360 357 4394 meu
368 4345 430 4394 form
442 4361 457 4394 s
468 4345 576 4411 political
592 4344 693 4408 society,
704 4342 752 4393 ond
770 4342 861 4393 submit
872 4348 897 4392 to
914 4341 982 4400 lsws,
997 4341 1073 4404 solely
1085 4340 1122 4389 ior
1133 4339 1195 4390 their
1206 4356 1262 4390 own

166 4429 306 4491 drauum
317 4427 365 4478 end
374 4429 459 4493 sssety.
492 4427 549 4480 'llis
560 4428 687 4491 sovereign
698 4425 820 4493 authority
834 4427 855 4476 is
873 4426 932 4478 then
943 4423 1089 4476 established
1105 4423 1164 4487 only
1174 4423 1211 4472 t‘or
1223 4422 1264 4473 the
