3046 5262
271 508 331 564 stt
527 499 585 560 DE
607 499 809 560 GENTIUM
831 497 1101 560 COMMEROIO.

314 669 360 724 16.
381 663 415 724 11
435 672 529 722 autem
552 665 659 737 inquiri
676 673 769 741 potest
790 673 884 723 ubuum
906 664 970 737 quis
991 667 1083 740 possit
1103 671 1163 722 tuta
1187 666 1360 726 conscientia

274 763 477 824 commercium
490 780 588 840 gerere
602 764 655 822 sub
668 763 774 824 vexillo
787 761 916 830 neutrali,
930 771 958 820 et
970 760 1148 822 documentis
1162 763 1207 821 vel
1219 763 1304 830 fictis,
1318 765 1360 822 vel

272 881 309 920 ex
321 859 458 920 industria
470 861 551 920 factis
563 872 595 920 ut
607 862 760 922 discrimen
779 860 916 920 evadantt
937 869 1049 920 constat
1067 863 1175 938 quippe
1195 863 1360 937 plerumque

272 977 381 1019 merces
395 960 520 1018 invectas
533 961 564 1019 in
577 970 690 1038 portum
703 959 858 1021 neutralem
866 969 898 1018 ut
909 959 975 1019 inde
986 959 1200 1020 deveherentur.
1227 960 1361 1020 'Videtm

271 1075 356 1135 grave
383 1075 441 1117 non
463 1057 572 1118 admitti
598 1069 746 1137 peccatum
768 1059 924 1118 dummodo
945 1059 1102 1136 perjurium
1128 1059 1265 1118 evitetur:
1288 1059 1363 1132 quod

273 1159 350 1216 enim
364 1159 429 1228 quis
442 1167 500 1216 arte
513 1157 636 1230 quadam
654 1169 684 1216 et
704 1159 772 1218 dolo
785 1167 893 1233 querat
912 1157 1026 1216 cludere
1046 1158 1125 1234 leges
1148 1158 1253 1230 quibus
1266 1165 1363 1235 gentes

274 1255 350 1314 bello
363 1255 435 1314 inter
454 1273 486 1314 se
508 1254 608 1316 divise
629 1259 891 1338 quaruntlaliarum
909 1257 1113 1314 commercium
1133 1273 1275 1323 coercere,
1289 1255 1364 1313 nullo

272 1353 405 1412 naturalis
418 1355 557 1427 equitatis
570 1356 712 1434 principio
724 1363 878 1434 repugnat:
900 1353 952 1412 sed
964 1353 1123 1414 discrimini
1142 1356 1275 1432 objicitur
1288 1355 1364 1412 arnit-

273 1442 355 1512 tendi¹
363 1469 473 1512 merces
487 1463 516 1512 et
527 1473 640 1522 navem,
655 1456 681 1513 si
694 1457 725 1514 in
740 1457 834 1532 gentis
847 1453 961 1513 alterius
974 1461 1143 1530 potestatem
1156 1453 1274 1512 venerit.

544 1701 559 1774 §
573 1699 613 1758 11.
634 1698 682 1758 Du
697 1715 950 1759 saranicarvannu
963 1717 1102 1759 accessu.

317 1883 364 1938 tr.
384 1879 539 1938 Transitus
562 1897 614 1960 per
639 1883 770 1959 regiones
790 1890 901 1940 exteras
923 1882 1091 1958 plerumque
1113 1880 1193 1938 datur
1219 1868 1365 1939 communi

275 1981 403 2057 gentium
410 1979 487 2056 jure,
498 1981 609 2051 quoties
623 1998 742 2039 necesse
756 1982 802 2048 sit,
811 1987 839 2036 ct
851 1981 956 2053 absque
967 1981 1059 2058 gentis
1072 1979 1241 2038 detrimento
1250 1977 1366 2036 concedi

275 2079 376 2153 possit.
418 2077 468 2135 Sic
482 2086 511 2134 et
522 2096 574 2155 per
586 2077 706 2137 flumina
715 2097 801 2137 naves
812 2077 989 2138 descendunt
998 2079 1034 2138 ad
1042 2096 1191 2145 oceanum,
1201 2086 1231 2135 et
1244 2076 1281 2136 ad
1292 2076 1365 2135 littus

275 2175 430 2251 appellunt,
444 2185 561 2251 urgente
574 2178 757 2245 necessitate3
779 2177 867 2251 aequis
877 2177 1088 2238 conditionibus
1101 2186 1197 2235 tamen
1211 2175 1364 2239 servandis,

276 2291 347 2346 quas
361 2274 391 2330 in
404 2274 449 2331 sui
463 2275 642 2334 securitatem
653 2295 734 2353 gens,
745 2275 827 2352 cujus
842 2285 885 2334 est
893 2277 982 2354 regio,
994 2277 1129 2334 statuerit.
1172 2275 1260 2341 Quod
1272 2276 1297 2332 si
1311 2273 1367 2330 dux

275 2372 431 2429 exercitum
445 2391 497 2448 per
509 2375 658 2450 regionem
672 2374 850 2446 tranquillam
872 2374 976 2433 ducere
996 2373 1125 2443 voluerit,
1138 2391 1197 2432 non
1211 2374 1265 2430 erit
1277 2372 1366 2448 copia,

275 2468 382 2527 nisiex
396 2471 534 2548 principis
549 2473 671 2541 arbitrio,
682 2481 710 2530 et
723 2473 855 2531 cautione
868 2473 992 2549 praestita
1002 2492 1038 2533 ne
1049 2471 1118 2546 quid
1127 2471 1225 2544 damni
1238 2472 1365 2548 patiatur.

276 2567 392 2646 Moysis
406 2570 540 2648 exemplo
558 2571 645 2630 utitur
665 2565 809 2640 Grotius,¹
829 2579 896 2650 post
915 2573 1117 2649 augustinum,
1137 2571 1244 2628 bellurn
1264 2569 1367 2627 idcirco

272 2667 336 2744 jure
350 2665 459 2726 illatum
473 2665 633 2727 affirmans:
656 2670 819 2727 “innoxius
839 2670 916 2728 enirn
938 2671 1072 2728 transitus
1095 2659 1295 2746 denegabatur,
1317 2667 1364 2740 qui

271 2767 336 2842 jure
350 2767 482 2826 humana
496 2769 640 2827 societatis
654 2770 820 2842 aequissimo
833 2781 927 2845 patere
941 2759 1109 2827 debebat'’⁹

318 2867 365 2921 18.
387 2865 564 2942 Alienigenis
578 2866 745 2943 plerumque
759 2867 840 2926 datur
852 2866 964 2925 libertas
978 2866 1132 2925 accedendi
1142 2863 1178 2922 ad
1190 2874 1291 2942 gentes
1301 2881 1368 2940 pace

275 2961 456 3036 conjunctas:
479 2979 542 3034 quae
567 2963 642 3038 apud
667 2982 720 3022 nos
739 2964 818 3023 nullo
839 2972 959 3024 arctatur
977 2964 1079 3032 limite,
1100 2962 1152 3022 sed
1173 2963 1248 3040 apud
1270 2969 1367 3040 gentes

276 3057 425 3133 plerasque
439 3057 596 3134 Europaeas
610 3060 688 3118 salvo
701 3061 842 3121 conductu
856 3081 929 3139 opus
939 3074 992 3133 est,
1002 3072 1031 3122 et
1039 3064 1123 3122 venia
1136 3062 1263 3138 speciali.
1307 3059 1368 3118 Cae·

276 3163 367 3212 terum
380 3156 607 3234 uniuscujusque
617 3160 709 3234 gentis
723 3162 836 3239 estlege
844 3180 943 3221 cavere
953 3182 990 3222 ne
1000 3163 1161 3240 respublica
1169 3159 1367 3218 detrimentum

279 3254 382 3330 capiat,
397 3255 564 3333 alienigenis
577 3258 710 3318 admissis
719 3260 851 3334 quihaud
865 3271 978 3321 careant
987 3261 1160 3338 suspicione,
1170 3260 1329 3337 praesertim
1341 3258 1369 3314 in

278 3354 390 3429 magnis
402 3372 497 3413 rerum
510 3354 751 3433 tempestatibus.³

318 3456 365 3511 19.
387 3453 491 3513 Utrum
505 3456 568 3528 quis
582 3458 674 3533 possit
686 3459 792 3532 absque
806 3457 969 3534 reipublicae
982 3459 1066 3517 venia
1078 3476 1094 3515 e
1108 3458 1199 3535 patria
1210 3455 1365 3521 discedere,

279 3560 309 3610 et
321 3553 464 3612 civitatem
478 3554 544 3612 alibi
557 3555 688 3634 adipisci,
702 3559 829 3634 praestito
848 3558 933 3616 etiarn
952 3556 1094 3616 fidelitatis
1104 3557 1281 3633 juramento,
1295 3573 1368 3629 qua·

279 3735 363 3785 aucha
374 3737 471 3795 station,
483 3753 510 3786 as
522 3746 547 3788 to
559 3756 650 3804 exposa
662 3750 686 3791 1ο
703 3743 834 3792 imminent
844 3743 942 3804 danger,
960 3759 1008 3808 any
1020 3743 1075 3808 sbip
1086 3758 1114 3792 er
1130 3742 1207 3808 ships,
1218 3742 1273 3792 that
1284 3739 1368 3790 should

278 3829 379 3887 attempt
396 3829 421 3871 to
438 3829 506 3872 enter
523 3838 550 3872 or
566 3824 674 3889 depart.'’
709 3829 733 3875 3.
751 3827 806 3877 Art.
822 3828 887 3894 pacti
904 3828 1138 3894 septemtrionalium
1156 3842 1290 3889 regnorum
1306 3840 1369 3875 anno

282 3906 355 3956 1780.

314 3992 356 4055 (1)
376 3991 415 4042 De
426 3993 485 4043 Jure
497 3991 561 4044 Belli
572 4002 596 4043 et
608 3991 687 4054 Pacis,
699 3995 714 4045 l.
725 3993 751 4045 ii.
762 4011 783 4045 c
795 3995 844 4056 ii.§
857 3996 908 4046 xiii.
919 4011 944 4045 n.
955 3997 980 4046 2.

313 4075 354 4138 (2)
372 4075 401 4124 L.
411 4093 452 4140 qu.
463 4079 522 4127 xliv.
534 4096 612 4144 super.
621 4079 698 4130 Num.
710 4079 741 4129 ad
750 4095 802 4146 cap.
814 4096 855 4130 xx.

312 4157 354 4223 (3)
375 4159 409 4207 “I
422 4175 461 4209 am
472 4162 501 4210 oi
514 4163 623 4226 opinion,
635 4164 687 4214 that
698 4180 768 4229 every
781 4171 940 4226 government
951 4164 996 4214 has
1013 4164 1054 4215 the
1065 4163 1137 4226 right,
1149 4162 1197 4213 end
1212 4162 1235 4212 is
1252 4160 1334 4212 10111111
1344 4160 1371 4210 in

278 4239 338 4303 duty
350 4247 375 4288 to
384 4241 459 4304 judge
469 4242 506 4292 101
516 4244 584 4294 itself
597 4246 654 4296 how
671 4248 706 4298 iar
718 4247 762 4297 the
779 4248 907 4300 nnlimited
923 4264 1006 4313 power
1017 4249 1045 4298 oi
1058 4247 1211 4310 emigration,
1223 4246 1273 4296 and
1289 4247 1317 4294 oi
1329 4244 1370 4294 the

276 4323 408 4374 admission
420 4326 469 4376 and
479 4328 603 4379 residente
623 4331 651 4379 oi
664 4339 785 4394 strangers
802 4334 851 4384 and
862 4335 994 4398 emigrante
1011 4349 1067 4398 may
1079 4335 1109 4382 be
1120 4331 1256 4382 consistent
1267 4329 1326 4380 with
1337 4329 1372 4378 its
1390 4337 1400 4359 ⁹

277 4425 334 4460 own
345 4409 406 4459 local
414 4409 533 4468 interests,
542 4413 701 4475 institutione,
713 4416 763 4466 and
773 4416 874 4481 safety.”
909 4416 999 4468 Kent’s
1011 4417 1109 4467 Oornm·
1121 4415 1154 4466 V.
1165 4415 1182 4466 i.
1194 4431 1219 4466 n.
1233 4414 1273 4464 ³5.
1298 4411 1368 4462 Note.
