3046 5262
402 453 459 514 DE
478 453 690 516 Pncolu'ts
711 457 998 520 effluimus
1186 467 1241 524 8⁰1

155 622 320 698 subrepens,
333 639 393 678 non
406 621 491 689 lubet
509 621 664 680 maximnm
678 623 855 698 gradum,
866 634 1019 698 snteqnm
1038 643 1090 704 per
1103 625 1246 705 julleiu-

154 721 269 780 ratiouis
281 719 521 797 deprehendatm.
561 719 622 778 Sed
640 731 793 798 postquam
812 722 1007 802 deprehensus
1028 725 1111 786 luerit
1131 745 1185 804 per
1202 747 1245 788 rs·

155 821 268 888 tionem,
282 829 350 879 tuno
364 819 446 878 facile
457 820 585 887 evitatur,
598 829 660 880 tum
674 839 712 880 ex
725 821 952 883 aonidentinne
964 827 1086 900 proptio
1099 825 1245 886 infirmit»

157 921 202 987 tis,
217 919 377 978 seeundum
390 917 460 976 illud
469 919 669 978 Eoolesinsdoi
681 939 711 979 x.
751 921 850 988 *Qum
861 923 1003 1000 superbis,
1017 933 1090 984 tem
1101 931 1130 981 et
1141 923 1214 984 oiuis
1222 925 1245 982 l’

156 1027 214 1076 tum
228 1020 317 1077 etiam
334 1038 373 1077 ex
393 1017 620 1078 consideratione
642 1019 846 1097 magnitudinis
865 1021 978 1090 diune,
998 1023 1156 1084 secuudum
1176 1023 1247 1084 illud

156 1117 210 1176 Job
221 1135 271 1176 xv.
313 1117 412 1184 ‘Quid
425 1126 515 1176 tumet
533 1129 632 1177 eontra
651 1119 746 1178 Deum
765 1121 883 1198 spuitns
902 1121 1002 1180 tuusl’
1024 1131 1083 1182 tum
1103 1123 1242 1182 etiamen

156 1215 367 1293 imperfectione
390 1217 528 1275 bonorum
546 1217 583 1276 de
604 1220 707 1290 quibus
727 1218 815 1279 homo
835 1221 972 1298 superbit,
994 1221 1154 1281 seeundum
1174 1221 1245 1282 illud

158 1316 240 1374 lsaioe
262 1315 495 1392 quadragesimo:
524 1316 650 1374 ‘Omnis
672 1337 737 1378 caro
756 1319 876 1388 imnum,
899 1331 929 1378 et
948 1320 1042 1378 omnis
1064 1321 1153 1397 gloria
1173 1321 1246 1398 ejus,

159 1415 241 1487 quasi
250 1413 304 1470 flos
318 1414 395 1490 agri!
431 1415 471 1473 Et
483 1415 556 1474 iufra
568 1416 641 1474 lxiv.
663 1417 773 1484 ‘Quasi
786 1437 898 1494 pannus
911 1427 1091 1478 menstruate
1103 1420 1245 1478 universe

152 1513 268 1590 justitiae
280 1511 432 1571 nostiae.”l

545 1678 559 1752 §
573 1676 613 1738 ΙΙ.
636 1677 683 1736 Du
697 1698 852 1740 ausuum.

193 1817 243 1870 48.
265 1814 391 1870 Avaritia
407 1823 450 1870 ost
468 1811 645 1872 inosdinetus
665 1816 808 1892 appetitus
829 1813 999 1874 divitiarum.
1041 1814 1164 1882 Quando
1184 1817 1248 1888 quis

158 1914 187 1972 in
199 1911 305 1970 divitiis
317 1921 405 1970 totum
419 1913 502 1988 ponit
513 1912 650 1981 studium,
665 1924 693 1971 et
704 1915 792 1972 tinem
802 1915 944 1981 ultimum,
959 1914 1126 1990 gravissimo
1139 1927 1247 1991 peooau

158 2028 225 2068 nam
239 2011 430 2070 Deumveluti
448 2013 551 2088 rejicit,
571 2011 684 2072 dicento
704 2012 842 2072 Christo:
865 2021 954 2071 “uon
973 2013 1093 2089 potestis
1106 2013 1172 2072 Deo
1190 2031 1248 2074 ser·

160 2110 219 2166 vire
232 2119 261 2168 et
281 2103 499 2170 mammonae.”²
538 2109 618 2169 Hine
638 2120 779 2180 “avaron
794 2111 873 2186 quod
891 2123 936 2170 est
955 2111 1096 2172 idolorum
1116 2112 1247 2180 serum,

158 2226 216 2266 non
229 2209 313 2266 habet
325 2209 518 2268 hereditatem
532 2211 562 2268 in
573 2229 664 2288 regno
678 2209 788 2270 Christi
800 2221 829 2269 et
841 2203 946 2270 Dei.”³
988 2221 1007 2248 “
1016 2213 1112 2270 lvuo
1120 2211 1193 2270 nihil
1205 2223 1249 2270 est

158 2304 352 2366 seelestius.”⁴
391 2308 538 2368 Oaetemm
551 2309 713 2370 divitiarum
727 2311 866 2387 cupiditns
880 2329 947 2369 oum
959 2311 1055 2370 studio
1069 2311 1168 2370 sunus
1182 2329 1248 2372 eou-

155 2407 263 2483 juncta‚
277 2409 363 2484 oulpa
375 2417 483 2467 tannim
497 2417 540 2466 est
556 2410 693 2478 venialia
714 2410 827 2483 quando
848 2411 958 2470 scilieet
976 2413 1040 2485 quis
1060 2410 1149 2470 nollet
1167 2410 1250 2471 ditari

156 2515 254 2565 eontra
267 2507 394 2566 divinam
406 2508 518 2584 legem:
534 2516 554 2544 “
564 2511 590 2567 si
603 2509 774 2570 inordiuado
785 2512 889 2568 amoris
902 2509 975 2567 iutra
986 2511 1042 2569 hoo
1052 2511 1142 2577 sistat,
1150 2518 1184 2567 ut
1195 2511 1249 2568 soi·

157 2606 226 2663 lioet
244 2606 344 2674 homo,
368 2608 496 2679 quamvis
519 2609 663 2684 superflue
682 2607 795 2668 divitias
818 2615 902 2673 amet,
926 2625 983 2664 uon
1005 2618 1100 2664 tumen
1121 2607 1252 2683 praeferat

157 2723 259 2761 earum
274 2722 399 2762 amorem
412 2707 499 2765 amori
511 2705 621 2775 divino,
634 2715 667 2764 ut
685 2708 710 2766 si
730 2714 845 2783 propter
862 2704 974 2761 divitias
993 2723 1052 2762 uon
1064 2703 1133 2761 velit
1144 2703 1252 2776 aliquid
1276 2701 1279 2706 '
1295 2707 1305 2777 ᾗ

156 2803 255 2860 lacere
270 2813 366 2860 eontra
385 2803 476 2862 Deum
497 2815 526 2862 et
546 2806 722 2882 proximum,
743 2805 786 2862 sio
808 2803 924 2862 avaritia
943 2813 987 2862 est
1006 2811 1156 2880 peceatum
1176 2803 1253 2860 veni-

159 2896 256 2960 ale.”⁵
295 2902 426 2960 Periculo
446 2913 540 2962 tamen
559 2905 652 2982 legem
675 2903 799 2962 divinam
821 2904 942 2981 graviter
959 2901 1084 2962 violandi
1104 2904 1154 2961 vix
1172 2911 1254 2961 vaout

159 3021 240 3060 amor
253 3000 429 3061 divitiarum:
452 3012 472 3038 ‘⁴
483 3023 550 3062 nam
564 3005 612 3076 qui
626 3004 725 3062 volunt
738 3004 839 3063 divites
852 3004 925 3071 fieri,
939 3003 1068 3062 incidunt
1080 3003 1111 3062 in
1123 3004 1252 3063 tentatio·

159 3119 236 3169 uem,
251 3109 279 3156 et
291 3103 321 3158 iu
335 3101 470 3174 laqueum
484 3103 599 3171 diaboli,
610 3112 638 3161 et
651 3103 791 3162 desideria
802 3103 890 3162 multa
902 3103 1012 3162 inutilia
1024 3111 1052 3160 et
1064 3103 1176 3170 nociva,
1188 3120 1251 3174 que

159 3208 292 3276 mergunt
303 3200 436 3258 homines
449 3202 479 3260 in
492 3202 634 3260 interitum
645 3214 674 3260 et
686 3201 884 3278 perditionem.
925 3200 1020 3259 Radix
1033 3200 1111 3257 enim
1124 3200 1253 3258 omnium

159 3299 300 3357 malorum
314 3308 357 3357 est
370 3295 560 3376 eupiditas.”⁶

199 3402 248 3455 49.
270 3397 319 3455 Ex
332 3400 446 3457 avaritia
459 3400 583 3457 nascitur
594 3398 740 3458 obduratio
753 3395 857 3463 cordis,
879 3414 935 3469 qua
947 3412 1106 3472 pauperum
1119 3395 1252 3453 levamen

158 3496 321 3574 negligitur,
344 3506 372 3554 et
389 3499 437 3574 jus
461 3517 603 3556 summum
621 3499 652 3555 in
664 3498 806 3557 debitores
820 3504 977 3554 exercetur.
1020 3493 1109 3558 “Qui
1122 3493 1254 3551 habuerit

159 3596 344 3654 substantiam
357 3596 445 3674 hujus
458 3597 568 3665 mundi,
590 3607 618 3654 et
630 3597 733 3655 viderit
752 3596 866 3654 fratrem
887 3611 971 3652 suum
992 3593 1190 3651 nenessitatem
1205 3592 1253 3650 ha·

82 3735 90 3748 .
158 3693 278 3761 beraet
290 3695 422 3754 clauserit
433 3698 543 3754 viscera
556 3698 656 3754 suaub
676 3715 721 3763 eo,
735 3693 882 3768 quomodo
901 3693 1022 3752 charitas
1039 3692 1097 3751 Dei
1115 3693 1254 3752 manatio

160 3809 196 3850 eo
205 3787 254 3848 Ψ
293 3793 464 3866 Inquietudo
487 3805 515 3853 et
536 3796 626 3854 nimia
647 3795 797 3854 solioitudo
817 3793 1074 3867 oonquioendarum
1092 3801 1120 3850 et
1139 3807 1254 3850 eonsen-

157 3890 315 3950 vandarum
328 3891 487 3952 divitiarum
502 3895 625 3953 avaritie
643 3903 688 3952 est
700 3895 767 3963 filia,
782 3913 845 3968 qum
865 3894 1024 3972 spinatum,
1046 3891 1154 3964 quibus
1165 3890 1254 3952 suffo-

160 3999 237 4049 catur
248 4009 361 4059 semen,
376 3993 560 4054 similitudine
573 3995 604 4054 in
615 3993 775 4070 Evangelio
788 3983 984 4071 deoiguutur:8
997 3991 1137 4068 contingit
1148 3993 1255 4072 quippe

192 4152 232 4217 (l)
246 4151 269 4199 2.
282 4156 306 4200 2.
319 4168 361 4216 qu.
373 4153 440 4203 clxii.
451 4162 494 4202 art.
508 4156 530 4204 6.
543 4154 579 4206 od
586 4154 710 4222 primum.
983 4154 1026 4218 (2)
1040 4150 1192 4202 Metelli.

195 4237 235 4299 (3)
252 4236 319 4300 Eph.
331 4252 354 4284 v.
368 4239 392 4286 5.
987 4239 1027 4303 (4)
1047 4237 1115 4287 Beel.
1127 4253 1152 4286 x.
1165 4241 1188 4285 9.

193 4321 235 4385 (5)
249 4321 276 4369 S,
288 4321 408 4381 Thomas,
420 4325 444 4372 2.
456 4327 480 4374 2.
493 4331 578 4388 quaest.
590 4322 671 4374 cxviii.
684 4329 727 4372 art.
740 4321 771 4371 iv.
787 4321 862 4389 Κεφ.
983 4323 1025 4388 (6)
1043 4325 1051 4369 1
1068 4323 1135 4371 Tim.
1148 4323 1179 4368 vi.
1196 4323 1219 4367 9.

194 4406 237 4469 (7)
252 4405 263 4453 l
276 4404 350 4454 Joun.
362 4403 395 4454 iii.
409 4409 448 4456 tt.
985 4407 1027 4472 (8)
1048 4405 1108 4455 Met.
1119 4402 1169 4452 xiii.
1181 4403 1222 4446 22.

198 4483 274 4542 Von.
296 4483 405 4542 1.-27
