3146 5266
631 475 884 538 PROOEMIUM.
1302 481 1319 536 d

233 642 316 700 etiam
330 641 360 698 in
372 658 485 698 morum
498 640 667 699 vindicanda
687 642 816 717 puritate,
837 661 901 700 nam
917 643 1028 720 rejectae
1049 650 1115 698 sunt
1133 649 1162 696 et
1181 637 1319 698 damnate

232 741 360 817 plurimae
381 741 587 815 propositiones
609 760 626 796 a
644 740 787 798 nonnullis
808 741 944 818 theologis
964 741 1140 818 excogitatae,
1162 739 1210 810 qui
1230 739 1320 797 nimio

233 839 385 916 flagrabant
411 838 504 897 studio
531 840 680 897 hominum
702 839 800 914 culpas
823 840 1002 898 extenuandi.
1045 839 1177 912 Plerique
1204 835 1318 910 quidem

232 937 305 995 nihil
318 935 462 1012 cupiditati
475 937 621 1007 dederunt,
643 955 696 996 nec
717 937 792 996 vitiis
812 938 951 996 ullatenus
971 937 1139 1015 patrocinari
1162 935 1318 999 voluerunt,

233 1035 285 1093 sed
298 1037 395 1093 salutis
408 1035 539 1094 humanae
556 1036 649 1094 studio
663 1056 698 1094 ea
711 1057 728 1093 a
741 1039 867 1112 graviore
887 1037 971 1114 culpa
989 1037 1131 1096 1111111111
1146 1033 1320 1100 studuerunt,

233 1153 296 1207 quae
311 1135 412 1191 divinae
425 1135 482 1210 legi
496 1136 637 1194 adversari
655 1135 732 1193 haud
751 1135 900 1194 manifesti
921 1136 1093 1196 videbantur.
1136 1133 1321 1192 Offenderunt

233 1252 447 1305 nonnumquam
473 1235 526 1292 viri
553 1234 711 1292 doctissimi
737 1235 926 1310 piissimique,
957 1235 1075 1294 humani
1102 1231 1207 1306 aliquid
1235 1231 1319 1308 passi.

234 1331 377 1389 Ceterum
392 1334 504 1408 egregie
518 1333 552 1390 de
566 1352 596 1390 re
610 1333 763 1390 christiana
776 1335 870 1391 meriti
882 1344 948 1391 sunt
960 1334 1067 1392 ethices
1082 1351 1168 1390 sacrae
1183 1343 1319 1394 auctores,

233 1432 305 1488 inter
318 1449 389 1503 quos
405 1431 564 1500 Suaresius‚
578 1432 708 1500 Lessius‚
720 1432 766 1489 De
779 1432 872 1508 tngo,
881 1443 913 1490 ut
925 1432 960 1490 de
970 1433 1124 1490 innumeris
1138 1431 1200 1490 aliie
1214 1429 1322 1494 sileam,

234 1529 390 1587 immortale
404 1531 458 1587 sibi
472 1529 558 1588 decus
572 1539 753 1608 pepererunt.
796 1531 842 1588 De
856 1533 940 1589 rebus
953 1531 1086 1604 equidem
1105 1530 1220 1588 lubricis
1234 1528 1323 1586 fusius

236 1646 378 1684 nonnemo
400 1629 466 1703 egit,
481 1629 531 1685 sed
548 1639 579 1687 ut
595 1629 733 1687 evitandae
747 1630 966 1698 innotescerent,
980 1640 1009 1688 et
1028 1629 1189 1688 uulneribus
1209 1627 1322 1685 adhibe·

236 1733 333 1782 rentur
346 1725 487 1782 remedia:
508 1727 645 1799 numquid
663 1727 697 1784 de
716 1748 747 1785 re
769 1729 892 1786 humana
909 1749 967 1788 non
980 1730 1051 1787 bene
1065 1739 1207 1788 merentur
1220 1725 1322 1784 medici

236 1825 286 1896 qui
300 1823 376 1880 foeda
389 1843 508 1896 quaeque
522 1825 617 1882 ulcera
630 1835 805 1901 pertractant,
818 1837 847 1884 et
858 1839 889 1884 nt
901 1829 971 1886 alios
980 1829 1045 1886 artis
1056 1825 1189 1886 medendi
1197 1826 1323 1884 imbuunt

236 1922 394 1998 principiis,
416 1941 500 1980 omne
528 1923 603 1998 quod
623 1923 748 1981 hominis
772 1934 815 1982 est
834 1928 985 2003 explicant,
1007 1927 1214 2004 subjiciuntque
1234 1921 1323 1981 oculis

236 2021 425 2078 discentium?
467 2023 631 2080 Purissimae
646 2041 715 2080 sane
729 2025 792 2081 vitae
807 2024 937 2083 Sauchez
952 2025 987 2082 de
1000 2026 1180 2084 matrimonio
1198 2023 1324 2080 scribens

234 2139 269 2177 ea
281 2121 414 2196 exposuit
427 2141 490 2194 quae
505 2123 639 2198 pleraque
653 2122 725 2179 seim
734 2133 799 2180 sunt
808 2126 976 2192 necessaria,
985 2135 1017 2182 ut
1024 2124 1170 2182 animabus
1180 2121 1324 2180 medeatur

234 2221 283 2291 qui
296 2217 442 2278 difficilem
465 2221 539 2278 hanc
563 2230 652 2278 artem
673 2222 825 2297 profitetur.
868 2223 1013 2282 Immerito
1037 2241 1104 2280 eum
1125 2221 1252 2294 aliosque
1273 2219 1324 2276 ini·

236 2319 346 2389 quiores
361 2318 391 2374 in
403 2320 626 2387 matrimonium,
636 2330 664 2377 et
677 2321 765 2396 turpis
780 2323 947 2380 curiositatis
960 2341 1025 2380 reos
1043 2321 1172 2398 designat
1184 2317 1325 2378 Jeremias

237 2416 362 2493 Taylor:
379 2419 429 2490 qui
437 2419 563 2491 alioquin
576 2418 677 2476 fatetur
688 2438 800 2478 morum
809 2420 988 2497 disciplinam
1003 2420 1078 2498 apud
1091 2439 1158 2478 suos
1167 2417 1324 2495 neglectam

239 2533 275 2572 ex
288 2534 345 2587 quo
359 2517 546 2576 confessionis
560 2536 629 2574 usus
643 2511 749 2576 viluit¹

280 2619 308 2670 3.
329 2615 393 2672 Prae
403 2617 602 2674 recentioribus
617 2617 736 2675 Ethices
760 2619 919 2676 auctoribus
943 2619 1049 2678 eminet
1062 2618 1095 2675 S.
1110 2615 1275 2692 Alphonsus
1289 2612 1324 2670 de

240 2711 366 2788 Ligurio,
388 2715 436 2784 qui
455 2715 558 2772 saeculo
575 2717 706 2791 proxime
721 2717 819 2790 elapso
833 2716 869 2772 ad
889 2717 977 2773 finem
999 2725 1132 2792 vergente
1146 2713 1242 2770 floruit
1262 2721 1325 2768 ante

239 2829 327 2868 annos
340 2830 446 2886 paucos
461 2813 547 2870 sacris
567 2814 707 2872 Ecclesiae
728 2813 882 2871 honoribus
903 2823 1010 2872 auctus.
1053 2811 1204 2872 Evolvisse
1218 2807 1326 2867 videtur

235 2909 320 2967 libros
334 2910 392 2968 sere
413 2931 512 2969 ornnes
526 2911 561 2968 de
581 2913 635 2969 hac
655 2912 805 2988 disciplina
824 2922 983 2982 tractantes,
1004 2923 1033 2972 et
1051 2913 1175 2971 scientim
1197 2909 1325 2987 adjunxit

234 3025 328 3066 rerum
342 3011 470 3084 peritiam
483 3031 550 3068 nam
565 3029 616 3087 per
624 3031 712 3068 annos
722 3011 858 3087 plurimos
872 3013 902 3071 in
917 3014 1072 3072 animarum
1087 3031 1153 3068 cura
1167 3029 1198 3066 se
1212 3024 1325 3066 exerce·

234 3107 290 3174 bat,
306 3107 376 3166 adeo
390 3118 421 3165 ut
434 3111 558 3168 scientiae
573 3119 601 3166 et
614 3111 740 3168 exercitii
754 3110 859 3168 fructus
879 3113 909 3170 in
933 3113 1093 3188 Theologia
1114 3109 1219 3168 Murali
1240 3123 1325 3180 quam

238 3207 350 3282 scripsit
360 3209 440 3265 nobis
454 3209 606 3281 reliquerit.
650 3209 734 3266 Hanc
748 3228 861 3286 semper
874 3231 931 3288 pree
945 3213 1074 3270 manibus
1088 3209 1247 3274 habuimus,
1257 3205 1324 3262 dum

236 3323 308 3380 opus
331 3306 387 3363 hoc
407 3315 535 3365 nostmm
557 3308 761 3382 qualecumque
782 3329 955 3384 pararemus,
975 3311 1095 3387 ejusque
1122 3305 1325 3381 exscripsimus

235 3421 311 3480 sepe
334 3407 437 3480 saepius
460 3407 553 3475 verba,
574 3415 603 3464 et
623 3408 712 3464 secuti
732 3427 830 3466 sumus
850 3410 969 3466 libenter
989 3408 1199 3470 auctoritatemt
1227 3413 1324 3460 nostro

236 3511 331 3560 tamen
342 3506 388 3560 usi
398 3505 516 3580 judicio,
532 3507 608 3563 tenui
621 3507 689 3562 licet
701 3515 730 3562 et
752 3506 875 3573 infirmo,
890 3507 937 3561 cui
950 3506 1022 3561 nihil
1035 3505 1158 3578 petimus
1171 3498 1325 3566 fidendum,

238 3600 295 3656 nisi
308 3610 444 3673 quatenus
458 3603 625 3680 suffragetur
639 3603 788 3661 auctoritas
805 3613 833 3660 et
846 3603 985 3662 rationum
999 3610 1152 3660 momenta.

272 3773 313 3840 (l)
332 3773 440 3838 Negotia
457 3777 591 3840 munitque
608 3777 774 3827 ministrorum
790 3784 926 3842 pretexens
942 3777 1128 3827 animadvertit:
1156 3776 1202 3825 “It
1218 3789 1269 3824 1111
1286 3773 1327 3824 the

234 3858 281 3907 less
292 3860 392 3909 wonder
403 3860 457 3910 thet
467 3861 494 3910 in
506 3860 549 3910 the
561 3861 691 3912 Reiormed
703 3861 832 3912 Oburches
844 3863 911 3912 there
922 3862 982 3912 bath
1001 3863 1064 3910 been
1081 3877 1109 3909 so
1120 3868 1187 3922 great
1198 3878 1213 3910 1
1224 3859 1326 3924 1111111]

234 3940 262 3987 11
274 3941 350 3990 books
362 3943 391 3990 11
403 3959 472 3992 cases
484 3945 512 3992 11
525 3945 683 4004 consciencs3
701 3945 797 4008 though
809 3947 860 3995 itis
871 3953 916 3995 not
928 3953 953 3994 to
964 3945 994 3993 be
1005 3943 1093 3992 dsuied
1104 3944 1148 3992 bnt
1165 3943 1205 3992 the
1225 3943 1328 3994 careless

234 4023 281 4072 and
292 4027 402 4076 needless
413 4029 511 4089 neglect
522 4028 551 4078 os
558 4028 679 4091 receiving
690 4030 782 4094 private
791 4029 943 4079 consessione
955 4027 1015 4076 heth
1026 4029 1087 4076 been
1099 4034 1140 4076 too
1152 4034 1217 4090 great
1228 4043 1243 4076 1
1254 4044 1327 4078 muse

234 4108 310 4158 11111
321 4117 364 4159 not
372 4111 504 4175 providing
512 4112 633 4162 materiale
641 4122 681 4179 apt
693 4115 730 4163 for
739 4131 766 4163 so
774 4115 846 4178 pious
854 4113 902 4162 and
914 4111 1018 4164 usefuls
1028 4111 1215 4164 ministrationl’
1231 4112 1328 4166 Ductor

234 4190 414 4256 Dubitandum,
427 4211 454 4244 or
466 4196 508 4246 the
520 4197 582 4247 Iluls
594 4197 622 4246 11
631 4197 793 4248 conscience.
814 4199 878 4247 Pref.
