3068 5256
576 451 633 512 nn
655 451 895 515 onon-hoec.
1244 467 1281 524 u

187 620 307 680 visitans
322 617 503 691 iniquitatem
514 618 670 694 patrumm
688 618 773 686 filios,
794 620 825 678 in
843 620 953 680 tertiam
970 629 1002 678 et
1020 631 1147 695 quartam
1167 643 1284 702 genera·

187 722 295 779 tionem
310 735 420 784 eorum,
435 717 485 790 qui
502 715 625 774 oderunt
644 734 707 775 me:
729 728 757 774 et
776 717 882 778 faciens
902 719 1126 782 misericordiam
1144 724 1175 782 in
1194 725 1284 786 millia

188 819 243 887 his,
258 817 308 889 qui
321 813 444 891 diligunt
456 834 514 883 me,
529 824 557 872 et
570 813 731 873 custodiunt
743 827 884 895 precepta
892 837 966 877 mea.

225 915 328 972 “Non
342 932 472 972 assumes
486 932 595 972 nomen
608 913 727 972 Domini
740 914 797 973 Dei
818 919 858 976 tui
877 919 906 976 in
926 937 1048 978 vanumz
1068 939 1122 978 nec
1142 924 1220 980 enirn
1233 921 1282 982 ha·

184 1015 262 1071 bebit
274 1017 420 1072 insontem
433 1012 579 1072 Dominus
593 1033 670 1082 eum,
684 1014 734 1086 qui
753 1016 939 1094 assumpserit
959 1035 1065 1076 nornen
1086 1019 1205 1080 Domini
1225 1021 1282 1102 Dei

186 1114 231 1172 sui
244 1113 355 1170 fnestra.
414 1122 417 1128 ’

226 1212 390 1276 Memento,
404 1218 436 1267 ut
448 1208 525 1268 diem
539 1211 654 1270 Sabbati
666 1211 837 1270 sanctifices.
879 1215 940 1272 Sex
953 1212 1053 1273 diebus
1066 1218 1240 1294 operaberis,
1254 1228 1282 1277 et

187 1311 273 1368 facies
288 1309 386 1368 omnia
399 1327 486 1384 opera
499 1318 554 1367 tua.
597 1311 727 1387 Septimo
749 1319 841 1369 autem
862 1312 908 1370 die
928 1314 1080 1372 Sabbatum
1093 1315 1214 1376 Domini
1225 1315 1284 1377 Dei

187 1411 227 1468 tui
251 1417 313 1466 est:
334 1426 395 1466 non
415 1407 502 1464 facies
525 1405 611 1466 omn'e
631 1427 704 1485 opus
724 1409 754 1466 in
774 1427 820 1476 eo,
834 1421 873 1478 tu,
888 1421 916 1468 et
933 1411 1010 1469 filius
1023 1421 1098 1480 tuus,
1112 1413 1211 1474 etlilia
1224 1423 1281 1484 tua,

188 1526 287 1565 servus
300 1515 374 1574 tuus,
389 1514 418 1562 et
437 1506 538 1563 ancilla
558 1517 613 1574 tna,
630 1509 794 1584 jumentum
815 1517 904 1578 tuum,
926 1519 954 1568 st
973 1509 1081 1569 advena
1094 1512 1142 1584 qui
1155 1521 1200 1569 est
1211 1511 1284 1572 intra

189 1614 287 1682 portas
300 1614 371 1662 uras.
414 1604 474 1661 Sex
487 1607 566 1662 enirn
585 1604 686 1664 diebus
705 1607 772 1664 fecit
791 1606 935 1666 Dominus
952 1609 1056 1668 eoelum
1075 1619 1104 1668 et
1122 1618 1234 1680 terram,
1255 1621 1283 1668 et

192 1722 283 1771 mare,
299 1712 327 1759 ct
339 1703 435 1760 omnia
447 1720 508 1774 que
521 1705 550 1762 in
563 1705 606 1761 eis
627 1714 701 1772 sunt,
715 1714 744 1762 et
754 1707 892 1778 requievit
908 1708 938 1766 in
957 1707 1003 1765 die
1017 1710 1156 1784 septimo:
1178 1710 1284 1770 idcireo

187 1802 336 1862 benedixit
348 1801 491 1860 Dominus
505 1802 562 1860 diei
576 1803 701 1871 Sabbati,
716 1813 743 1860 et
755 1805 940 1862 sanctificavit
956 1823 1031 1865 eum.

230 1901 352 1960 Honora
371 1909 480 1979 patrem
504 1910 593 1970 mum,
615 1911 644 1966 et
662 1911 782 1960 matrem
803 1911 888 1969 trram,
909 1913 941 1961 nt
960 1905 1000 1962 sis
1025 1904 1172 1982 longevus
1198 1923 1283 1982 super

189 2012 303 2069 terram,
318 2020 402 2073 quarn
417 2000 562 2060 Dominus
577 2001 658 2060 Deus
671 2009 735 2058 tuus
748 1999 824 2059 dabit
836 1999 895 2060 tibi.

230 2101 299 2159 Non
313 2101 439 2158 occides.

228 2201 299 2259 Non
312 2181 511 2258 moechaberis.

228 2300 298 2358 Non
312 2299 419 2357 furtum
433 2296 530 2356 facies.

228 2399 297 2457 Non
310 2399 437 2470 loqueris
452 2406 551 2456 contra
564 2397 728 2472 proximum
741 2403 819 2456 tuum
833 2397 937 2456 salsum
950 2381 1156 2460 testimonium.

227 2499 297 2556 Non
317 2497 507 2572 concupisces
530 2495 648 2554 domurn
668 2496 793 2571 proximi
814 2497 874 2555 tui:
895 2515 950 2554 nec
971 2495 1142 2556 desiderabis
1162 2513 1283 2556 uxorem

187 2598 263 2673 ejus,
277 2615 336 2654 non
350 2615 477 2663 servum,
491 2615 551 2655 non
564 2594 705 2662 ancillam,
716 2614 775 2654 non
784 2596 898 2664 bovem,
911 2613 970 2654 non
985 2597 1105 2675 usurum,
1119 2615 1173 2654 nec
1185 2596 1284 2654 omnia

190 2713 257 2768 quae
270 2695 347 2752 illius
358 2689 469 2750 sunt.'’l
992 2697 1009 2751 ζ

229 2797 280 2852 29.
303 2791 425 2850 Eisdem
439 2791 497 2850 fere
511 2793 601 2851 verbis
614 2798 757 2869 precepta
769 2793 800 2851 in
812 2790 884 2850 libro
904 2789 1122 2851 Deuteronomii
1134 2806 1284 2847 recensen-

186 2905 240 2962 tur,
255 2891 357 2952 ordine
372 2900 467 2950 tamen
481 2893 630 2950 verborum
643 2889 775 2950 nonnihil
782 2891 888 2948 variato
900 2891 932 2950 in
941 2889 1039 2960 ultima
1048 2889 1206 2968 presertim
1218 2907 1283 2948 sen·

186 2995 284 3052 tentia.
329 2990 428 3049 “Non
442 2991 630 3066 concupisces
643 3007 762 3049 uxorem
776 2991 901 3066 proximi
921 2990 978 3048 tui:
999 3007 1058 3048 non
1077 2989 1205 3058 domum,
1225 3007 1284 3048 non

186 3111 296 3168 agrum,
310 3110 370 3150 non
383 3109 509 3156 servum,
522 3107 582 3148 non
602 3089 744 3157 ancillam,
766 3108 823 3149 non
836 3091 950 3157 bovem,
970 3089 1161 3160 nontasinum
1180 3097 1210 3148 et
1220 3089 1282 3149 uni·

186 3209 268 3248 versa
281 3209 346 3262 quae
360 3189 435 3247 illius
450 3181 565 3247 sunt'’²
1027 3193 1031 3200 ’
1180 3173 1187 3187 '

225 3294 275 3348 ³0.
298 3289 398 3355 Quum
412 3306 492 3346 sacer
505 3289 626 3364 scriptor
638 3285 715 3344 nulla
727 3287 835 3345 ratione
855 3285 996 3346 definierit
1013 3285 1190 3363 singulorum
1212 3303 1283 3364 prae·

189 3397 338 3465 ceptorum
352 3388 477 3477 limites,
492 3388 630 3446 variatum
650 3395 695 3442 est
716 3394 842 3444 veterum
865 3379 1037 3444 sententiis.³
1078 3383 1282 3451 “Quantum”

190 3487 286 3559 inquit
311 3488 500 3564 Augustinus,
528 3485 657 3544 “decem
683 3493 826 3560 precepta
849 3484 921 3559 legis
951 3481 1192 3554 quemadmodum
1213 3479 1298 3567 divi·¹

191 3584 286 3642 denda
312 3588 382 3644 sint:
403 3595 502 3644 utrum
520 3595 641 3658 quatuor
660 3584 717 3641 sint
735 3599 826 3654 usqne
847 3580 882 3638 ad
907 3587 1079 3657 preceptum
1098 3577 1134 3637 de
1159 3577 1282 3644 sabbato,

190 3701 256 3756 quar
289 3684 323 3742 ad
355 3687 452 3764 ipsum
487 3684 583 3744 Deum
615 3682 772 3760 pertinent3
805 3699 858 3739 sex
891 3688 984 3740 autem
1010 3678 1127 3754 reliqua,
1161 3696 1282 3753 quorum

235 3895 262 3944 1,
307 3911 323 3944 x
413 3930 419 3946 .

220 3897 262 4045 {23
281 3895 417 4031 godildi
425 3985 446 4032 l.
480 3980 510 4031 lu
521 3987 591 4032 textu
603 3966 726 4030 Hebraico
732 3977 846 4029 versiculi
857 3975 1050 4037 distinguuntur,
1061 3975 1085 4022 et
1100 3971 1201 4020 verbum
1212 3983 1281 4018 utur-

184 4071 257 4130 patur
269 4073 326 4115 ante
338 4066 448 4116 domum.

221 4149 263 4215 (3)
277 4149 389 4200 “When
402 4149 486 4200 Moses
496 4149 617 4200 delivered
629 4147 720 4198 theton
732 4142 944 4198 commondmeuts
954 4147 980 4192 to
991 4140 1033 4192 the
1041 4141 1134 4207 people,
1142 4139 1175 4189 he
1185 4138 1228 4189 did
1238 4144 1283 4188 not

183 4233 225 4284 tell
247 4235 315 4284 them
328 4235 355 4284 in
367 4235 439 4285 order
449 4235 533 4287 which
543 4251 595 4285 was
606 4233 704 4293 second,
716 4231 798 4282 which
809 4244 861 4279 was
880 4227 943 4289 lillh,
962 4227 1014 4310 end
1030 4241 1098 4292 upon
1118 4225 1167 4275 this
1178 4229 1283 4274 account

183 4320 242 4385 they
254 4321 317 4370 have
327 4323 389 4370 been
401 4323 520 4386 severally
528 4321 625 4371 dividcd
636 4336 664 4370 es
672 4335 729 4369 men
741 4317 782 4368 did
793 4317 876 4381 plesse
888 4322 912 4365 tc
925 4311 1022 4378 fancy.’'
1051 4311 1068 4360 J
1069 4311 1170 4362 eremias
1181 4309 1282 4372 Toylor,

183 4404 278 4456 Ductor
290 4405 480 4466 Dubitentinm,
488 4407 504 4456 1.
516 4405 541 4456 ii.
553 4405 592 4456 ch.
604 4409 627 4454 2.
646 4403 710 4454 Rule
720 4405 743 4464 6,
754 4419 778 4468 p.
792 4402 850 4450 ³24.
