3046 5262
581 1207 724 1270 CAPUT
745 1211 801 1272 111.

423 1437 461 1476 DE
483 1437 619 1478 Pnccn‘ro
640 1440 773 1480 montem
793 1441 833 1482 ΕΤ
854 1442 988 1482 viimam.

194 1615 244 1668 28.
267 1612 434 1672 Pncosunu
447 1614 573 1674 mortale
594 1616 695 1676 dicitur
715 1639 731 1676 a
752 1628 842 1678 morte
856 1622 956 1679 anime
971 1637 1033 1692 qum
1054 1619 1110 1679 Dei
1125 1619 1247 1680 amicitia

152 1709 279 1788 privatur
289 1713 325 1768 ob
338 1731 453 1788 gravem
466 1715 538 1792 legis
552 1719 816 1794 transgressionem,
830 1729 859 1777 et
871 1739 934 1792 quae
948 1727 1058 1777 aeternae
1071 1720 1170 1778 mortis
1183 1736 1246 1776 sen·

152 1809 248 1864 tentiae
275 1811 417 1887 subjacet:
440 1813 612 1890 “stipendia
637 1817 747 1892 peccati
771 1815 897 1875 mors.''¹
943 1816 1063 1876 Veniate
1088 1825 1246 1894 peecatum,

152 1905 241 1963 veluti
255 1911 367 1966 veniam
380 1911 607 1987 impetraturum,
621 1912 723 1974 dicitur
735 1915 935 1988 quodcumque
948 1916 1006 1992 legi
1026 1915 1130 1975 divine
1148 1914 1248 1974 leviter

151 2002 340 2075 disconvenit,
364 2017 393 2066 et
414 2012 518 2069 minuit
539 2013 660 2070 caritatis
683 2013 822 2082 ardorem,
847 2016 917 2088 quin
930 2033 993 2072 eam
1006 2015 1161 2090 extingunt.
1202 2012 1248 2071 De

150 2119 190 2158 eo
203 2101 281 2174 loqui
289 2105 353 2181 jure
367 2110 475 2185 optimo
489 2120 619 2176 censetur
641 2111 734 2170 Divus
755 2113 872 2182 Paulus,
892 2113 974 2191 ligni,
988 2113 1066 2181 foeni,
1081 2112 1247 2190 stipulasque

150 2201 327 2274 nominibus,
351 2225 413 2278 quae
444 2209 493 2280 qui
518 2207 702 2268 fundamento
727 2212 864 2288 injecerit,
893 2213 1091 2272 detrimentum
1117 2213 1247 2289 patietur,

150 2301 267 2359 nonnisi
291 2305 459 2382 perignem
481 2308 570 2366 veluti
592 2327 726 2368 evasurus
739 2303 763 2366 :²
795 2320 823 2368 et
845 2310 1000 2388 Apostolus
1021 2310 1163 2370 lacobus:
1186 2318 1206 2344 “
1217 2311 1247 2369 in

149 2399 248 2458 multis
261 2403 338 2461 enim
352 2403 524 2465 offendimus
535 2426 634 2466 omnes
643 2401 689 2464 :'’³
708 2428 762 2468 nec
772 2411 848 2468 enirn
862 2429 962 2470 omnes
981 2410 1120 2469 lethaliter
1128 2426 1246 2487 peccare

149 2497 290 2558 videntur.
312 2501 478 2581 Discrimsn
491 2506 563 2563 inter
575 2517 728 2582 utrumque
741 2527 778 2566 ex
791 2527 886 2568 rerum
899 2519 997 2567 natura
1009 2509 1166 2578 derivatum
1180 2518 1247 2566 eunt

147 2600 228 2658 enim
244 2600 372 2672 quaedam
385 2621 437 2679 per
455 2623 485 2662 se
505 2605 671 2678 levesque
691 2625 749 2666 non
769 2618 913 2666 merentur
931 2626 1045 2684 poenarn
1058 2617 1201 2676 eternam,
1216 2607 1246 2664 in

146 2700 204 2757 hac
219 2699 320 2756 saltem
333 2718 426 2758 rerum
442 2721 527 2776 quam
541 2706 636 2763 statuit
656 2705 737 2764 Deus
758 2705 938 2764 conditione:
961 2715 1132 2780 quapropter
1145 2703 1244 2762 merito

145 2799 286 2859 damnata
300 2805 342 2854 est
355 2797 419 2876 Baji
438 2803 610 2878 propositio:
634 2803 773 2862 “nullum
796 2813 839 2860 est
857 2811 1004 2880 peccatum
1024 2821 1061 2860 ex
1084 2812 1182 2861 natura
1194 2821 1245 2860 sua

145 2897 273 2958 veniale:
289 2895 339 2954 sed
347 2916 431 2956 omne
438 2910 569 2976 pecatum
583 2913 705 2961 meretur
713 2921 828 2979 poenam
841 2898 1022 2962 aeternam.''⁴
1041 2901 1191 2978 Explosus
1201 2911 1246 2960 est

146 2999 229 3056 enim
242 3015 320 3054 error
333 2997 451 3056 Lutheri
465 2999 543 3058 haud
555 3001 703 3070 absimilis,
718 2985 771 3076 qui
781 3002 889 3062 scilicet
901 3001 999 3062 docuit
1016 3012 1131 3079 peccata
1150 3003 1246 3060 omnia

150 3097 289 3154 fidelibus
312 3114 375 3153 esse
399 3098 529 3167 venialia,
556 3107 652 3176 utpote
678 3103 714 3159 ob
737 3101 824 3160 fidem
846 3104 929 3160 venia
951 3101 1062 3169 donata,
1086 3101 1246 3160 infidelibus

145 3195 217 3254 verb
247 3195 384 3252 mortalia.
427 3197 539 3255 Ducem
566 3208 679 3256 secutus
712 3209 756 3257 est
788 3199 938 3267 Calvinus,
965 3200 1063 3257 electis
1089 3201 1186 3258 omnia
1204 3202 1245 3276 ig·

144 3293 294 3354 noscenda
315 3292 431 3363 docens,
445 3297 573 3374 reprobis
594 3299 692 3356 omnia
704 3299 735 3356 in
754 3307 875 3356 mortem
895 3315 1018 3354 cessura.
1060 3295 1105 3354 De
1116 3295 1162 3352 his
1177 3298 1244 3354 alias

148 3389 294 3472 egimus!

188 3496 240 3550 29.
262 3491 383 3550 Constat
395 3500 414 3526 “
426 3491 460 3549 ad
471 3502 618 3569 peccatum
631 3495 749 3554 mortale
762 3494 870 3566 requiri
884 3493 1002 3553 omnino
1013 3491 1169 3568 perfectum
1179 3512 1245 3552 con-

144 3611 278 3660 sensum,
294 3593 354 3649 sive
369 3591 600 3652 deliberationem
613 3585 815 3652 voluntatis.'’⁶
854 3594 988 3651 Attamen
1008 3592 1167 3650 consentire
1181 3610 1246 3650 cen·

143 3701 227 3750 setnr
241 3692 291 3762 qui
303 3690 459 3748 voluntarie
473 3693 555 3769 ponit
567 3711 693 3762 causam,
708 3712 746 3750 ex
759 3713 815 3766 qua
828 3693 989 3750 necessario
1003 3689 1121 3750 effectus
1138 3692 1244 3752 oritur:

143 3792 192 3848 sic
206 3790 347 3849 consentit
359 3790 389 3848 in
403 3790 588 3866 pollutionem
605 3794 655 3866 qui
674 3793 794 3851 libenter
807 3793 974 3852 immoratur
986 3792 1016 3850 in
1031 3793 1157 3868 turpibus
1171 3793 1247 3868 cogi·

142 3890 311 3957 rationibus,
326 3907 389 3962 quse
403 3889 572 3965 plerumque
586 3910 649 3949 eam
663 3891 811 3962 inducunt,
822 3892 868 3950 vel
878 3893 927 3964 qui
939 3891 1103 3950 familiarius
1111 3892 1168 3968 agit
1181 3909 1246 3948 cum

183 4077 228 4140 (l)
250 4075 321 4124 Rom.
334 4075 364 4127 vi.
374 4075 415 4127 23.
702 4079 740 4145 (2)
764 4077 846 4126 lGor.
860 4077 892 4126 iii.
906 4080 946 4126 15.

182 4161 228 4224 (3)
249 4159 302 4209 Jac.
312 4161 346 4211 iii.
359 4165 384 4214 2.
445 4149 450 4165 ⁹
702 4164 741 4227 (l)
764 4164 836 4226 Prop.
848 4177 888 4210 xx.

181 4247 225 4311 (5)
245 4246 334 4308 Dogm.
345 4245 434 4296 Theoi.
447 4255 465 4297 t.
476 4248 502 4297 ii.
514 4254 582 4299 tract
594 4247 645 4296 viii.
657 4263 678 4296 c.
691 4263 715 4296 x.
728 4252 742 4306 §
753 4247 778 4296 ii.
797 4247 860 4296 Vide
872 4255 897 4297 et
908 4253 975 4297 tract.
994 4246 1100 4309 Anglico
1112 4262 1222 4298 sermone
1235 4264 1249 4296 a

140 4349 184 4381 me
201 4345 281 4393 nuper
289 4331 397 4380 editumr
416 4339 431 4362 ‘⁸
441 4331 498 4381 The
510 4331 623 4382 catholic
635 4331 753 4380 Doctrine
764 4347 797 4381 on
806 4315 981 4391 Justilication,
993 4348 1015 4382 e.
1027 4332 1095 4382 xviii.

181 4421 227 4483 (6)
249 4415 274 4464 S.
282 4417 304 4464 Α
312 4417 358 4485 lpb·
367 4419 382 4468 1.
395 4434 417 4466 v.
429 4426 497 4469 treet.
508 4419 539 4468 de
550 4433 616 4484 pecu
624 4435 646 4468 e.
657 4419 674 4468 i.
685 4417 742 4468 dub.
751 4419 767 4468 i.
780 4435 807 4471 u.
819 4421 843 4470 5.

698 4501 757 4558 26*
