3046 5262
281 505 341 562 est
732 497 958 576 orcanae.

284 663 359 743 apud
371 663 491 741 Anglos,
505 681 564 722 non
577 664 616 722 ita
629 663 703 739 apud
715 657 795 722 noe.¹
836 659 946 738 Captor
958 681 1011 722 suo
1023 665 1141 724 nomine
1154 665 1235 729 litem
1248 667 1324 725 valet
1335 670 1369 726 iu·

283 766 398 822 stituere
412 781 509 822 coram
524 762 655 821 tribunali
675 764 707 822 in
727 762 842 838 regione
864 761 989 820 boatium
1008 771 1040 820 ut
1058 765 1181 841 pretium
1201 768 1372 841 promissum

282 871 439 940 recuperet,
453 881 514 921 uon
529 872 623 920 temen
640 861 670 919 io
688 861 802 938 Anglia,
823 861 871 919 ubi
891 860 940 920 lex
960 880 1018 919 non
1038 863 1105 921 sinit
1123 863 1236 922 hostem
1254 866 1304 941 jus
1325 866 1373 922 sibi

283 961 439 1022 vindicare.
493 960 665 1032 Plerumque
691 960 859 1032 relinquitur
887 960 990 1032 aliquis
1009 961 1040 1018 in
1065 960 1271 1031 vadimonium,
1299 966 1375 1042 cujus

283 1062 403 1122 nomine
430 1061 587 1120 instituitur
611 1059 657 1126 lis,
684 1069 716 1118 ut
746 1060 838 1135 pretio
871 1060 1016 1136 persoluto
1041 1060 1071 1118 in
1102 1061 1261 1121 libertatem
1289 1063 1375 1121 vindi·

290 1151 396 1218 cetur.5¹

324 1263 374 1318 33.
394 1257 476 1334 Lego
488 1256 612 1318 districte
623 1265 730 1314 vetatur
739 1256 830 1314 cuivis
844 1257 900 1314 ciri
909 1257 1038 1316 Sutrium
1049 1257 1264 1320 Foederatorum
1276 1277 1375 1318 narem

284 1369 383 1418 eontra
395 1357 519 1430 aliquam
533 1366 646 1432 gentem
668 1374 730 1427 quae
751 1373 817 1414 cum
830 1355 976 1432 republica
993 1365 1089 1415 noetm
1102 1344 1226 1416 amicitia
1238 1358 1374 1416 frederevc

285 1459 437 1534 conjuncta
450 1457 487 1512 sit
499 1456 647 1522 instruere,
661 1454 737 1513 bello
757 1455 829 1512 inter
848 1473 912 1514 eam
934 1464 962 1512 et
980 1456 1063 1514 aliam
1083 1467 1197 1534 gentem
1217 1451 1374 1532 fingmento.³

288 1555 346 1621 Qui
359 1564 440 1612 extra
448 1555 521 1630 justi
534 1554 599 1611 belli
613 1553 794 1612 occasionem
807 1571 895 1611 naves
908 1551 1044 1630 diripiunt
1065 1574 1269 1628 quaecumque,
1285 1557 1375 1632 pirate

289 1662 364 1719 sunt,
378 1661 407 1708 et
421 1651 456 1708 ad
469 1650 674 1709 restituendum
689 1651 808 1710 omniuo
821 1653 947 1728 obligati.

325 1755 375 1810 34.
398 1757 416 1786 ‘⁶
429 1749 645 1808 Postlimiuium
658 1749 741 1826 fingit
760 1767 827 1806 eum
841 1752 890 1822 qui
903 1760 1002 1826 captus
1021 1761 1074 1820 est,
1089 1751 1123 1810 in
1141 1753 1254 1810 civitate
1268 1771 1376 1828 semper

285 1842 424 1913 fuisse.''⁴
464 1849 507 1907 Ita
525 1848 574 1925 jus
597 1847 781 1908 Caesareum:
803 1858 974 1926 quapropter
991 1851 1040 1926 jus
1059 1851 1227 1926 postliminii
1249 1865 1294 1908 eet
1305 1852 1377 1908 fictio

287 1949 416 2024 quaedam
427 1950 513 2026 jurie,
530 1967 646 2022 quares
661 1949 707 2006 vel
727 1967 849 2025 persona
870 1949 903 2006 ab
923 1948 1048 2008 hostium
1068 1958 1205 2026 potestate
1219 1961 1379 2026 recuperata

285 2049 404 2106 habetur
416 2048 501 2106 veluti
510 2066 656 2120 nunquam
667 2057 756 2124 capta.
778 2048 811 2105 Si
822 2047 885 2120 quis
892 2048 968 2106 bona
980 2048 1156 2107 abhostibus
1164 2051 1377 2126 recuperaverit

287 2165 345 2205 nou
358 2127 414 2204 sua
423 2147 505 2212 fiunt,
515 2164 568 2204 neo
582 2146 755 2222 reipublicae,
767 2145 818 2204 sed
831 2147 894 2223 ejus
909 2147 991 2224 cujus
1004 2157 1085 2208 antea
1097 2146 1233 2208 fuerant!
1253 2150 1289 2208 In
1300 2149 1378 2206 rebus

287 2245 439 2306 mobilibus
463 2245 512 2322 jus
537 2245 594 2304 hoc
612 2264 671 2304 non
697 2245 860 2306 conceditur
885 2247 941 2304 uisi
966 2245 1070 2305 fuerint
1093 2245 1174 2309 brevi
1197 2257 1379 2326 recuperata,

289 2364 355 2404 nam
370 2356 436 2422 post
451 2345 551 2422 viginti
571 2355 692 2418 quatuor
704 2345 788 2402 horas
809 2345 921 2421 elapsas
940 2346 1013 2403 fiunt
1031 2347 1148 2404 omnino
1160 2349 1287 2406 victoris.
1328 2347 1380 2404 lm·

290 2445 407 2504 mobilia
419 2463 455 2502 eo
469 2441 593 2522 gaudent
601 2445 677 2520 jure,
692 2461 779 2515 quum
800 2443 881 2502 facile
901 2464 917 2501 a
936 2444 1060 2504 dominis
1079 2455 1278 2523 agnoecantur,
1298 2445 1379 2504 etiam

288 2551 355 2620 poet
366 2544 480 2619 lapsum
494 2544 647 2618 temporis:
672 2540 724 2599 sed
737 2543 886 2618 praemium
902 2543 1044 2616 quoddam
1058 2545 1130 2602 solet
1142 2545 1203 2603 dari
1217 2547 1319 2604 iterum
1336 2563 1378 2602 ca·

287 2644 441 2718 pientibus.
484 2641 517 2700 Si
530 2643 642 2702 iuterim
656 2640 803 2700 vendinm
823 2641 914 2711 fuerit,
935 2653 1047 2720 emptor
1060 2646 1139 2704 omui
1155 2645 1220 2721 jure
1241 2643 1326 2711 cadit,
1339 2652 1378 2700 est

287 2744 364 2802 enim
378 2743 480 2820 prioris
493 2741 618 2802 domini:
639 2743 696 2800 nisi
715 2742 813 2800 civitae
834 2750 881 2800 aut
895 2744 975 2819 regio
988 2743 1088 2802 victori
1101 2743 1232 2814 tradatur,
1247 2745 1320 2802 inter
1333 2761 1376 2818 pa·

289 2843 331 2899 cis
347 2841 537 2910 conditionem
554 2853 621 2902 tunc
634 2843 712 2900 euim
725 2841 856 2900 alienatio
869 2843 947 2917 prius
965 2841 1038 2900 facta
1051 2863 1067 2900 a
1079 2844 1185 2901 victore
1198 2843 1279 2901 alteri
1293 2841 1378 2900 adhuc

287 2938 400 2995 valebit.
444 2938 531 3014 Apud
546 2939 645 2996 Gallos
659 2940 738 3006 olim,
753 2950 782 2997 et
803 2939 878 3016 apud
897 2959 950 2999 nos
971 2941 1000 2999 in
1019 2941 1094 3001 bello
1107 2942 1288 3009 Americano,
1303 2941 1378 2999 navis

286 3052 350 3106 quae
373 3053 425 3110 per
447 3035 548 3110 viginti
562 3046 681 3107 quatuor
701 3037 786 3094 horas
807 3025 841 3096 in²
860 3049 996 3115 potestate
1019 3040 1143 3100 hostium
1164 3042 1266 3108 tuerat,
1287 3037 1378 3117 postli-

287 3133 370 3192 minii
380 3133 439 3212 juri
452 3143 579 3190 nouerat
593 3135 717 3193 obnoxia
729 3154 736 3202 ;
758 3135 808 3192 sed
818 3137 879 3214 jam
893 3139 997 3211 ubique
1007 3141 1144 3198 sententia
1155 3140 1301 3198 tribunalis
1311 3155 1378 3214 opus

288 3241 333 3292 est
345 3231 566 3310 ut'postliminio
580 3253 637 3292 non
650 3236 687 3292 sit
699 3235 789 3294 locor.
813 3235 820 3250 ‘

285 3409 409 3476 authority
421 3411 450 3460 os
464 3409 505 3461 the
518 3419 579 3462 stete
591 3419 615 3461 to
628 3411 710 3462 which
721 3411 763 3462 the
774 3420 857 3479 ceptor
870 3413 979 3476 belongs,
988 3415 1037 3466 end
1049 3415 1068 3466 it
1078 3416 1150 3466 binde
1162 3417 1203 3466 the
1215 3413 1379 3465 commendere

286 3499 314 3548 of
328 3497 398 3548 other
409 3497 513 3548 croirers
525 3507 550 3546 to
562 3507 656 3563 respect
668 3499 710 3548 the
722 3500 771 3548 sose
783 3500 890 3550 conduct
906 3500 964 3550 thus
973 3499 1072 3563 given.‘'
1091 3501 1190 3560 ibidem,
1201 3516 1227 3552 u.
1241 3501 1298 3550 105.

322 3585 364 3650 (l)
385 3581 479 3648 “They
492 3581 555 3633 have
568 3600 642 3634 never
655 3586 715 3634 been
727 3585 863 3651 prohibited
873 3586 900 3636 in
912 3585 1097 3652 thiecountry.”
1114 3586 1216 3638 Ibidem.

323 3669 366 3732 (2)
386 3667 466 3716 ‘t'l'be
482 3669 581 3732 remedy
594 3679 619 3718 to
638 3670 734 3720 enforce
750 3680 868 3736 pryment
884 3672 914 3721 of
926 3671 968 3722 the
986 3686 1084 3722 ransom
1097 3673 1140 3724 bill
1152 3673 1189 3722 lor
1205 3673 1247 3722 the
1258 3669 1383 3722 benefitol

285 3753 327 3804 the
337 3767 426 3816 enemy
439 3759 529 3816 ceptor,
541 3753 563 3801 is
576 3755 606 3817 by
616 3771 648 3804 en
661 3756 741 3806 action
755 3757 785 3820 by
796 3756 838 3806 the
849 3757 998 3822 impriaoned
1007 3757 1116 3820 hostege.
1126 3758 1153 3808 in
1165 3757 1207 3808 the
1216 3766 1299 3810 courts
1310 3758 1337 3808 of
1343 3756 1380 3806 hie

286 3855 343 3890 own
354 3845 466 3901 country,
476 3837 512 3886 sor
524 3837 565 3887 the
575 3854 687 3903 recovery
701 3841 730 3890 of
742 3841 781 3891 his
792 3841 925 3893 sreedom·”
943 3843 1043 3902 Ibidem.
1054 3862 1079 3896 n.
1093 3843 1146 3894 107.

323 3927 363 3991 (3)
376 3924 477 3984 Ibidem,
490 3940 514 3974 n.
528 3925 584 3974 106.

328 4011 370 4075 (4)
384 4011 472 4061 insti
489 4011 526 4060 12.
535 4012 560 4062 5.

323 4095 365 4160 (5)
379 4100 394 4125 “
406 4094 500 4156 When,
518 4096 643 4156 therefore,
655 4106 766 4164 property
785 4099 856 4148 alren
869 4101 900 4165 by
914 4100 955 4150 the
971 4115 1059 4164 enemy
1073 4101 1094 4149 is
1104 4099 1182 4150 either
1199 4099 1339 4165 recaptured
1356 4113 1380 4146 or

290 4183 391 4232 rorcued
400 4184 462 4234 t'rom
473 4184 533 4245 him,
544 4188 574 4249 by
589 4187 630 4236 the
643 4189 722 4238 follow
734 4189 839 4254 subjecta
856 4206 882 4239 or
898 4190 967 4240 allice
984 4192 1012 4240 os
1027 4192 1067 4242 the
1078 4191 1182 4252 original
1193 4207 1284 4250 owner,
1296 4191 1315 4240 it
1325 4189 1380 4238 does

288 4272 332 4316 not
344 4267 443 4318 become
454 4269 496 4318 the
507 4279 619 4334 property
627 4273 657 4322 ot
664 4274 705 4324 the
717 4285 824 4340 receptor
836 4291 862 4324 or
875 4291 978 4337 rescuer,
990 4277 1047 4326 osit'
1054 4277 1074 4327 it
1085 4276 1133 4326 hod
1145 4277 1206 4328 been
1218 4293 1233 4325 a
1243 4291 1301 4326 new
1310 4274 1379 4341 price,

288 4349 394 4408 butitir
411 4352 515 4401 restored
536 4361 561 4402 to
579 4354 620 4404 the
639 4357 740 4420 original
760 4375 851 4419 owner,
870 4361 901 4424 by
914 4360 978 4422 right
994 4362 1024 4410 of
1037 4360 1188 4426 pootlimiuy,
1208 4375 1276 4426 upon
1292 4356 1379 4410 carnin

289 4433 386 4485 terms.”
405 4433 493 4484 Kent's
506 4435 577 4484 Com.
590 4438 636 4510 vol.
649 4439 664 4487 i.
677 4449 730 4503 port
741 4441 757 4492 i.
773 4441 831 4492 Leo.
842 4459 864 4492 v.
876 4460 901 4514 n,
917 4443 972 4496 109.
