3146 5266
255 477 295 534 st
616 469 673 528 DE
694 468 978 533 PASSIONIBUS.

255 635 295 708 oit
306 631 411 707 aliquid
428 629 595 692 sentiendo:
617 633 684 706 quia
699 632 893 693 intellectualis
916 632 1039 710 cognitio
1053 640 1081 689 et
1089 633 1240 710 perfectior
1250 642 1303 703 est,
1318 645 1347 693 et

255 733 340 791 etiam
350 733 440 808 magis
451 731 639 808 cognoscitur,
651 732 717 803 quia
729 731 886 790 intellectus
896 734 986 809 magis
996 731 1149 793 reflectitur
1159 750 1244 808 supra
1253 743 1345 791 actum

256 849 350 900 suum,
365 848 451 904 quam
464 849 585 889 sensus:
607 841 636 888 et
648 839 691 886 est
709 831 793 890 etiam
807 833 932 908 cognitio
945 831 1116 888 intellectiva
1128 832 1221 907 magis
1235 831 1344 890 dilecta.

256 929 361 988 Nullus
375 929 451 988 enim
465 937 508 987 est
521 929 639 1000 quinon
652 927 737 986 vellet
745 913 835 1004 magis
849 948 942 987 carere
955 930 1018 986 visu
1027 930 1176 1004 corporali,
1188 947 1273 1000 quam
1282 930 1346 988 visu

255 1028 446 1096 intellectuali,
461 1045 495 1085 eo
508 1026 594 1084 modo
608 1047 664 1101 quo
676 1028 773 1084 bestiae
786 1027 833 1085 vel
854 1027 929 1086 stulti
943 1037 1055 1085 carent:
1077 1029 1150 1085 siout
1171 1028 1346 1103 Augustinus

255 1126 324 1184 dicit
336 1127 366 1182 in
384 1126 454 1184 libro
468 1125 542 1184 XIV
556 1124 711 1185 decivitate
721 1126 788 1184 Dei.
831 1126 890 1183 Sed
903 1127 928 1182 si
941 1135 1137 1201 comparentur
1146 1125 1347 1183 delectationes

256 1225 447 1300 intelligibiles
460 1225 618 1300 spirituales
632 1224 862 1282 delectationibus
885 1224 1065 1282 sensibilibus
1087 1225 1290 1300 corporalibus,
1305 1225 1347 1281 sic

257 1321 413 1382 secundum
426 1341 468 1392 se,
483 1331 512 1380 et
524 1323 688 1400 simpliciter
709 1322 863 1393 loquendo,
883 1321 1083 1380 delectationes
1107 1323 1268 1397 spirituales
1281 1331 1348 1379 sunt

257 1423 390 1499 majores.
431 1421 471 1478 Et
488 1421 544 1478 hoc
558 1428 673 1498 apparet
685 1420 841 1479 secundum
864 1422 925 1488 tria,
941 1439 1003 1491 quae
1016 1419 1194 1491 requiruntur
1207 1419 1242 1476 ad
1255 1419 1347 1478 delec-

258 1522 401 1586 tationem,
416 1520 525 1578 seilicet
537 1520 643 1578 bonum
665 1520 857 1594 conjunctum,
871 1527 900 1575 et
922 1517 951 1575 id
973 1519 1019 1575 cui
1041 1519 1228 1594 conjungitur,
1243 1527 1272 1574 et
1284 1519 1349 1594 ipsa

258 1618 428 1692 conjunctio.
470 1617 549 1676 Nam
561 1618 656 1692 ipsum
668 1617 773 1673 bonum
787 1616 931 1691 spirituale
944 1624 989 1672 est
1001 1617 1093 1692 majus
1107 1635 1190 1688 quam
1201 1618 1347 1692 corporale

257 1715 373 1782 bonum,
387 1723 416 1771 et
434 1724 478 1772 est
499 1715 590 1791 magis
612 1714 755 1771 dilectum.
798 1713 890 1791 Cujus
913 1715 1026 1789 signum
1049 1723 1102 1783 est,
1118 1715 1193 1787 quod
1215 1715 1347 1774 homines

259 1816 344 1871 etiam
357 1832 373 1869 a
385 1815 517 1871 maximrs
531 1813 722 1892 corporalibus
735 1813 925 1888 voluptatibus
939 1813 1088 1880 abstineat,
1102 1823 1134 1872 ut
1154 1832 1212 1870 non
1230 1814 1348 1890 perdant

259 1914 407 1980 honorem,
423 1913 472 1984 qui
485 1923 529 1970 est
540 1914 646 1971 bonurn
659 1912 845 1988 intelligibile.
887 1911 1025 1970 Similiter
1044 1913 1129 1970 etiam
1152 1913 1215 1988 ipsa
1227 1932 1291 1988 pars
1305 1912 1346 1968 in·

259 2013 399 2070 telleetiva
412 2020 456 2067 est
476 2010 565 2070 multo
577 2011 707 2076 nobilior,
718 2019 747 2066 et
767 2011 857 2086 magis
877 2011 1078 2085 cognoscitiva,
1093 2028 1178 2081 quam
1200 2029 1264 2086 pars
1284 2029 1347 2068 seu·

259 2112 352 2168 sitiva.
405 2107 577 2184 Conjunctio
608 2109 692 2164 etiam
713 2109 859 2180 utriusque
882 2118 927 2165 est
951 2109 1042 2184 magis
1068 2107 1176 2178 intima,
1203 2119 1232 2168 et
1255 2109 1346 2184 magis

259 2208 391 2285 perfecta,
406 2216 435 2264 et
447 2207 537 2283 magis
551 2198 679 2264 firmas*
720 2206 798 2265 Hinc
813 2207 941 2279 quamvis
956 2206 1103 2271 delectatio
1116 2215 1238 2266 entaotu
1251 2207 1348 2284 praeci·

260 2325 316 2382 pua
329 2306 366 2361 sit
378 2323 441 2377 quae
454 2323 492 2362 ex
512 2306 641 2364 sensibus
664 2304 817 2377 derivatur,
834 2314 853 2340 ‘⁴
864 2306 890 2362 si
912 2306 1124 2363 consideremus
1147 2305 1349 2364 delectationes

260 2405 339 2462 visus
362 2403 519 2461 secundum
545 2401 621 2475 quod
642 2405 720 2462 visus
743 2404 869 2462 deservit
891 2405 1054 2470 intellectui,
1077 2403 1119 2458 sic
1150 2402 1351 2460 delectationes

260 2503 338 2560 visus
352 2510 433 2559 erunt
445 2501 578 2575 potiores,
594 2519 631 2558 ex
640 2503 758 2570 ratione,
773 2521 828 2573 qua
841 2510 869 2558 et
877 2500 1064 2576 intelligibiles
1075 2499 1273 2557 delectationes
1284 2509 1351 2558 sunt

260 2601 384 2676 potiores
398 2591 627 2682 sensibilibus.'’²
676 2598 682 2606 '
1029 2588 1035 2599 '

302 2703 352 2756 63.
373 2697 423 2756 Ex
436 2716 487 2774 spe
499 2697 567 2753 boni
580 2696 754 2773 adipiscendi
774 2696 920 2754 delectatio
940 2692 1024 2754 etiarn
1037 2694 1133 2762 oritur,
1146 2695 1179 2752 fit
1190 2696 1268 2754 enim
1282 2713 1350 2768 quo·

261 2795 412 2854 dammodo
425 2787 550 2872 praesens
570 2796 676 2853 menti:
698 2796 835 2852 memoria
853 2796 921 2852 boni
941 2813 997 2866 quo
1018 2795 1081 2866 quis
1099 2795 1160 2869 jam
1174 2795 1288 2870 gavisus
1308 2803 1351 2850 est

260 2893 376 2951 delicias
390 2894 522 2968 cogitanti
543 2894 664 2968 praebet:
686 2892 736 2950 sed
750 2911 795 2949 res
816 2909 942 2966 praesens
961 2892 1046 2965 longe
1068 2893 1170 2968 majori
1183 2893 1349 2969 plerumque

260 2989 405 3066 perfundit
417 3000 540 3047 mentem
554 2989 665 3066 gaudio.
1051 2973 1053 2978 ,

302 3092 351 3146 64.
373 3087 501 3146 Tristitia
525 3108 590 3146 curn
613 3088 796 3157 delectatione
818 3086 954 3162 conjungi
976 3093 1077 3162 potest,
1100 3086 1212 3157 quando
1233 3085 1353 3143 felicitas

261 3187 367 3244 amissa
379 3187 409 3243 in
422 3187 586 3244 memoriam
609 3198 763 3255 revocatur,
778 3194 806 3243 et
824 3203 949 3261 praesens
970 3180 1088 3268 sistitur,
1103 3187 1196 3242 statim
1217 3183 1353 3260 ploranda

262 3285 376 3342 amissa.
417 3284 484 3359 Ipse
498 3285 585 3342 animi
597 3285 687 3353 dolor,
702 3304 788 3356 quem
801 3285 865 3356 quis
886 3284 996 3358 abjecit,
1010 3283 1153 3340 memoriae
1167 3284 1268 3339 iterum
1282 3299 1351 3358 prae·

261 3401 339 3450 sens,
360 3383 553 3440 delectationis
578 3385 685 3457 praebet
706 3382 896 3446 occasionem,
918 3385 1055 3451 quatenus
1077 3381 1141 3450 quis
1161 3379 1266 3455 gaudet
1284 3397 1351 3436 see

262 3482 344 3539 tantis
358 3480 482 3539 evasisse
495 3481 594 3538 malis:
617 3489 636 3516 ‘⁶
647 3481 719 3540 Haeo
733 3480 801 3537 olim
815 3478 980 3536 meminisse
990 3476 1109 3553 juvabit.

303 3584 352 3637 65.
373 3581 422 3636 Ex
436 3578 554 3636 aliorum
567 3579 673 3638 actibus
688 3580 737 3650 qui
749 3578 831 3635 nobis
848 3585 975 3653 prosunt,
997 3574 1143 3633 delectatio
1163 3576 1259 3643 oritur,
1281 3575 1353 3659 siput

262 3685 292 3732 et
304 3693 343 3731 ex
355 3677 391 3730 iis
405 3675 508 3743 quibus
528 3676 625 3744 quanti
644 3695 696 3732 nos
716 3675 819 3730 faciant
837 3675 1017 3748 significent·
1027 3673 1073 3730 vel
1092 3675 1161 3731 alias
1184 3691 1237 3730 nos
1256 3690 1352 3750 prose·

263 3780 384 3844 quantur
395 3771 519 3827 honore:
533 3769 600 3827 inde
608 3774 685 3828 enirn
698 3772 864 3845 plerumque
874 3771 906 3827 fit
917 3779 948 3826 ut
960 3772 1186 3845 praestantissimi
1196 3772 1353 3846 optimique

264 3871 345 3928 nobis
368 3867 522 3938 videamur,
535 3869 603 3926 lieet
619 3870 666 3927 alii
685 3869 781 3926 forsan
801 3868 883 3925 nobis
903 3867 1089 3928 blandiantur.
1132 3871 1280 3945 “Propter
1298 3869 1354 3925 hoc

263 3969 394 4026 homines
408 3968 580 4026 delectantur
592 3969 623 4028 in
635 3969 700 4035 hoc,
715 3965 792 4039 quod
803 3965 951 4024 laudantur
963 3967 1009 4024 vel
1030 3966 1202 4025 honorantur
1222 3969 1256 4026 ab
1271 3967 1352 4024 aliis:

263 4067 330 4137 quia
340 4067 447 4124 scilicet
456 4086 507 4141 per
518 4069 574 4126 hoo
588 4069 729 4144 accipiunt
741 4065 965 4132 aestimationem,
975 4066 1005 4121 in
1011 4065 1114 4139 seipsis
1124 4065 1238 4138 aliquod
1245 4067 1354 4122 bonurn

263 4181 337 4220 esse.
365 4165 405 4220 Et
415 4165 481 4236 quia
493 4166 547 4222 ista
559 4169 705 4225 aestimatio
719 4165 817 4222 lortius
831 4172 978 4240 generatur
990 4181 1027 4219 ex
1040 4165 1201 4221 testimonio
1214 4163 1353 4220 bonorum

300 4359 341 4422 (l)
359 4357 385 4408 S·
397 4358 486 4412 Thom.
498 4362 515 4412 i.
527 4367 550 4412 2.
562 4380 603 4427 qu·
615 4365 685 4424 xxxi,
696 4371 740 4414 art.
752 4380 774 4414 v.
807 4363 882 4429 Reap.
951 4364 993 4430 (2)
1013 4361 1112 4419 Ibidem,
1124 4366 1167 4410 art.
1179 4361 1211 4410 vi.
1245 4359 1321 4425 Resp.
