3078 5258
285 509 344 566 2⁰8
501 504 558 564 DE
578 503 754 565 IEIUNIO
775 504 834 563 ΕΤ
853 501 1160 563 ABSTINENTIA.

285 669 400 742 quidem
426 667 462 727 nd
486 670 731 745 concupiscentias
751 671 844 728 cernis
864 667 1069 747 reprimendas.
1112 668 1198 729 Unde
1219 671 1377 746 Apostolus

284 767 352 828 dicit
364 770 394 826 in
407 768 568 827 anctoritate
581 767 704 836 inducta,
720 767 766 826 ‘in
775 769 905 845 jejuniis,
919 769 950 826 in
962 768 1109 837 castitate‚'
1125 770 1192 842 quia
1205 789 1257 846 per
1267 771 1379 846 jejunia

284 868 395 926 castitas
409 875 598 926 conservatur.
642 867 683 926 Ut
695 869 772 926 enirn
787 867 986 943 Hieronymus
1007 865 1093 924 dicit:
1117 868 1208 926 ‘Sine
1223 867 1333 924 Cerere
1354 879 1379 925 et

285 965 401 1024 Baccho
414 965 496 1042 friget
509 965 609 1024 Venus
619 965 638 1034 ;'
659 964 754 1034 idest,
769 985 821 1043 per
834 965 1030 1024 abstinentiam
1044 966 1100 1023 cibi
1114 976 1142 1023 et
1155 975 1239 1042 potus
1257 968 1379 1042 tepescit

284 1065 407 1123 luxuria.
450 1064 594 1133 Secundo,
608 1066 759 1122 assumitur
767 1065 802 1122 ad
814 1064 880 1132 hoc,
891 1063 968 1137 quod
981 1081 1062 1122 mens
1075 1063 1193 1123 liberius
1207 1066 1335 1123 elevetur
1345 1064 1379 1122 ad

286 1163 419 1222 sublimia
429 1164 655 1241 contemplanda.
679 1163 763 1222 Unde
773 1164 875 1222 dicitur
885 1162 1013 1221 Danielis
1021 1162 1060 1219 X.
1072 1162 1150 1236 quod
1158 1159 1224 1239 post
1232 1163 1378 1240 jejunium

285 1263 370 1320 trium
383 1262 635 1330 hebdomadarum,
649 1262 851 1322 revelationem
865 1262 974 1336 accepit
987 1280 1003 1317 a
1016 1259 1090 1319 Deo.
1132 1261 1233 1320 Tertid
1248 1261 1284 1318 ad
1297 1262 1378 1318 satis·

285 1361 448 1420 faciendum
461 1381 513 1437 pro
527 1362 659 1438 peccatis.
702 1360 788 1419 Unde
801 1361 902 1418 dicitur
921 1358 997 1418 Joel.
1012 1359 1070 1417 11.:
1093 1359 1325 1418 ‘convertimini
1340 1359 1376 1416 ad

286 1479 333 1520 me
347 1461 377 1519 in
391 1461 546 1519 totocorde
560 1469 663 1527 vestro,
678 1460 708 1518 in
716 1460 840 1538 jejunio,
854 1468 883 1518 et
895 1459 972 1526 fletu,
988 1467 1015 1515 et
1027 1458 1164 1535 planctu.’
1208 1459 1248 1515 Et
1261 1459 1319 1516 hoc
1336 1467 1378 1515 est

287 1559 363 1632 quod
376 1561 552 1636 Augustinus
566 1558 634 1616 dicit
646 1559 675 1615 in
689 1557 812 1630 quodam
832 1575 964 1616 sermone
984 1556 1018 1613 de
1039 1559 1176 1624 oratione,
1197 1566 1225 1614 et
1239 1557 1375 1633 jejunio:

287 1657 455 1732 ‘Jejunium
482 1665 583 1733 purgat
607 1657 742 1723 animam,
768 1666 896 1715 mentem
921 1656 1057 1723 sublevat,
1084 1656 1229 1732 propriam
1262 1667 1376 1712 carnem

240 1777 246 1790 ·
287 1755 397 1831 spiritui
417 1756 540 1832 subjicit,
560 1774 610 1814 cor
628 1754 694 1813 iecit
715 1758 877 1824 contritum,
892 1764 920 1812 et
933 1755 1123 1821 humiliatum,
1138 1753 1378 1830 concupiscentie

287 1854 404 1914 nebulas
418 1853 566 1933 dispergit.
580 1854 730 1914 libidinum
740 1855 852 1914 ardores
867 1855 1016 1930 extinguit,
1028 1853 1163 1911 castitatis
1175 1852 1379 1910 verumlumen

288 1949 466 2014 accendit.‘'¹

326 2057 376 2112 39.
398 2053 583 2110 AbstInentiae
597 2053 657 2110 dies
680 2053 766 2131 vulgd
780 2054 880 2112 dicitur
902 2053 949 2112 ille
970 2053 1070 2123 inquo
1084 2052 1217 2110 carnibus
1232 2052 1310 2110 vesci
1324 2066 1378 2106 non

287 2144 380 2217 licet,²
392 2150 521 2221 quamvis
534 2150 733 2210 resectionibus
747 2152 841 2210 nullus
858 2151 921 2228 lege
942 2150 1091 2208 definiatur
1112 2150 1218 2208 limes:
1236 2149 1377 2226 jejunium

288 2246 355 2306 verd
368 2247 410 2314 fit,
423 2247 492 2306 dum
504 2248 589 2306 unica
601 2267 652 2324 per
665 2249 741 2307 diem
754 2249 834 2307 datur
847 2249 972 2306 refectio.
1014 2248 1194 2306 Abstinentia
1213 2249 1326 2324 jejunio
1340 2247 1379 2302 in·

287 2345 418 2414 eluditur,
434 2345 504 2404 adeo
518 2355 549 2403 ut
562 2364 620 2404 non
632 2347 715 2404 liceat
727 2346 825 2402 diebus
834 2347 940 2422 jejunii
953 2346 1084 2404 carnibus
1098 2346 1189 2413 vesci,
1209 2345 1255 2403 vel
1263 2344 1378 2422 jusculo

287 2460 303 2500 e
317 2442 447 2500 carnibus
460 2459 608 2518 expresso,
621 2444 668 2501 vel
689 2463 720 2502 re
743 2445 798 2501 alia
811 2462 874 2515 quae
887 2445 1072 2502 substantiam
1085 2445 1214 2502 earnium
1229 2445 1376 2502 contineat.

287 2539 351 2598 Ova
363 2552 392 2596 et
400 2540 542 2598 lacticinia
554 2539 653 2599 dicbus
668 2541 899 2619 QuadragesImae
914 2561 951 2600 ex
964 2543 1089 2618 generali
1103 2541 1244 2601 Ecclesiae
1258 2559 1376 2600 eonsue-

288 2637 384 2698 tudine
398 2639 599 2715 prohibentur:
614 2639 744 2700 damnata
753 2650 798 2698 est
810 2640 888 2698 enirn
901 2642 1076 2717 propositio:
1092 2649 1111 2677 “
1125 2641 1194 2701 Non
1203 2650 1247 2699 est
1259 2641 1377 2699 evidens

288 2737 365 2810 quod
378 2738 554 2798 consuetudo
566 2758 624 2799 non
638 2739 806 2800 comedendi
819 2758 874 2798 ove
892 2749 921 2796 et
938 2739 1079 2796 lacticinia
1099 2740 1129 2798 in
1152 2739 1378 2814 QuadragesIma

288 2832 448 2913 obliget:'’³
487 2840 621 2898 Attamen
633 2839 819 2898 infoederatis
839 2837 993 2914 provinciis
1015 2836 1211 2905 comeduntur,
1233 2835 1377 2914 episcopis

324 2987 364 3049 (l)
379 2987 401 3035 2.
410 2991 433 3035 2.
442 3004 483 3050 qu.
491 2989 572 3038 clxvii.
583 2998 625 3039 nrt.
634 2991 650 3039 i.
661 2990 735 3056 Resp.
747 2989 807 3039 Non
817 2990 899 3040 minus
908 2989 1092 3040 vehementerJ.
1100 2991 1193 3056 Teylor
1205 3008 1212 3040 :
1223 2997 1238 3021 ‘⁸
1248 2989 1352 3050 Fasting
1360 2987 1378 3036 is

288 3085 319 3117 sn
332 3078 371 3119 sot
382 3071 410 3119 ol
417 3088 491 3136 many
501 3073 605 3122 virtues:
618 3075 637 3123 it
648 3075 669 3123 is
680 3091 711 3123 en
720 3076 784 3124 elicit
791 3075 839 3124 and
851 3091 939 3140 proper
949 3085 987 3126 sot
998 3077 1028 3126 oi
1036 3084 1197 3141 temperanoe,
1206 3076 1253 3126 end
1263 3077 1375 3139 ofrepen·

287 3159 365 3211 nuce,
374 3154 421 3203 snd
433 3155 462 3204 ol
471 3155 631 3216 humiliation,
644 3157 691 3206 end
703 3159 732 3206 oi
740 3159 912 3209 mortificetion
923 3161 952 3210 ol
960 3161 1001 3210 the
1010 3161 1071 3210 llesh
1082 3160 1142 3210 with
1153 3159 1186 3210 its
1197 3159 1323 3209 effections
1334 3155 1377 3206 and

286 3236 361 3286 losts:
373 3239 422 3288 itis
433 3255 465 3288 sn
477 3240 593 3304 imperate
604 3243 652 3292 and
664 3243 836 3293 instrumentel
846 3251 884 3293 ect
894 3244 1051 3306 ministering
1059 3252 1084 3294 to
1091 3260 1185 3308 prayer,
1194 3244 1242 3294 end
1252 3245 1274 3292 is
1285 3240 1379 3292 cellsde

287 3323 379 3373 service
391 3325 419 3374 oi
427 3325 491 3376 God-
512 3325 546 3376 So
558 3327 599 3376 the
610 3328 672 3390 good
683 3328 723 3378 old
734 3329 877 3392 prophetess
890 3330 974 3378 served
987 3329 1042 3378 God
1054 3329 1125 3390 night
1137 3329 1185 3378 snd
1197 3328 1245 3391 day
1257 3327 1284 3377 in
1295 3324 1379 3382 tasting

287 3406 335 3456 end
346 3423 446 3474 prayer:
464 3411 512 3462 and
524 3411 579 3462 thet
589 3412 671 3462 which
683 3428 764 3462 serves
776 3413 840 3473 God,
852 3413 899 3462 and
912 3413 1036 3462 ministers
1046 3429 1074 3462 so
1085 3413 1159 3463 much
1167 3419 1192 3462 to
1204 3412 1326 3472 Religion,
1333 3407 1378 3458 sod

287 3494 408 3564 exercises
420 3512 447 3545 so
459 3513 532 3560 many
545 3513 636 3558 greces,
649 3497 696 3546 end
709 3514 760 3546 wes
771 3498 890 3562 practised
900 3499 931 3562 by
945 3496 986 3545 the
998 3497 1094 3546 faithful
1107 3497 1132 3546 in
1150 3496 1208 3546 both
1217 3495 1377 3544 Testamentss

288 3578 336 3627 end
357 3595 407 3630 was
428 3589 481 3644 part
501 3583 530 3630 of
542 3582 583 3631 the
601 3582 714 3644 Religion
734 3583 763 3631 of
775 3582 834 3632 both
855 3583 922 3631 Jews
943 3582 991 3631 and
1009 3581 1127 3641 Gentiles,
1140 3581 1187 3630 and
1200 3597 1251 3630 was
1263 3580 1303 3629 the
1319 3584 1379 3640 great

287 3663 417 3726 solemnity
430 3663 477 3713 end
490 3667 638 3728 publication
647 3668 676 3715 of
690 3674 841 3731 repentenoe,
853 3667 901 3716 end
913 3673 966 3731 part
983 3668 1011 3714 oi
1024 3665 1142 3715 aneturel
1156 3664 1279 3725 Religion,
1292 3661 1338 3712 and
1349 3675 1378 3709 sn

288 3744 445 3796 endeermsnt
456 3747 485 3796 of
497 3749 539 3798 the
550 3749 631 3798 divine
643 3765 725 3813 merny
737 3751 784 3800 end
806 3751 888 3814 piety;
907 3751 959 3800 thet
975 3749 1058 3799 which
1070 3767 1121 3799 was
1141 3751 1233 3811 always
1250 3744 1378 3796 eecounted

287 3847 319 3881 sn
331 3831 478 3882 instrument
489 3833 517 3882 ol
525 3834 677 3898 impetretion
689 3850 738 3883 ors
749 3835 883 3897 preveiling
891 3851 994 3899 prayer;
1012 3835 1095 3884 which
1106 3833 1189 3882 Christ
1199 3827 1378 3881 recommended

286 3920 335 3969 end
346 3921 517 3985 presupposed
529 3921 577 3970 end
587 3920 692 3970 adorned
705 3921 764 3970 with
779 3937 795 3970 a
806 3921 948 3986 esuuonny
954 3930 1063 3986 precept,
1070 3921 1118 3972 end
1131 3920 1218 3981 taught
1229 3918 1271 3968 the
1283 3928 1377 3966 manner

285 4005 314 4054 of
327 4006 358 4054 its
370 4008 531 4070 ohservatiou,
545 4007 593 4058 and
611 4015 636 4057 to
653 4007 735 4057 which
753 4007 785 4056 he
798 4007 870 4056 made
881 4008 1005 4072 promises,
1018 4007 1066 4056 end
1079 4006 1129 4056 told
1142 4005 1183 4055 the
1195 4004 1271 4052 world
1282 3998 1376 4051 thathis

287 4086 416 4153 Heavenly
431 4091 521 4141 Father
530 4093 579 4141 will
592 4093 681 4142 reward
694 4093 728 4152 it;
741 4089 861 4158 certainly
874 4093 923 4144 this
935 4109 981 4142 can
993 4095 1023 4142 he
1035 4109 1067 4141 no
1080 4093 1126 4142 loss
1138 4090 1196 4139 then
1210 4105 1223 4137 a
1236 4088 1296 4150 duty
1306 4082 1376 4134 otthe

287 4169 448 4232 EvsngeIieal
460 4191 487 4224 or
498 4175 623 4226 Christian
636 4176 773 4240 Religion.''
808 4179 904 4228 Ductor
916 4177 1109 4232 Dubitanticm‚
1121 4176 1136 4224 l.
1146 4175 1172 4224 ii.
1184 4190 1205 4222 c.
1218 4172 1251 4221 iii.
1264 4187 1287 4235 p.
1299 4169 1353 4217 419·

328 4255 371 4318 (2)
391 4257 500 4318 Ilooher,
511 4259 646 4309 interritus
663 4263 778 4326 legesque
798 4263 916 4313 Ecclesiae
933 4263 1078 4324 Anglicanae
1100 4265 1222 4308 recenset:
1240 4251 1379 4319 “eniolning

287 4336 427 4386 abstineres
439 4346 464 4388 st
475 4341 567 4390 certain
579 4341 651 4391 times
662 4343 726 4394 from
738 4361 806 4396 some
817 4347 891 4396 kinds
902 4346 931 4396 oi
938 4345 1028 4396 meat.”
1064 4342 1132 4395 Ecol.
1151 4338 1247 4408 Pottry,
1255 4340 1270 4388 l.
1281 4336 1314 4386 iii
1325 4349 1348 4384 n.
1355 4333 1376 4381 d·

323 4420 365 4485 (3)
386 4419 458 4485 Prop.
470 4422 549 4471 xxxii.
