3078 5258
695 1218 912 1282 APPENDIX
933 1220 957 1277 I.

589 1454 670 1496 settis
690 1455 915 1496 nocensmsmm
936 1453 1060 1493 Fontes.

322 1640 349 1693 l.
370 1636 424 1694 ,lus
444 1649 620 1690 onnonrouru
641 1633 720 1708 quod
743 1633 978 1700 ecclesiasticum,
1000 1649 1121 1700 sacrum,
1146 1639 1175 1688 et
1198 1629 1364 1706 pontificium

281 1736 366 1792 etiam
378 1741 503 1799 vocatur,
519 1731 588 1790 illud
600 1743 643 1790 est
656 1732 734 1806 quod
747 1732 781 1790 ab
795 1732 936 1790 Ecclesiae
957 1731 1124 1808 presulibus
1145 1729 1251 1808 prodiit
1263 1730 1292 1787 in
1303 1727 1364 1786 fide·

280 1835 350 1893 lium
364 1834 503 1910 regimen.
546 1830 667 1890 Constat
679 1833 821 1909 praecipue
835 1831 1002 1910 pontificum
1015 1849 1193 1888 summorum
1203 1838 1232 1886 et
1239 1828 1363 1887 concilio·

281 1953 344 1994 rum
358 1933 478 1992 decretis
492 1951 555 2005 quae
569 1951 692 1990 canones
702 1940 846 1991 vocantur.
888 1931 923 1988 In
932 1931 1006 2007 juris
1018 1930 1148 1988 canonici
1161 1947 1265 2004 eorpus
1278 1928 1364 1986 relate

281 2042 346 2090 sunt
358 2033 441 2090 etiam
459 2031 561 2089 divinae
576 2031 731 2108 Scripturas
753 2032 909 2098 seutentiae,
929 2049 1002 2103 quae,
1018 2048 1106 2102 quum
1120 2045 1216 2114 perse
1233 2029 1292 2086 sint
1303 2025 1362 2084 fidei

280 2148 449 2202 morumque
462 2130 577 2206 regule,
592 2130 700 2190 nullam
714 2130 748 2187 ab
761 2131 903 2190 Ecclesiae
918 2129 1086 2206 praesulibus
1099 2136 1262 2185 mutuantur
1276 2134 1362 2186 aucto·

280 2231 400 2297 ritatem,
410 2227 461 2286 sed
474 2229 508 2286 ab
521 2230 557 2288 iis
571 2238 767 2307 proponuntur
777 2239 806 2288 et
815 2229 1037 2308 promulgantur.
1079 2227 1178 2284 Etiam
1188 2244 1226 2284 ex
1236 2226 1362 2303 operibus

280 2338 392 2404 patrum
405 2328 487 2404 plura
499 2327 650 2406 desumpta
668 2339 735 2388 sunt
757 2329 926 2395 testimonia,
948 2337 977 2386 et
996 2328 1025 2384 in
1046 2344 1152 2402 corpus
1170 2326 1245 2401 juris
1260 2329 1365 2390 inserta,

280 2445 342 2499 quae
356 2426 452 2501 legum
465 2427 524 2484 virn
543 2428 680 2494 obtinent,
696 2436 804 2485 tautum
824 2427 1028 2485 consuetudine
1049 2443 1083 2483 ea
1103 2425 1243 2493 firmante,
1258 2425 1305 2483 vel
1317 2425 1367 2482 Ec·

281 2525 373 2583 clesioe
381 2525 533 2584 accedente
543 2527 698 2584 sanctione.
732 2527 826 2602 Leges
837 2535 931 2584 autern
941 2527 1049 2593 civiles,
1058 2525 1082 2582 si
1091 2523 1262 2597 quandoque
1275 2525 1367 2600 injure

281 2624 418 2684 canonico
431 2625 625 2695 adhibeantur,
639 2634 727 2684 totam
741 2645 822 2684 suam
836 2627 904 2695 vim,
920 2624 1013 2697 quoad
1027 2624 1168 2682 Ecclesiae
1182 2642 1228 2682 res
1241 2624 1290 2681 vel
1298 2621 1366 2700 judi·

281 2727 334 2792 cia,
349 2726 460 2804 abipsa
473 2727 613 2787 Ecclesiae
627 2727 788 2785 auctoritate
801 2727 936 2784 obtinent.

320 2830 350 2882 2.
371 2827 590 2900 Antiquissima,
604 2845 667 2899 quae
680 2827 763 2884 nobis
784 2825 944 2892 innotescit,
962 2840 1112 2882 canonum
1132 2821 1263 2879 collectio
1277 2818 1367 2898 Apos-

280 2922 411 2982 tolorum
425 2924 508 2992 dicta,
522 2945 578 2982 una
591 2943 657 2981 curn
669 2924 748 2982 libris
761 2934 825 2982 octo
840 2921 1086 3001 Apostolicorum
1102 2920 1367 2984 Constitutionum,

280 3020 362 3077 tertio
375 3022 422 3078 vel
435 3031 534 3092 quarto
547 3022 688 3080 Ecclesiae
702 3022 806 3080 saeculo
819 3032 950 3080 censetur
970 3021 1119 3099 prodiisse,
1134 3039 1171 3078 ex
1185 3019 1368 3078 Orientalium

281 3119 467 3194 Synodorum
490 3120 609 3178 decretis
632 3121 776 3197 praecipue
799 3122 930 3189 conflata,
951 3124 1034 3198 juxta
1056 3119 1235 3196 disciplinam
1260 3137 1323 3191 quae
1342 3117 1369 3174 in

280 3216 398 3277 Oriente
412 3239 463 3296 per
472 3220 625 3296 triapriora
638 3220 892 3298 saeculaviguerat3
916 3219 1062 3278 nonnullis
1073 3229 1168 3292 tamen
1176 3219 1316 3276 erroribus
1325 3213 1368 3272 ad·

280 3320 388 3378 mixtis.
429 3319 526 3379 Altera
539 3338 680 3378 canonum
700 3319 829 3378 collectio
843 3329 943 3396 postea
956 3319 1030 3376 edita
1043 3330 1096 3388 est,
1112 3319 1260 3384 Nicaenos,
1275 3319 1368 3390 Aucy·

280 3439 374 3488 ranos,
402 3420 653 3480 Neocaesarienaes
680 3428 765 3491 atque
797 3420 980 3496 Gangrenses
1016 3419 1210 3495 complectens
1237 3431 1367 3480 canones„

280 3521 382 3595 quibus
394 3522 442 3581 alii
448 3520 583 3596 deinceps
592 3518 695 3595 adjecti
705 3530 778 3578 sunt.
820 3518 982 3576 Justiniano
990 3518 1104 3596 imperii
1111 3517 1236 3574 habenas
1248 3523 1367 3580 tenente,

279 3620 406 3680 Joannes
428 3621 632 3687 scholasticus,
654 3637 691 3676 ex
712 3619 812 3677 schola
833 3618 942 3676 scilicet
964 3635 1015 3674 seu
1041 3615 1139 3675 ordine
1160 3615 1367 3679 advocatorum,

281 3718 414 3794 deinceps
442 3717 605 3776 Patriarcha
636 3716 978 3794 ConstantinopolitanuS,
1015 3735 1119 3774 novam
1147 3715 1370 3791 amplioremque

280 3818 474 3879 collectionem
495 3834 637 3874 canonum
661 3814 696 3873 ad
717 3813 954 3874 Chalcedoneuse
968 3834 1060 3888 usque
1083 3815 1249 3881 concilium,
1273 3812 1370 3870 additis

281 3921 364 3979 etiam
387 3923 424 3978 68
443 3917 597 3977 canonibus
620 3933 658 3972 ex
677 3915 806 3991 epistolis
828 3916 860 3973 S.
876 3913 986 3984 Basilii,
1001 3915 1155 3972 adornavit.
1197 3914 1271 3972 Post
1291 3910 1370 3970 Trul-

280 4019 374 4075 lanarn
388 4019 539 4094 Synodum
554 4025 635 4076 aucta
647 4024 692 4074 est
704 4015 752 4072 illa
766 4015 935 4074 Graecorum
948 4015 1089 4080 collectio,
1104 4022 1134 4071 et
1152 4013 1260 4090 pluries
1276 4020 1372 4088 postea

281 4119 310 4175 in
322 4114 415 4174 luceni
429 4119 544 4184 emissa,
558 4117 643 4174 variis
657 4113 903 4174 emendationibus
921 4113 1071 4180 adhibitis;
1093 4131 1149 4185 qua
1159 4115 1189 4170 in
1199 4130 1230 4168 re
1240 4110 1370 4175 Photius,

281 4213 443 4272 schismatis
466 4225 572 4282 auctor,
593 4216 744 4291 plurimam
766 4216 861 4292 posuit
882 4231 1007 4289 operam.
1049 4212 1136 4290 Apud
1159 4211 1278 4269 Latinos
1300 4208 1370 4268 nulli

282 4312 370 4389 agniti
390 4321 458 4370 sunt
478 4313 663 4371 conciliorum
686 4333 810 4373 canones
830 4322 893 4370 ante
915 4312 1072 4379 Nicaenos;
1095 4311 1262 4369 Graecorum
1280 4319 1373 4367 tamen

284 4411 375 4472 codex
389 4413 491 4472 Latine
504 4411 613 4489 privato
633 4411 727 4471 studio
747 4412 871 4472 redditus
891 4423 943 4470 est.
985 4412 1102 4490 Duplex
1115 4420 1288 4470 memoratur
1309 4416 1372 4466 ante
