3076 5260
341 529 398 588 DE
420 527 660 589 PARENTUM
681 525 1050 588 OBLlGATIONIBUS.
1180 529 1240 584 aot

145 695 367 753 Ecclesiasticus
387 702 485 753 monet
498 692 640 766 quandam
654 694 831 750 severitatem
854 692 1034 762 servandam,
1057 703 1090 751 ut
1109 712 1126 749 a
1146 691 1235 768 patris

149 803 217 852 nutu
230 793 356 870 pendere
369 793 497 850 discant:
521 792 618 850 “Filii
637 792 687 849 tibi
700 791 784 850 sunt?
805 790 897 849 Erudi
911 791 986 859 illos,
1000 800 1029 848 et
1041 809 1126 849 curva
1138 789 1202 848 illos
1222 807 1239 846 a

150 892 269 968 pueritia
282 887 443 951 illorum.”¹
484 891 573 956 “Qui
586 891 678 966 diligit
696 889 787 947 filium
807 908 902 958 suum,
922 889 1049 948 assiduat
1060 889 1101 948 illi
1114 887 1236 965 flagella,

148 1001 178 1047 ut
189 990 298 1048 laetetur
311 993 340 1049 in
360 989 518 1047 novissimo
532 1008 594 1047 suo.
611 1031 618 1046 .
632 1031 638 1046 .
652 1031 659 1046 .
703 986 772 1046 Non
792 987 844 1046 des
858 988 898 1046 illi
919 997 1085 1064 potestatem
1098 988 1129 1045 in
1137 988 1238 1064 juven·

150 1097 217 1156 tute,
232 1099 260 1146 et
274 1108 309 1147 ne
322 1087 462 1164 despicias
476 1089 613 1164 cogitatus
632 1087 707 1145 illus.
750 1085 847 1143 Curva
865 1087 1006 1146 cervicem
1019 1089 1082 1165 ejus
1095 1087 1237 1162 injuven-

150 1197 217 1255 tute,
233 1197 262 1244 et
275 1187 360 1245 tunde
373 1188 460 1245 latera
473 1187 535 1263 ejus
550 1186 616 1243 dum
630 1185 723 1243 infans
737 1196 789 1253 est,
803 1205 839 1244 ue
852 1186 922 1244 sorte
935 1183 1055 1253 induret,
1066 1195 1094 1244 et
1107 1203 1164 1244 non
1178 1203 1237 1243 cre·

148 1285 194 1343 dat
206 1287 267 1352 tibi,
282 1296 310 1343 et
323 1287 376 1343 erit
388 1286 437 1342 tibi
447 1284 528 1342 dolor
541 1278 691 1342 animae.”²
730 1283 804 1342 Haec
814 1285 921 1342 monita
934 1285 972 1341 ita
984 1293 1050 1342 sunt
1062 1283 1236 1360 accipienda,

149 1395 179 1441 ut
192 1387 327 1442 severitas
342 1385 386 1442 vel
399 1382 519 1442 dulcedo
542 1382 715 1448 adhibeatur,
730 1401 782 1456 pro
804 1399 957 1457 puerorum
977 1381 1073 1440 indole
1093 1391 1121 1438 et
1141 1382 1236 1440 condi·

147 1484 233 1540 tione.
276 1484 407 1542 Moribus
429 1491 522 1539 autern
545 1481 649 1539 nostris
663 1481 712 1536 vix
726 1480 859 1556 convenit
878 1480 1023 1546 severitas,
1045 1499 1133 1552 quum
1153 1481 1234 1556 pueri

149 1583 213 1656 ipsi,
226 1600 256 1638 se
269 1582 303 1639 ad
315 1583 470 1639 libertatem
485 1588 565 1637 natos
576 1587 736 1646 noscentes
751 1577 872 1636 durioris
885 1576 1043 1653 disciplima
1057 1579 1113 1636 sint
1125 1579 1236 1655 impati-

146 1689 226 1737 entes
239 1701 246 1736 :
269 1680 320 1760 sed
333 1678 491 1738 cavendum
505 1696 540 1736 ne
553 1677 647 1735 liberae
661 1675 762 1734 dentur
774 1677 816 1733 eis
829 1676 956 1743 habenae,
971 1695 1029 1750 quo
1042 1687 1125 1736 ruant
1137 1677 1234 1754 praeci·

147 1780 222 1855 pites
235 1780 265 1836 in
278 1780 354 1837 vitia.

185 1881 235 1936 87.
258 1877 343 1944 Quod
356 1877 391 1934 ad
405 1876 610 1934 institutionem
630 1875 737 1942 attinet,
752 1873 897 1932 'doctrinae
912 1873 1072 1932 christianae
1091 1873 1234 1934 rudimen·

147 1977 183 2033 tis
196 1977 337 2052 imprimis
349 1975 494 2034 imbuendi
504 1982 579 2041 sunt,
590 1972 660 2032 etad
674 1973 770 2032 omnia
780 1973 877 2030 munia
889 1973 1036 2048 religionis
1050 1972 1232 2032 informandi:

145 2075 198 2132 sed
210 2086 238 2132 et
250 2075 340 2134 fusior
353 2076 511 2141 instructio,
533 2092 589 2145 qun
611 2080 708 2129 contra
729 2070 853 2129 haereses
876 2081 1036 2146 grassantes
1059 2072 1233 2140 muniantur,

145 2175 295 2250 praebcnda
308 2194 359 2251 pro
373 2192 470 2232 eorum
485 2172 649 2247 capacitate.
671 2170 796 2227 Peccant
808 2169 893 2245 igitur
906 2171 1027 2246 graviter
1040 2180 1170 2246 parentes
1184 2173 1234 2243 qui

146 2273 295 2350 negligunt
314 2273 389 2331 filios
410 2271 445 2330 ad
466 2272 600 2348 pietatem
615 2270 772 2336 instituere,
792 2286 899 2339 eosque
920 2267 987 2326 fidei
1001 2268 1160 2327 amittendae
1180 2267 1236 2328 dis-

146 2373 257 2431 crimini
272 2373 419 2450 objiciunt,
443 2371 583 2428 haereticis
597 2369 740 2445 magistris
763 2367 809 2424 vel
833 2366 996 2426 infidelibus
1019 2367 1232 2436 committendo,

148 2472 226 2528 omni
240 2474 346 2530 omissa
359 2470 476 2529 cautela.

186 2574 235 2626 88.
258 2571 387 2628 Moribus
397 2570 522 2628 filiorum
537 2578 568 2627 ut
580 2568 729 2626 consulant
738 2579 880 2644 parentes,
893 2567 1053 2626 debenteos
1067 2569 1235 2627 amalorum

145 2671 290 2727 consortio
304 2669 401 2744 procul
415 2678 519 2736 tenere,
534 2677 563 2725 et
583 2667 743 2742 pecuniam,
759 2667 887 2724 fomitem
908 2667 1049 2734 vitiorum,
1072 2685 1155 2742 parce
1169 2685 1236 2743 sup·

143 2767 282 2844 peditare.
324 2767 528 2838 Delinquentes
542 2763 715 2842 corripiendi
729 2775 795 2823 sunt
807 2775 835 2821 et
847 2762 994 2840 puniendi,
1009 2766 1101 2841 prima
1120 2783 1237 2841 praeser-

144 2868 197 2924 tim
221 2864 417 2932 adolescentia,
441 2885 507 2924 nam
534 2866 701 2924 maturiores
738 2865 786 2921 vix
812 2863 906 2920 ferunt
927 2865 1035 2921 monita
1054 2865 1126 2939 ipsa,
1146 2863 1235 2921 multo

144 2965 241 3022 minus
252 2965 376 3022 verbera.
398 2963 457 3022 Sed
470 2967 585 3024 monitis
599 2973 627 3020 et
636 2963 777 3040 exemplis
788 2963 944 3040 prasertim
959 2961 993 3019 ad
1007 2963 1139 3038 pietatem
1150 2961 1235 3020 addu-

144 3062 227 3121 cendi
240 3073 324 3121 sunt:
347 3083 403 3136 qua
416 3063 451 3120 de
464 3083 549 3122 causa
572 3063 692 3140 graviter
704 3072 825 3142 peccant
845 3061 1070 3141 patres-familias
1084 3063 1182 3121 munia
1193 3081 1235 3119 re·

143 3161 273 3239 ligionis,
293 3181 357 3220 cum
371 3162 494 3220 filiorum
518 3163 631 3229 damna,
654 3163 842 3236 negligentes.
885 3161 964 3218 Filiae
978 3179 1158 3236 magnacum
1174 3160 1235 3220 dili-

146 3264 243 3342 gentia
256 3261 448 3320 custodienda
468 3271 543 3328 sunt,
558 3271 586 3318 et
608 3261 779 3317 accusortio
800 3275 950 3334 pravorum
964 3258 1159 3315 removendae:
1181 3277 1236 3330 qua

146 3365 175 3422 in
188 3382 218 3420 re
232 3361 328 3418 matris
343 3358 492 3419 solicitudo
506 3359 634 3417 exerceri
653 3359 810 3437 prasertim
829 3356 929 3414 debet:
951 3354 1002 3412 sed
1024 3365 1053 3413 et
1072 3357 1159 3432 patris
1173 3375 1236 3414 auc·

146 3464 241 3520 toritas
255 3460 408 3535 plurimum
422 3468 523 3535 potest.
566 3458 660 3524 Quam
675 3475 751 3532 saepe
766 3455 903 3530 contingit
912 3454 1035 3530 puellam
1044 3455 1145 3522 vitiari,
1157 3464 1236 3529 patre

146 3563 272 3625 absente,
286 3569 316 3616 ut
329 3559 408 3633 potui
422 3567 511 3625 vacet,
523 3567 551 3614 et
564 3566 651 3615 matre
666 3557 729 3632 ipsa
742 3555 858 3612 nimiam
872 3551 1035 3628 indulgente
1048 3552 1113 3610 filiae
1126 3552 1236 3612 liberta·

146 3669 202 3717 tem
234 3655 368 3725 exeundi,
390 3656 436 3713 vel
464 3655 541 3713 domi
563 3653 727 3732 excipiendi
755 3653 880 3714 amicos!
931 3651 1043 3709 “Filiae
1072 3651 1120 3708 tibi
1147 3655 1234 3710 sunt?

146 3759 236 3815 Serva
250 3775 352 3830 corpus
367 3756 487 3822 illarum,
502 3763 531 3811 et
543 3772 578 3810 ne
592 3752 724 3812 ostendas
735 3751 836 3810 faciem
847 3749 964 3808 hilarem
978 3749 1013 3808 ad
1025 3750 1097 3807 illas.
1140 3751 1235 3809 Trade

144 3857 232 3914 filiam
246 3864 274 3911 et
286 3853 391 3930 grande
406 3872 477 3928 opus
491 3853 603 3920 seceris,
618 3862 647 3910 et
659 3852 771 3909 homini
784 3860 897 3908 sensato
910 3849 946 3906 da
958 3839 1085 3906 illam.''³

183 3959 234 4012 89.
256 3953 404 4025 Tenentur
417 3962 548 4027 parentes
561 3951 628 4009 filiis
650 3951 768 4008 liberam
788 3949 947 4019 relinquere
968 3956 1056 4004 status
1080 3947 1143 4004 vite
1164 3947 1236 4008 elec·

144 4055 261 4121 tionem,
276 4051 432 4127 praesertim
448 4069 511 4123 quae
531 4059 640 4126 spectat
658 4049 837 4106 continentia
852 4047 967 4120 integrae
988 4046 1177 4121 propositum,
1191 4049 1237 4106 vel

145 4150 315 4211 matrimonii
326 4169 334 4218 ;
349 4169 415 4208 nam
430 4157 450 4185 ⁴⁶
462 4168 519 4207 non
529 4157 674 4206 tenentur.
685 4189 691 4203 .
703 4189 710 4204 .
723 4147 775 4204 filii
784 4145 946 4222 parentibus
959 4143 1083 4211 obedire,
1095 4142 1129 4200 de
1143 4147 1237 4204 matri·

144 4251 242 4309 monio
256 4249 458 4317 contrahendo,
482 4248 527 4306 vel
548 4247 708 4324 virginitate
730 4241 879 4310 servanda,
894 4251 941 4299 aut
962 4242 1056 4314 aliquo
1070 4243 1125 4301 alio
1138 4242 1237 4321 hujus·

177 4418 217 4482 (i)
228 4416 296 4466 Eccl.
309 4417 349 4466 vii.
367 4417 407 4465 25.
545 4413 587 4480 (2)
606 4411 675 4462 Eccl.
687 4425 747 4466 xxx.
760 4411 782 4460 1.
797 4411 836 4458 ll.
971 4409 1011 4475 (3)
1029 4409 1098 4462 Eccl.
1110 4411 1150 4461 111.
1163 4414 1203 4461 26.

670 4509 728 4566 32*
