3068 5256
249 455 306 510 136
532 448 588 506 DE
610 445 799 506 SEPTIMO
820 444 1073 505 PRAEOEPTO.

248 619 278 676 111
292 636 355 674 arca
369 617 550 692 parcimoniae
564 614 717 691 repositam
734 613 848 681 habent,
862 622 894 672 ut
913 613 1049 671 senectuti
1062 623 1091 671 et
1103 613 1263 672 infirmitati
1276 631 1343 670 con·

246 716 348 783 sulant,
363 736 399 775 ne
412 717 441 774 in
455 716 599 792 publicum
612 731 769 791 pauperum
782 713 938 788 hospitium
951 711 1084 770 recedere
1092 723 1238 788 cogantur,
1253 713 1343 770 velut

245 815 350 874 funeris
374 817 510 892 impense
524 814 676 881 solvantur,
700 813 812 871 interim
834 831 850 868 a
868 813 984 889 privatis
1004 812 1241 884 quibuscumque,
1253 830 1306 871 seu
1326 829 1342 866 a

247 917 365 973 coetibus
379 916 434 992 piis
447 914 552 992 stipem
565 915 730 990 colligentes
743 922 774 970 ut
793 910 964 986 quotidianis
979 911 1194 969 necessitatibus
1208 911 1342 986 provide·

248 1025 318 1072 atur.
340 1015 373 1073 Si
388 1013 499 1072 modica
512 1014 549 1072 sit
561 1013 681 1090 pecunia
696 1029 781 1084 quarn
801 1019 938 1068 servatam
952 1020 1059 1078 tenent,
1074 1019 1102 1067 et
1115 1009 1229 1068 modica
1242 1020 1346 1086 petant

247 1113 383 1182 subsidia,
397 1115 446 1172 vix
460 1112 611 1172 damnandi
626 1111 767 1179 videntur,
788 1129 876 1184 quum
897 1095 996 1168 revera
1016 1109 1162 1185 indigeant
1181 1110 1291 1168 auxilio
1309 1109 1344 1166 ad

248 1215 333 1270 vitam
358 1212 579 1272 sustentandam.
621 1211 767 1282 Equidem
789 1210 866 1267 brevi
886 1211 1008 1287 pecunia
1026 1210 1075 1267 illa
1095 1227 1180 1281 quarn
1202 1219 1343 1268 servatam

248 1323 345 1370 tenent
363 1311 582 1388 impenderetur,
606 1311 719 1386 ipsique
739 1311 833 1369 forent
853 1311 933 1368 oneri
952 1309 998 1366 vel
1017 1309 1137 1366 coetibus
1158 1309 1283 1385 piorum,
1299 1308 1344 1364 vel
1400 1337 1406 1344 ·

249 1411 390 1489 hospitiis.
433 1412 522 1470 secus
543 1409 695 1470 dicendum
716 1413 742 1468 si
761 1410 912 1486 pecuniam
932 1407 1053 1465 habeant
1073 1425 1136 1478 quae
1150 1407 1214 1465 vitae
1236 1416 1344 1464 susten·

249 1511 338 1568 tandae
358 1509 488 1568 sufficiat.
531 1509 603 1567 Haec
617 1511 721 1586 pariter
742 1509 777 1566 de
798 1510 834 1566 iis
855 1508 946 1584 accipi
969 1515 1100 1583 potemnt
1120 1508 1170 1578 qui
1190 1507 1343 1582 pecuniam

249 1609 390 1666 modicam
404 1608 478 1683 apud
491 1610 615 1666 amicum
628 1616 778 1684 reponunt,
800 1608 830 1664 in
850 1607 1005 1682 hospitium
1026 1623 1058 1662 se
1072 1605 1258 1673 conserentes,
1275 1616 1306 1662 ut
1318 1604 1342 1662 si

249 1715 349 1783 postea
362 1705 428 1764 inde
442 1708 521 1766 exire
534 1708 694 1784 contigerit,
714 1725 772 1764 non
785 1707 863 1764 omni
883 1714 996 1764 careant
1009 1704 1146 1773 subsidio,
1161 1705 1206 1762 vel
1220 1706 1245 1762 si
1259 1706 1343 1764 mori-

251 1816 330 1866 antur
343 1817 374 1864 ut
386 1808 538 1884 sepulturae
553 1806 720 1866 mandentur
735 1825 833 1866 eorum
848 1824 978 1883 corpora.

293 1911 360 1966 167.
381 1907 426 1965 De
443 1908 598 1984 juvenibus
621 1908 650 1965 111
669 1907 829 1964 seminariis
849 1907 934 1983 gratis
954 1905 1089 1971 educatis,
1104 1904 1149 1962 vel
1172 1904 1344 1981 privatorum

251 2008 400 2082 impensis,
415 2026 449 2064 ea
462 2025 513 2082 spe
526 2016 557 2064 ut
570 2006 763 2064 ecclesiastico
776 2007 933 2064 inserviant
945 2005 1115 2072 ministerio,
1126 2002 1281 2064 tenendum
1291 2012 1343 2070 est,

251 2123 301 2161 eos
314 2104 441 2164 fraudem
455 2105 547 2162 facere
561 2105 585 2161 si
609 2105 762 2162 seminaria
774 2105 967 2182 ingrediantur
979 2105 1085 2176 absque
1100 2105 1240 2163 animose
1254 2103 1342 2161 sacris

251 2204 416 2262 muneribus
430 2203 552 2271 dicandi,
567 2212 595 2260 et
609 2221 644 2260 eo
664 2213 772 2263 tantum
795 2206 916 2264 consilio
936 2213 967 2262 ut
981 2185 1084 2261 litteris
1106 2205 1276 2271 imbuantur,
1297 2197 1342 2260 vel

251 2304 310 2360 otio
332 2303 514 2379 indulgeant;
535 2303 657 2377 ideoque
684 2302 719 2360 ad
744 2305 932 2380 reparandum
958 2303 1093 2363 damnum
1120 2304 1219 2361 teneri.
1262 2303 1344 2378 Opus

252 2412 345 2460 autem
354 2421 411 2459 non
421 2411 506 2461 estut
519 2404 588 2460 certi
601 2403 718 2460 omnino
731 2403 853 2462 sintsuae
864 2402 1030 2470 vocationis,
1040 2422 1105 2462 nam
1116 2405 1205 2462 otium
1216 2411 1343 2460 sanctum

250 2501 285 2558 iis
300 2501 364 2559 ideo
378 2500 542 2560 conceditur
554 2511 585 2559 ut
606 2501 641 2558 de
661 2511 737 2560 tanto
756 2502 872 2580 incepto
885 2503 1037 2563 consilium
1050 2504 1188 2561 maturius
1201 2503 1342 2560 habeant:

252 2601 303 2658 sed
316 2620 369 2659 nec
383 2611 488 2660 temere
502 2601 606 2660 debent
617 2601 738 2678 ingredi,
747 2621 801 2660 nec
811 2604 842 2661 in
855 2603 943 2660 sacris
957 2601 1064 2659 aedibur
1078 2603 1182 2662 morari
1196 2609 1345 2678 postquam

252 2721 334 2778 spem
348 2703 510 2780 abjecerunt
522 2712 550 2762 ct
562 2702 750 2779 propositum.
778 2702 863 2767 Quod
877 2703 901 2759 si
915 2720 965 2758 sua
979 2701 1063 2777 culpa
1076 2703 1181 2759 faciant
1192 2710 1223 2756 ut
1236 2699 1345 2776 indigni

252 2801 418 2870 habeantur,
432 2822 491 2860 non
504 2801 569 2860 ideo
582 2800 714 2862 videntur
731 2801 765 2858 ad
784 2798 989 2862 restituendum
1009 2799 1134 2876 obligati,
1156 2801 1268 2872 quoties
1288 2802 1346 2858 ani·

253 2917 318 2957 mus
337 2899 484 2958 fraudandi
510 2899 646 2956 defuerit:
668 2919 722 2956 nec
742 2901 818 2958 enim
838 2898 986 2958 donatores
1008 2898 1144 2960 censendi
1164 2909 1230 2957 sunt
1251 2899 1346 2956 condi-

253 2998 360 3054 tionem
380 2997 544 3055 restitnendi
575 2998 742 3072 apposuisse
765 3000 802 3055 ob
827 2999 957 3056 inertiam
984 2999 1029 3056 vel
1055 3000 1124 3057 alias
1150 2998 1248 3076 culpas
1275 3017 1343 3057 con-

254 3090 375 3153 suetas.¹

294 3198 361 3252 166.
383 3195 441 3261 Qui
454 3195 591 3253 carbones
603 3195 743 3254 effodiunt
763 3197 948 3274 prohibentur
968 3199 1001 3256 ab
1019 3200 1054 3257 iis
1068 3201 1098 3258 in
1111 3200 1156 3257 sui
1168 3217 1256 3258 usum
1270 3199 1346 3256 ause·

254 3293 358 3360 rendit,
372 3296 428 3353 nisi
441 3303 519 3353 certo
532 3296 655 3368 quodam
669 3299 761 3374 pretio
775 3298 868 3356 soluto
880 3320 887 3356 ε
910 3309 1033 3357 attamen
1052 3297 1133 3356 facile
1150 3299 1291 3375 contingit
1309 3315 1345 3354 ex

253 3395 294 3452 rei
307 3397 516 3472 opportunitate
529 3404 560 3452 ut
572 3399 708 3454 carbones
722 3396 835 3455 familiae
849 3417 907 3456 suae
920 3399 1097 3458 necessarios
1113 3399 1233 3471 quisque
1243 3407 1345 3455 suma*-

254 3496 322 3554 Mos
337 3496 384 3555 ille
397 3497 514 3569 quidem
534 3497 784 3572 reprehendendus
802 3505 854 3565 est,
869 3497 919 3555 sed
942 3498 1080 3556 restitutio
1093 3516 1152 3555 non
1165 3498 1275 3555 videtur
1287 3497 1345 3553 exi-

254 3594 355 3671 genda,
370 3615 458 3667 quum
471 3605 546 3652 tanta
558 3597 596 3652 sit
607 3597 646 3654 ibi
671 3598 824 3654 carbonum
846 3598 939 3675 copia,
961 3606 990 3652 et
1009 3595 1118 3655 domini
1138 3598 1188 3654 vix
1209 3595 1345 3654 censendi

253 3695 309 3750 sint
331 3695 448 3752 omnino
469 3693 566 3751 inviti:
587 3713 640 3752 nec
660 3696 738 3752 enim
758 3694 893 3754 adhibent
911 3695 1119 3754 solicitudinem
1133 3694 1168 3753 ad
1180 3696 1257 3754 sures
1271 3694 1345 3753 dete·

252 3792 372 3871 gendos.
394 3793 451 3860 Qui
464 3811 501 3850 ex
514 3793 654 3851 canalium
667 3788 714 3850 vel
726 3793 877 3852 fluminum
889 3796 969 3870 ripis,
980 3794 1028 3852 ubi
1038 3796 1173 3854 carbones
1182 3815 1219 3858 ex
1230 3793 1343 3870 scaphis

252 3892 441 3970 deponuntur,
463 3892 591 3951 auserunt
612 3891 763 3950 nonnullos
789 3893 819 3950 in
845 3895 890 3951 sui
908 3913 1003 3961 usum,
1030 3904 1157 3971 peccant,
1179 3905 1207 3954 et
1227 3893 1341 3967 quidem

251 3993 372 4067 graviter
385 3995 409 4051 si
423 3996 537 4070 copiam
557 4011 689 4071 magnam
708 4002 838 4060 sumant3
859 3994 984 4061 nonita,
1006 3994 1031 4050 si
1050 4012 1167 4070 paucos,
1188 3993 1342 4071 presertim

253 4091 302 4162 qui
315 4091 369 4147 hac
389 4092 452 4150 illac
465 4093 586 4168 dispersi
595 4095 701 4172 jacent.
745 4091 889 4151 Oaetemm
903 4093 951 4165 qui
965 4103 1173 4152 consuevenmt
1185 4113 1236 4170 per
1258 4101 1341 4150 totam

251 4189 386 4258 hiemem,
407 4190 452 4247 vel
473 4199 585 4266 tempus
611 4193 688 4252 alind
707 4191 879 4260 diuturnum,
900 4192 1037 4250 carbones
1067 4192 1109 4249 sic
1134 4194 1189 4251 sibi
1215 4209 1336 4257 sumere,

413 4393 425 4457 (
430 4393 455 4458 1)
477 4393 540 4443 Vide
552 4393 617 4459 apud
630 4393 739 4445 Carrierc
751 4395 781 4446 de
789 4397 884 4462 justitia
896 4404 921 4447 et
931 4397 993 4462 jure,
1005 4397 1045 4446 vol
1054 4397 1079 4446 ii.
1092 4413 1118 4447 11.
1134 4399 1192 4447 134.
