3146 5266
261 447 301 500 20
623 445 679 504 DE
700 445 977 506 IGNORANTIA.

261 627 319 666 non
333 616 426 683 potest
439 607 505 674 dici,
520 609 596 680 quod
608 609 737 668 voluntas
750 609 855 668 directe
868 621 897 668 et
909 629 960 688 per
980 628 1011 668 se
1024 610 1128 667 seratur
1147 611 1178 668 in
1191 620 1348 688 peceatum,

261 705 311 763 sed
324 725 376 782 per
396 706 537 764 accidens.
578 709 662 767 Unde
684 711 723 767 ibi
743 719 787 766 est
806 711 900 769 minor
919 717 1109 786 contemptus,
1131 719 1160 768 et
1179 729 1230 787 per
1251 727 1349 768 conse·

261 823 352 875 quens
365 805 459 862 minus
478 803 675 882 peceatum.”¹

300 909 349 961 28.
371 903 535 980 Ignorantia
555 925 617 979 quae
631 907 732 966 dieitur
745 908 948 967 concomitans
962 926 1001 964 ea.
1014 918 1058 965 est
1078 893 1133 981 uua
1146 908 1255 966 sublata
1271 917 1348 964 actus

261 1021 340 1075 reque
353 1003 450 1060 fieret:
471 1022 518 1061 ex.
533 1025 582 1082 gr:
606 1008 658 1064 “si
671 1007 800 1064 voluntas
821 1007 941 1083 alicujus
961 1016 1037 1064 esset
1056 1008 1097 1065 sic
1111 1007 1259 1082 disposita,
1274 1005 1349 1078 quod

259 1119 317 1158 non
331 1102 527 1177 prohiberetur
539 1105 573 1161 ab
587 1115 649 1163 actu
662 1105 816 1182 parricidii,
830 1108 915 1164 etiam
936 1107 961 1163 si
982 1115 1089 1183 patrem
1103 1115 1285 1182 agnosceret:
1307 1107 1348 1182 ig·

259 1202 388 1258 norantia
400 1203 487 1279 patris
498 1222 555 1260 non
566 1214 609 1260 est
621 1203 688 1263 huic
698 1223 783 1262 eausa
796 1207 915 1281 peccati,
927 1203 977 1261 sed
987 1205 1209 1262 concomitanter
1221 1223 1252 1260 se
1265 1204 1348 1261 habet

260 1297 294 1354 ad
308 1310 472 1376 peccatum:
495 1312 523 1360 et
535 1301 600 1360 ideo
614 1303 676 1361 talis
689 1321 748 1361 non
760 1313 860 1379 peccat
872 1313 987 1381 propter
1007 1304 1204 1380 ignorantiam,
1219 1303 1270 1360 sed
1282 1321 1347 1378 pec·

261 1405 305 1454 cat
318 1399 462 1475 ignorans,
477 1400 633 1459 secundum
646 1403 852 1480 philosophum
864 1405 894 1460 in
908 1405 989 1461 tertio
1004 1392 1224 1460 Ethicorum.'’²

298 1501 347 1554 29.
369 1498 415 1555 De
435 1499 608 1577 negligentia
628 1521 690 1574 quae
712 1502 749 1558 sit
771 1520 855 1557 causa
874 1502 1039 1578 ignorantia
1060 1500 1129 1559 dicit
1150 1501 1181 1557 S.
1197 1501 1345 1558 Th0mas:

261 1603 280 1630 ‘⁸
290 1596 352 1653 talis
366 1597 539 1674 negligentia
552 1599 620 1656 facit
632 1601 818 1676 ignorantiam
838 1601 930 1676 ipsam
951 1618 1014 1656 esse
1027 1599 1223 1666 voluntariam,
1240 1608 1269 1657 et
1281 1618 1347 1677 pec·

259 1703 364 1764 catum,
378 1696 532 1756 dummodo
546 1699 583 1756 sit
595 1716 694 1758 eorum
707 1717 771 1771 quae
785 1699 849 1770 quis
862 1699 933 1756 scire
947 1708 1057 1757 tenetur
1076 1708 1104 1756 et
1116 1694 1259 1778 potest.”³
1297 1698 1346 1755 At·

260 1802 353 1851 tamen
361 1797 387 1854 si
401 1797 465 1867 quis
476 1796 510 1855 de
521 1816 555 1854 ea
564 1796 665 1866 doleat,
676 1807 705 1855 et
714 1797 839 1855 studium
849 1798 984 1876 deinceps
995 1815 1047 1874 pro
1057 1798 1163 1856 viribus
1171 1797 1309 1862 adhibeat,
1319 1799 1346 1855 ei

259 1892 425 1970 imputanda
437 1913 494 1953 non
508 1905 590 1954 erunt
602 1917 664 1971 quae
675 1917 712 1955 ex
725 1897 812 1973 priori
826 1897 999 1974 negligentia
1008 1906 1068 1955 orta
1081 1907 1155 1954 sunt.
1183 1896 1346 1954 Vehemens

259 1991 362 2065 aliquis
376 1995 464 2051 animi
476 2005 570 2053 motus
584 1997 758 2052 inordinatus
772 2013 848 2070 saepe
862 1995 928 2052 lacit
947 2006 979 2053 ut
999 1997 1063 2068 quis
1082 1998 1217 2072 ignoraus
1237 2004 1346 2072 peccet,

258 2089 405 2164 cupiditati
425 2091 470 2147 rel
490 2092 557 2149 odio
575 2094 743 2150 inserviens.
785 2092 978 2168 “Ignorantia
996 2094 1028 2150 tit
1048 2095 1205 2154 voluntaria
1225 2096 1261 2152 ob
1284 2111 1346 2172 pas-

258 2189 379 2255 sionem,
401 2207 486 2260 quam
505 2191 569 2262 quis
592 2190 651 2247 vult
668 2191 820 2249 deliberate
842 2194 940 2265 sequi:
963 2191 1004 2251 illi
1023 2193 1101 2251 enim
1122 2195 1171 2266 qui
1191 2191 1347 2250 secundum

235 2306 338 2351 ⁴suam
352 2287 514 2364 passionem
535 2299 675 2366 operatur,
696 2291 768 2348 bene
789 2292 974 2367 imputabitur
993 2293 1086 2351 omnis
1107 2311 1210 2368 pravus
1229 2292 1346 2349 effectus

257 2387 304 2444 tali
319 2386 446 2464 passioni
460 2405 617 2456 connexus,
631 2389 699 2447 licet
710 2391 740 2447 in
754 2391 915 2466 particulari
928 2409 986 2448 non
998 2398 1165 2466 agnoscatur
1177 2408 1185 2456 ;
1200 2393 1267 2461 quia
1280 2409 1347 2448 cum

257 2485 344 2543 homo
358 2485 521 2563 passionem
535 2487 658 2560 aliquam
672 2489 857 2565 amplexatur,
871 2498 1077 2560 consequenter
1093 2489 1156 2564 ipse
1170 2488 1348 2563 amplectitur

258 2603 358 2642 omnes
371 2584 489 2643 effectus
503 2587 692 2645 communiter
704 2606 740 2644 ex
753 2588 801 2644 illa
814 2588 946 2666 passione
960 2588 1168 2664 provenientes,
1184 2587 1234 2658 qui
1247 2588 1301 2644 etsi
1315 2587 1347 2644 in

257 2686 418 2760 particulari
431 2704 490 2744 non
503 2675 700 2764 praevidenlur,
723 2687 912 2764 praevidentur
931 2688 1029 2745 saltem
1048 2688 1078 2744 in
1096 2680 1266 2744 consus0.”⁴
1303 2684 1346 2742 Ita

257 2785 290 2840 S.
306 2784 483 2863 Alphonsus.
524 2785 716 2863 “Ignorantia
735 2787 767 2844 fit
785 2787 940 2845 voluntaria
959 2786 1066 2844 ratione
1086 2786 1165 2864 pravi
1184 2784 1348 2851 habitus,-

257 2891 286 2938 et
298 2892 364 2939 tunc
378 2893 455 2940 actus
469 2885 536 2940 mali
550 2887 599 2954 qui
612 2904 649 2941 ex
663 2885 738 2941 malo
750 2885 845 2942 habitu
861 2885 1040 2959 proveniunt,
1055 2893 1120 2941 sunt
1132 2884 1235 2961 pariter
1247 2882 1345 2940 volun·

257 2979 534 3054 tatii-Ignorantia
554 2980 586 3036 fit
599 2981 756 3038 voluntaria
774 2989 802 3036 et
822 2980 1023 3057 culpabilis...
1039 2983 1064 3040 si
1077 2982 1165 3041 horno
1186 2984 1217 3040 in
1237 2980 1346 3058 agendo

257 3075 432 3134 advertenter
444 3077 561 3153 negligit
574 3077 706 3135 adhibere
720 3077 985 3147 considerationem,
1000 3099 1085 3152 quam
1105 3099 1151 3138 rea
1167 3079 1274 3157 agenda
1286 3097 1344 3138 me-

256 3167 379 3231 retur.'’⁵
416 3176 578 3252 Ignorantia
591 3195 653 3248 quae
668 3177 770 3234 dicitur
783 3177 997 3246 concomitans,
1008 3179 1081 3237 nihil
1093 3179 1209 3253 quidem
1222 3181 1304 3255 ponit
1316 3181 1346 3236 in

256 3290 303 3338 re;
327 3273 378 3331 sed
391 3293 476 3351 prava
489 3275 538 3332 illa
549 3274 700 3352 dispositio
714 3284 861 3352 peccatum
874 3289 926 3334 est.

294 3375 343 3429 30.
358 3372 504 3445 Equidem
518 3373 636 3433 dubitari
651 3393 708 3432 non
725 3385 818 3453 potest
837 3376 975 3449 quosdam
992 3395 1110 3454 peccare
1130 3394 1167 3434 ex
1181 3378 1345 3453 ignorantia,

256 3490 346 3544 quum
360 3470 492 3532 Christus
506 3475 585 3551 ipsos
599 3475 648 3547 qui
662 3493 726 3532 eum
748 3475 825 3532 cruci
837 3476 958 3533 fixerant
977 3473 1187 3549 quodammodo
1207 3493 1346 3534 excusan-

256 3570 307 3629 dos
321 3573 396 3648 apud
409 3573 522 3632 Patrem
535 3573 649 3632 habuit:
672 3582 691 3610 ‘⁶
701 3574 794 3642 Pater,
805 3573 914 3633 dimitte
928 3574 994 3642 illis,
1008 3575 1159 3634 nonenim
1173 3575 1266 3633 sciunt
1279 3574 1346 3646 quid

255 3661 410 3726 faciunt.”⁶
434 3671 546 3728 Eomm
560 3674 667 3729 crimen
677 3671 730 3728 hac
739 3675 847 3731 ratione
861 3676 1024 3732 extenuavit
1033 3674 1066 3731 S.
1075 3674 1194 3732 Petrus:
1210 3681 1229 3708 ‘⁶
1239 3673 1345 3740 fratres,

255 3768 316 3825 scio
330 3769 462 3844 quiaper
473 3771 661 3844 ignorantiam
674 3769 792 3836 fecistis,
803 3771 877 3827 sicut
888 3779 917 3828 et
928 3773 1074 3849 principes
1087 3764 1221 3830 vestri.'’⁷
1247 3771 1344 3829 Nemo

150 3919 153 3928 ,
258 3876 350 3926 autem
365 3866 469 3926 dixerit
482 3886 531 3925 eos
545 3868 625 3927 omni
639 3885 753 3924 vacasse
767 3867 859 3945 culpa.

349 4071 364 4119 1.
376 4070 399 4118 ἓ.
411 4088 433 4134 q.
444 4072 518 4122 lxxvi.
528 4079 572 4121 art.
583 4073 615 4121 ir.
628 4070 701 4139 Resp.
852 4071 893 4138 (9)
908 4072 1007 4134 Ibidem,
1019 4081 1064 4125 art.
1076 4074 1091 4126 i.
1105 4074 1178 4142 Κεφ.

347 4156 361 4204 1.
374 4159 398 4204 2.
410 4171 451 4218 qu.
463 4156 538 4205 lxxvi.
551 4163 593 4205 art.
607 4157 641 4206 iii.
1019 4194 1021 4200 .

347 4239 371 4288 S.
389 4239 534 4304 Alphonsus
551 4240 638 4291 Theol.
651 4239 712 4289 Mor.
726 4241 742 4291 l.
753 4257 776 4291 r.
794 4248 861 4292 tract,
874 4241 904 4292 de
923 4241 979 4293 Pec.
989 4259 1010 4293 c.
1025 4246 1045 4294 1.
1063 4242 1129 4293 Dub.
1141 4245 1162 4289 1.
1172 4259 1197 4292 n.
1209 4245 1233 4290 4.

652 4325 694 4388 (ὃ)
708 4323 769 4376 Luc.
780 4324 850 4376 xxiii.
862 4325 901 4376 st.
1067 4328 1109 4392 (7)
1122 4327 1178 4384 Act·¹
1191 4327 1224 4378 iii.
1240 4331 1278 4376 17.
