3078 5258
388 501 506 562 JURIS
526 497 849 562 nocuuslasmffl
869 499 1049 568 edures,
1206 507 1266 564 223

171 669 312 746 Dionysii
325 669 424 744 exigui
434 677 564 744 tempora
570 663 632 742 ejus
639 667 744 736 verrio,
759 665 934 728 Isidoricnu
944 667 1060 737 sedicet,
1070 686 1156 742 quam
1165 678 1265 746 postea

172 768 299 828 Isidorus
321 786 359 828 ex
380 772 489 829 vetusta
512 765 671 842 Hispaniae
692 765 859 826 collectione
879 767 1013 846 vulgarit,
1027 779 1056 828 et
1070 768 1186 846 prisca,
1200 786 1263 842 que

172 863 331 926 Isidoriana
356 865 531 940 aliquamdiu
557 865 698 941 posterior
730 865 850 926 videtur.
891 865 1053 945 Dionysius
1076 867 1220 946 Exiguus,
1247 889 1263 928 a

74 965 77 972 '
171 965 343 1027 monachatu
356 967 394 1024 ita
406 961 503 1024 forsan
510 963 679 1041 appellatus,
690 965 790 1036 quinto
803 977 927 1026 exeunte
937 968 1052 1036 seculo,
1062 985 1164 1026 novam
1175 966 1263 1026 edidit

171 1060 344 1132 versionem,
361 1074 389 1122 et
407 1065 606 1122 collectionem
627 1083 778 1133 canonum,
799 1065 988 1126 Sardemibus
1007 1077 1036 1124 et
1047 1066 1189 1126 Africanis
1209 1084 1264 1124 una

171 1183 236 1224 cum
256 1165 365 1223 caeteris
388 1163 482 1222 editis.
523 1163 642 1222 Addidit
662 1165 747 1222 etiem
766 1165 933 1241 pontificum
953 1166 1088 1242 epistolas
1108 1165 1262 1224 decretales

171 1282 240 1337 quas
254 1266 285 1322 in
298 1264 431 1322 Romam
445 1262 572 1322 archivio
592 1263 707 1340 reperit,
722 1283 738 1320 a
751 1263 854 1323 Siricio
867 1283 957 1337 usque
977 1265 1012 1324 ad
1025 1266 1208 1324 Anastasium
1221 1262 1261 1324 ll.

170 1364 365 1420 decesserunt
376 1361 563 1438 Dionysianae
577 1363 702 1421 versioni
716 1362 776 1422 aliae
796 1364 985 1438 posteriorum
1005 1363 1172 1440 pontificum
1186 1365 1261 1440 epis·
1330 1425 1334 1434 ,

170 1461 247 1527 tolae,
262 1460 337 1520 unde
350 1459 510 1520 Hadriana
530 1459 661 1522 collectio
681 1470 779 1520 vocata
799 1472 852 1529 est,
873 1481 961 1535 quum
976 1445 1139 1522 Hadrianus
1159 1463 1183 1522 Ι.
1197 1479 1261 1520 eam

170 1561 212 1618 sic
230 1569 343 1620 auctam
358 1558 464 1620 Oarolo
477 1561 522 1620 Μ.
544 1571 645 1620 octavo
667 1571 790 1620 exeunte
813 1561 928 1631 seculo,
942 1561 1095 1628 tradiderit,
1117 1571 1261 1634 tamquam

170 1658 301 1718 codicem
318 1677 478 1720 canonum.
522 1659 707 1719 celebrantur
720 1663 805 1720 etiam
825 1661 1008 1720 collectiones
1023 1661 1173 1728 Africanae,
1190 1660 1259 1718 Gal·

168 1759 279 1826 licanae,
300 1758 475 1836 Hispanicum
497 1777 559 1831 quae
580 1757 727 1818 doctorum
741 1760 864 1818 viromm
884 1761 1082 1818 ecclesiasticae
1102 1758 1259 1834 discipline

167 1857 359 1916 studiosorum
379 1876 466 1935 opera
485 1859 591 1934 sepius
611 1857 785 1933 prodierunt.
828 1856 976 1916 Celebrior
996 1858 1068 1916 inter
1088 1857 1260 1932 Hispanicas

167 1957 200 2014 S.
214 1955 356 2016 Isidorum
371 1943 575 2034 Hispalensem
588 1967 743 2024 auctorem,
765 1957 811 2014 vel
831 1956 932 2014 saltem
954 1957 1142 2034 probatorem,
1156 1953 1259 2014 habere

170 2055 292 2114 videtur.

207 2155 237 2212 3'.
259 2155 330 2214 Post
342 2175 446 2214 aunum
461 2159 520 2214 829
535 2155 610 2214 edita
622 2165 666 2214 est
679 2154 793 2214 Isidori
812 2154 1004 2223 Mercatorie,
1019 2155 1065 2214 vel
1079 2153 1258 2233 peccatorio,

166 2254 306 2324 collectio,
321 2255 489 2332 Maguntiae,
503 2265 535 2312 ut
547 2254 666 2314 videtur.
709 2255 781 2321 Quis
794 2254 879 2314 luerit
891 2255 953 2331 ejus
973 2263 1078 2320 auctor,
1102 2255 1216 2326 quodve
1230 2255 1257 2311 ei

167 2355 330 2423 consilium,
344 2356 374 2414 iu
387 2355 581 2414 controversia
594 2365 646 2412 est.
689 2353 723 2412 Id
744 2352 811 2412 veri
834 2361 914 2412 extra
935 2373 1051 2414 omnem
1074 2352 1255 2412 dubitationis

167 2455 256 2512 aleam
269 2463 314 2511 est
326 2455 464 2532 positum,
478 2453 600 2531 plurima
612 2453 683 2512 false
695 2472 761 2512 eum
775 2455 849 2512 veris
863 2451 1058 2522 admiscuisse,
1074 2463 1103 2512 et
1115 2454 1256 2512 ementitis

165 2554 332 2612 nominibus
360 2553 530 2630 publicasse,
562 2553 669 2630 legum,
696 2563 864 2630 patrumque
890 2555 982 2612 verbis
1008 2553 1112 2628 sepius
1138 2553 1257 2611 vetustis

165 2652 348 2728 pontificibus
361 2653 477 2710 tributis.
520 2653 717 2729 Supposititiae
726 2653 811 2728 igitur
824 2661 1015 2727 agnoscuntur
1025 2651 1152 2726 epistole
1166 2651 1256 2725 ponti·

165 2751 259 2808 ficum
272 2769 289 2806 a
302 2749 449 2808 Clemente
471 2769 561 2824 usque
581 2751 616 2810 ad
637 2751 835 2826 sylvestrum
857 2750 916 2808 imo
929 2759 1037 2806 caterae
1051 2765 1151 2805 omnes
1165 2763 1257 2818 usque

166 2848 202 2906 ad
217 2848 363 2917 Siricium,
387 2852 511 2926 exceptis
531 2851 564 2910 S.
585 2850 704 2908 Damasi
724 2848 759 2906 ad
779 2848 930 2906 Paulinum
950 2847 1059 2906 litteris.
1101 2844 1258 2904 Isidoriana

165 2949 307 3016 collectio,
331 2968 393 3022 quae
420 2951 492 3008 uibil
517 2949 716 3026 praeseierebat
737 2947 804 3008 fidei
825 2945 1038 3024 disciplineque
1061 2959 1126 3004 tunc
1149 2945 1257 3022 vigenti

165 3047 321 3107 admodum
335 3047 496 3117 adversum,
511 3048 645 3124 paulatim
665 3048 783 3107 invaluit
801 3049 832 3106 in
852 3049 964 3108 raeculis
978 3049 1044 3106 artis
1064 3047 1167 3106 critice
1181 3043 1257 3104 haud

165 3147 311 3208 studiosis.
353 3147 527 3208 Hincmarus
548 3148 721 3206 Rhemensis
742 3165 790 3206 eae
813 3147 929 3218 quidem
950 3148 1058 3223 respuit
1079 3164 1115 3205 eo
1134 3144 1211 3218 quod
1224 3145 1256 3204 in

168 3247 275 3306 Codice
304 3247 462 3306 Curionum
488 3266 547 3307 non
572 3249 779 3324 reperirentur3
800 3264 856 3317 qua
881 3245 916 3302 de
943 3263 1028 3304 causa
1054 3245 1163 3320 rejectae
1190 3252 1255 3302 sunt

165 3348 250 3406 etiam
264 3347 298 3404 ab
311 3348 454 3424 episcopis
469 3347 625 3405 Gallicanis
639 3347 668 3404 in
688 3365 773 3404 causa
787 3342 910 3402 Rotlradi
923 3343 1053 3420 episcopi
1067 3342 1254 3400 Suessioneu·

165 3446 215 3505 sis.
258 3446 374 3506 Sensim
387 3456 482 3506 temen
495 3447 557 3504 sine
567 3465 654 3504 sensu
663 3447 692 3504 in
700 3444 1020 3521 plerisqueregionibns
1033 3440 1164 3498 adhibite
1178 3449 1254 3506 suut,

166 3543 238 3604 adeo
246 3554 278 3604 ut
290 3546 395 3604 saeculo
405 3545 500 3604 medio
514 3545 580 3613 XL,
594 3545 655 3605 Leo
669 3544 724 3602 IX.
739 3561 787 3600 eas
802 3543 936 3600 citaverit.

203 3648 234 3701 4.
256 3645 356 3703 Plures
370 3643 505 3722 deinceps
519 3653 621 3704 secute
643 3653 709 3704 sunt
727 3641 921 3709 collectiones,
935 3639 1027 3698 donec
1040 3637 1135 3698 medio
1149 3636 1253 3696 saeculo

164 3743 236 3802 XII.
254 3743 434 3811 Gratianus,
448 3744 605 3803 monachus
625 3743 839 3809 Benedictinus,
861 3739 957 3801 Clusii
979 3749 1071 3807 natus,
1095 3736 1264 3798 Concorde-

164 3861 215 3902 cm
228 3842 470 3902 discordantium
487 3842 657 3911 Curionum,
680 3862 743 3916 quae
764 3861 840 3902 nunc
859 3851 975 3902 vocatur
996 3838 1158 3899 Decretum
1172 3835 1255 3914 (voce

165 3943 261 4000 minus
282 3939 419 4021 propria)
447 3941 575 4005 ediderit.
618 3943 725 4000 “Tota
750 3942 812 4000 haec
838 3939 999 4005 collectio‚'’
1027 3937 1120 4008 inquit
1139 3935 1254 3999 Devoti,

165 4041 318 4100 “conflata
343 4051 387 4101 est
406 4059 445 4100 ex
466 4042 539 4103 locis
563 4043 595 4100 S.
619 4043 840 4118 scriptumest
866 4037 1022 4098 canonibus
1050 4033 1256 4110 quinquaginta

162 4140 381 4216 Apostolorum,
395 4159 432 4198 ex
445 4143 573 4202 conciliis
594 4140 772 4218 generalibus
792 4157 824 4195 ac
845 4135 1066 4213 particularibus,
1082 4153 1119 4191 ex
1132 4133 1255 4192 decreta·

162 4241 238 4298 libus
262 4240 447 4299 Summorum
461 4241 645 4308 Pontificum,
669 4257 706 4297 ex
729 4237 862 4312 operibus
883 4244 1004 4312 patrum,
1028 4235 1254 4310 scriptorumque

164 4339 436 4407 ecclesiastieorum,
454 4359 491 4399 ex
512 4341 593 4399 libris
616 4339 694 4399 Juris
715 4337 808 4397 civilis
831 4335 1036 4402 Romanorum,
1058 4332 1255 4412 capitularibus
