3046 5262
284 509 345 568 2¹7⁰
443 499 502 562 DE
523 495 676 560 LEGUM
697 495 894 557 olvluntltl
916 493 1220 558 OBLIGATIONE.

285 667 390 730 dormit
405 665 541 742 obligare,
555 664 667 737 quoties
679 661 791 722 utilitati
803 669 831 720 et
842 660 929 720 saluti
941 659 1104 738 reipubliea
1117 661 1273 719 manifesto
1285 660 1375 720 adver

376 757 388 796 ι

285 777 378 922 Ἣ
409 861 557 939 Supremi
570 859 725 937 principes,
739 859 790 932 qui
808 859 887 935 leges
906 857 1010 926 lerunt,
1031 855 1066 916 ad
1085 875 1134 914 eas
1153 857 1306 916 servandas
1328 857 1386 916 dis-

288 965 369 1024 tricto
387 963 453 1040 jure
472 977 531 1019 non
551 957 683 1018 videntur
704 959 805 1026 teneri,
825 959 882 1018 nisi
905 965 1043 1032 quatenus
1063 973 1158 1016 rerum
1181 957 1242 1034 ipsa
1262 958 1387 1029 aequitas
1495 997 1499 1012 .

289 1057 442 1141 postulat²
466 1059 516 1118 Ex
529 1057 600 1118 ΧΠ.
614 1058 771 1117 tabularum
783 1056 847 1134 lege
870 1065 889 1092 “
898 1055 996 1128 utique
1006 1055 1109 1129 quibus
1118 1055 1240 1132 legibus,
1253 1055 1388 1132 plebisve

293 1159 384 1229 scitis,
407 1159 559 1236 imperator
582 1156 690 1216 solutus
710 1155 807 1233 legum
832 1155 1002 1215 necessitate
1027 1153 1213 1222 habebatur,”
1237 1155 1279 1212 uti
1301 1156 1390 1214 refert

292 1251 398 1327 Βίου,8
412 1266 431 1294 “
441 1275 506 1316 cum
516 1253 767 1328 haudquaquam‚”
777 1253 975 1313 animadvertit
982 1253 1120 1321 Gravius,
1133 1261 1152 1289 ‘⁶
1161 1253 1303 1311 eximetur
1311 1255 1389 1329 prin·

293 1375 362 1434 ceps
383 1355 541 1415 avinculis
560 1353 728 1423 honestatis,
750 1371 812 1427 qna
831 1354 910 1431 leges
929 1350 1068 1429 perpetui
1091 1351 1251 1421 comitatur,
1265 1371 1387 1426 quaque

294 1465 400 1516 mntem
420 1472 439 1512 a
450 1463 548 1514 nature
560 1451 638 1512 ducit
650 1453 854 1521 auctoritatem,
866 1460 898 1509 ut
914 1446 1114 1529 imperatorcs⁴
1126 1453 1387 1528 pronunciaverint,

297 1556 411 1632 ‘may'us
429 1554 551 1631 imperio
564 1569 629 1610 esse
642 1552 806 1611 submittere
819 1551 931 1628 legibus
947 1548 1159 1628 principatum‚'
1170 1557 1198 1606 et
1210 1545 1389 1610 Alexander⁵

293 1652 473 1712 sanctissime
486 1651 641 1727 scripserit,
665 1658 673 1688 ⁶
684 1649 756 1709 nibil
770 1658 826 1710 tam
840 1651 988 1728 proprium
1001 1649 1113 1726 imperii
1125 1666 1200 1717 esse,
1216 1667 1303 1722 quam
1316 1651 1387 1726 legi·

291 1753 345 1811 bus
357 1751 470 1818 vivere3
489 1759 642 1823 utcumque
665 1749 713 1808 lex
736 1748 869 1826 imperii,‘
885 1747 954 1829 (qua
967 1749 999 1807 S.
1015 1747 1053 1807 O.
1067 1747 1124 1806 boc
1137 1765 1202 1807 meo
1211 1737 1249 1830 {et
1260 1750 1388 1826 plurium

289 1849 401 1930 judicio
421 1845 570 1928 indicatur)
598 1849 772 1908 solemnibus
794 1849 868 1926 juris
893 1849 1095 1924 imperatorem
1121 1846 1257 1907 solverit?
1299 1849 1387 1907 Unde

293 1969 388 2024 neque
408 1969 425 2007 a
441 1948 588 2010 communi
608 1949 734 2024 gentium
754 1947 869 2015 foedere,
882 1965 976 2020 neque
988 1965 1006 2004 a
1017 1948 1137 2007 nexibus
1149 1946 1282 2006 humanae
1297 1949 1387 2007 socie·

293 2050 358 2108 tatis
371 2049 506 2106 eximitur
517 2049 661 2122 princeps,
676 2065 770 2120 neque
791 2047 903 2126 legibus
924 2045 990 2114 illis,
1008 2047 1111 2120 quibus
1133 2055 1298 2124 susceptum
1322 2067 1338 2105 a
1356 2066 1386 2104 se

292 2148 423 2224 regimen
446 2138 634 2204 incumbit''⁶
673 2145 752 2204 Hinc
772 2145 822 2205 illa
836 2147 910 2224 juris
930 2146 1059 2204 emuniri
1080 2155 1109 2206 et
1121 2147 1213 2204 civilis
1227 2147 1384 2204 axiomata:

293 2246 435 2305 “Justum
449 2254 494 2304 est
505 2244 784 2322 principemlegibus
795 2247 988 2321 obtemperare
999 2244 1091 2303 suis.’‘
1133 2245 1174 2304 Et
1187 2244 1314 2322 “Digna
1326 2265 1385 2305 vox

292 2353 336 2402 eet
354 2345 500 2419 majestate
512 2344 668 2419 regnantia,
687 2343 799 2422 legibus
819 2345 963 2420 alligatum
984 2363 1015 2404 se
1028 2345 1189 2421 principem
1208 2340 1385 2422 profiteri.'’⁷

291 2441 326 2502 In
339 2439 484 2516 republica
497 2450 594 2500 nostra
606 2440 725 2499 dubitari
734 2443 833 2515 nequit
844 2459 894 2500 eos
908 2445 959 2515 qui
971 2444 1064 2503 ferunt
1075 2443 1153 2520 leges
1166 2453 1195 2501 et
1206 2445 1384 2520 magistratus

291 2555 443 2617 supremos
453 2547 564 2618 gemet,
573 2539 737 2616 nepraeside
747 2540 865 2614 quidem
875 2551 1006 2620 excepto,
1020 2542 1120 2601 eadem
1135 2561 1192 2616 qua
1204 2544 1298 2602 oaeteri
1306 2544 1381 2601 cives

290 2640 374 2718 ligari
393 2640 561 2698 necessitate
583 2657 632 2698 eas
654 2639 796 2709 servandi,
817 2659 919 2700 omnes
941 2643 1019 2700 enim
1039 2643 1117 2700 cives
1136 2643 1199 2718 pari
1211 2652 1277 2700 suut
1290 2641 1383 2702 condi-

291 2742 379 2800 tione.

331 2842 381 2897 29.
405 2837 509 2896 Utrum
536 2838 643 2915 singuli
670 2837 766 2896 Status
791 2837 919 2898 frederati
944 2841 1053 2918 legibus
1079 2859 1096 2897 a
1123 2838 1297 2919 Congreeeu
1322 2840 1381 2897 latis

291 2936 413 2992 omnino
433 2943 591 3004 teneantur,
614 2935 798 2994 vehementer
819 2937 1008 3016 disceptatur:
1030 2948 1097 2997 sunt
1118 2941 1195 2997 enim
1221 2941 1270 3013 qui
1290 2948 1382 2997 tenent

289 3031 469 3108 singrdorum
492 3050 556 3090 esse
575 3032 705 3110 judicare
726 3043 821 3092 utrum
842 3035 1025 3115 Congressus
1044 3055 1092 3095 eas
1111 3037 1228 3096 ferendo
1240 3039 1381 3116 potestatis

289 3130 343 3188 sibi
357 3129 528 3189 concreditas
541 3131 647 3190 limites
661 3134 826 3202 excesserit,
847 3145 875 3194 et
893 3136 1024 3195 utilitates
1044 3136 1175 3196 Statuam
1196 3136 1379 3211 quorumdam

288 3228 461 3308 neglexerit,
475 3240 504 3288 et
514 3230 594 3307 leges
609 3230 715 3290 idcirco
735 3232 827 3291 nullas
847 3233 998 3304 declarare,
1013 3245 1041 3293 et
1059 3237 1138 3295 omni
1156 3237 1268 3314 privare
1281 3235 1380 3295 effectu

288 3329 360 3388 intra
374 3348 460 3389 suum
480 3329 653 3389 territorium
665 3321 690 3388 :⁸
710 3332 757 3390 alii
777 3331 844 3391 verb
864 3333 1007 3394 affirmant
1026 3335 1121 3395 Status
1143 3354 1255 3404 omnes,
1269 3337 1339 3393 sicut
1351 3345 1377 3391 et

319 3491 363 3557 (l)
382 3490 493 3544 “When
504 3508 520 3541 a
532 3493 579 3544 law
590 3493 623 3556 by
638 3492 680 3544 the
698 3491 794 3556 change
805 3494 834 3544 of
846 3493 930 3558 things
948 3511 975 3544 or
986 3511 1054 3546 cases
1070 3497 1203 3548 isbecome
1214 3513 1248 3548 en
1259 3511 1342 3559 enemy
1354 3503 1378 3544 to

284 3577 325 3630 the
336 3594 450 3628 commen
462 3579 533 3641 good,
545 3580 565 3629 it
576 3580 596 3628 is
609 3587 652 3629 not
672 3588 697 3631 to
708 3581 738 3630 be
749 3581 871 3639 obaervcd.
882 3582 946 3632 saith
957 3582 1086 3648 Aquinas;
1103 3584 1152 3634 and
1163 3584 1195 3634 be
1207 3585 1275 3647 gives
1286 3584 1332 3633 tbis
1343 3584 1377 3632 in.

283 3670 380 3711 annes:
400 3663 423 3710 A
436 3663 483 3712 law
495 3663 516 3712 is
529 3663 599 3713 made
611 3663 663 3715 that
674 3665 701 3715 in
712 3665 754 3715 the
766 3666 825 3716 time
836 3667 865 3716 of
877 3667 956 3730 sieges
976 3667 1018 3718 the
1034 3675 1102 3730 gates
1119 3669 1148 3718 os
1160 3685 1176 3718 a
1187 3670 1237 3734 city
1249 3673 1279 3719 be
1290 3666 1377 3730 always

281 3747 340 3812 kept
350 3744 424 3805 sbutr
441 3748 485 3796 but
496 3747 538 3796 tbe
550 3746 639 3808 guarda
651 3765 691 3799 are
702 3757 746 3800 not
757 3750 805 3802 tied
824 3759 848 3802 to
866 3753 928 3817 obey
940 3752 989 3802 this
1006 3753 1063 3814 law,
1079 3753 1154 3804 wben
1173 3753 1215 3804 tbe
1234 3756 1330 3804 citizens
1344 3751 1376 3814 dy

282 3829 373 3880 thither
383 3829 445 3880 from
458 3829 499 3880 ibe
510 3829 603 3892 &nger
613 3831 643 3880 of
656 3831 697 3881 the
708 3832 822 3897 enemy.”
855 3833 1020 3900 Jer.'1'aylor,
1031 3835 1107 3886 Duct.
1120 3835 1185 3887 Dola
1199 3838 1214 3887 l.
1227 3838 1262 3888 iii.
1273 3854 1293 3887 e.
1305 3837 1320 3887 i.
1331 3833 1375 3882 vol·

282 3914 306 3962 2.
317 3929 342 3979 p.
354 3915 395 3964 ³5.

318 3999 361 4064 (τ)
380 3999 445 4052 Vide
457 4000 494 4052 De
502 4000 593 4061 Vattel‚
605 3999 670 4050 Lair
682 4000 711 4052 cl
718 4000 833 4064 Naticns,
843 4004 859 4054 l.
871 4003 887 4054 i.
898 4020 919 4054 c
931 4004 964 4054 iv.
977 4007 992 4064 ς
1003 4005 1046 4053 49.
1240 4033 1245 4038 ·

319 4082 362 4146 (³)
383 4081 412 4131 L.
424 4085 467 4134 liii.
479 4101 502 4148 p.
517 4087 575 4144 509,
587 4087 676 4135 stolo.
870 4090 910 4155 (4)
928 4088 959 4142 L.
969 4089 1052 4158 digne
1062 4105 1118 4152 root,
1129 4090 1161 4140 iv.
1171 4106 1193 4141 c.
1205 4091 1236 4142 de
1248 4091 1342 4154 legibus

316 4167 359 4233 (b)
379 4167 408 4218 1..
420 4169 454 4218 iii.
466 4169 496 4218 de
509 4177 564 4222 test.
574 4178 600 4220 et
610 4171 816 4234 quemadmodum
828 4180 882 4224 test
894 4191 959 4240 sper.
1092 4231 1096 4239 ,

315 4250 355 4316 (6)
375 4249 482 4302 Gravine
495 4251 525 4302 L.
538 4255 600 4316 sing.
612 4255 642 4305 de
654 4256 726 4307 Rom.
735 4258 794 4322 imp.
806 4261 820 4318 ἦ
830 4259 905 4308 xxvii.
992 4259 1035 4326 (7)
1054 4260 1115 4325 Cep.
1127 4259 1143 4310 J
1146 4266 1230 4312 ustum
1248 4261 1308 4312 Dirc
1320 4260 1340 4306 9·

316 4333 354 4400 (8)
374 4333 413 4384 De
433 4336 509 4401 bajus
526 4340 653 4389 sententia
670 4343 779 4405 patronis
795 4343 854 4394 dicit
872 4343 997 4407 Marshali,
1013 4361 1143 4412 supremus
1161 4347 1255 4412 judex:
1279 4353 1293 4376 “
1305 4342 1376 4405 They

278 4419 408 4480 maintain,
420 4419 473 4472 that
485 4420 527 4471 the
535 4423 698 4476 constitution
709 4428 738 4478 cl
745 4427 788 4478 tbe
799 4427 890 4481 United
903 4430 986 4483 State·
996 4432 1043 4484 bar
1053 4433 1172 4499 provided
1182 4448 1217 4484 no
1227 4430 1327 4484 abund
1336 4427 1377 4476 s0¹
