3068 5256
443 475 500 534 DE
523 474 695 535 OCTAVO
716 476 968 538 PRAEGEPTO.
1205 485 1260 540 14³

168 665 327 711 numerosa,
341 645 388 701 vel
401 642 507 703 divitiis
521 641 687 700 affluentes:
714 651 734 676 “
744 641 813 700 Non
828 653 872 700 est
884 644 977 716 itaque
991 643 1073 702 ineis
1086 659 1264 706 remunerata

169 747 288 812 fallacia,
310 742 361 800 sed
381 743 597 810 benevolentia3
618 742 777 818 benignitas
802 745 916 810 mentis,
943 761 1001 800 non
1026 745 1159 817 iniquitas
1182 763 1262 804 men·

170 839 311 904 tientis.’'l
351 842 442 900 Jacob
457 843 492 900 ad
505 840 696 900 haereditatem
710 861 727 898 a
743 841 808 920 Deo
828 843 913 918 gratis
933 841 1039 900 electus
1053 852 1111 910 est;
1132 842 1183 902 sed
1196 843 1263 906 dolo

168 964 235 1002 usus
250 953 303 1010 est,
319 951 407 999 matre
421 941 568 1006 suadente,
584 950 616 999 ut
629 939 664 997 ad
678 960 741 1000 eain
759 941 938 1016 perveniret:
961 940 1070 1010 Rahab,
1084 943 1200 1002 miserta
1213 961 1263 1004 ex·

169 1044 353 1120 ploratorum,
368 1050 396 1097 et
407 1041 464 1098 lide
485 1041 581 1099 animo
604 1050 751 1116 concepta,
766 1039 831 1097 Deo
844 1039 960 1116 placuit,
974 1040 1155 1100 mendacium
1169 1053 1263 1102 nmen

169 1143 294 1201 humano
317 1158 411 1197 errore
433 1139 569 1199 adhibuit.
612 1139 735 1198 Pulchre
748 1139 945 1217 Augustinus3
967 1139 1117 1208 “Quando
1130 1141 1212 1200 nobis
1227 1140 1262 1200 de

170 1239 324 1316 Scripturis
339 1240 444 1296 sanctis
455 1237 612 1297 mentiendi
624 1247 819 1314 proponuntur
832 1238 975 1316 exempla,
989 1250 1036 1298 aut
1048 1239 1195 1298 mendacia
1205 1259 1263 1300 non

170 1349 244 1408 sunt,
259 1338 312 1396 sed
325 1347 458 1414 putantur
473 1357 535 1396 esse
550 1339 618 1396 dum
633 1356 690 1396 non
704 1337 913 1415 intelliguntu13
934 1349 981 1397 aut
992 1342 1017 1396 si
1031 1339 1179 1399 mendacia
1187 1349 1263 1406 sunt,

171 1421 306 1497 imitanda
321 1455 379 1494 non
392 1447 467 1505 sunt,
482 1439 547 1510 quia
556 1438 634 1515 justa
647 1455 711 1495 esse
724 1456 782 1494 non
796 1429 964 1513 possunt.''²

212 1542 283 1595 177.
306 1535 454 1608 Equidem
468 1539 599 1596 novimus
613 1536 789 1612 gravissimis
802 1535 1014 1595 difficultatibus
1027 1536 1178 1609 aliquando
1192 1537 1267 1596 labo-

174 1655 236 1692 rare
258 1637 309 1708 qui
332 1636 478 1694 veritatem
492 1636 585 1694 studet
607 1654 718 1694 servare
741 1635 874 1694 illaesam:
897 1635 949 1694 sed
970 1654 1028 1694 non
1047 1635 1111 1694 ideo
1124 1635 1189 1694 licet
1202 1654 1265 1694 eam

175 1736 327 1800 deserere;
348 1734 436 1791 semel
457 1737 534 1793 enim
554 1733 709 1792 mentiendi
729 1733 802 1792 facta
823 1735 952 1794 facultate
972 1734 1075 1792 fiducia
1094 1753 1152 1792 non
1171 1746 1215 1793 est
1226 1736 1267 1792 lo·

174 1835 283 1907 quenti.
326 1832 397 1890 Ideo
417 1852 470 1891 uec
492 1834 627 1910 permittit
646 1833 823 1908 Augustinus
844 1834 990 1910 aegrotanti
1009 1834 1131 1898 mentiri,
1145 1851 1181 1890 ne
1197 1835 1267 1892 tristi

175 1934 276 1992 nuntio
291 1932 437 2000 moriatur,
452 1933 582 2005 quamvis
596 1951 627 1988 se
647 1949 733 1990 sensu
756 1930 882 1990 humano
905 1930 1087 1990 vehementer
1106 1933 1213 1990 moveri
1234 1930 1268 1988 ad

177 2031 388 2090 assentiendum
411 2031 545 2100 fateatur:
568 2041 675 2107 “sepe
698 2049 745 2090 me
768 2030 798 2088 iu
817 2032 900 2089 rebus
921 2029 1053 2090 humanis
1067 2030 1268 2088 vincitsensus

177 2131 328 2198 humanus,
344 2147 396 2187 nec
415 2131 546 2190 resistere
569 2131 651 2188 valeo
671 2147 736 2188 cum
755 2130 827 2188 mihi
846 2130 964 2188 dicitur:
986 2129 1064 2188 Ecce
1078 2130 1157 2206 gravi
1169 2131 1268 2188 morbo

174 2230 352 2307 periclitatur
365 2241 498 2306 egrotus,
513 2231 595 2307 cujus
605 2231 666 2306 jam
679 2230 754 2287 vires
766 2229 838 2288 serre
852 2249 909 2289 non
927 2229 1047 2306 possint,
1062 2230 1087 2287 si
1100 2228 1127 2285 ei
1141 2239 1268 2288 mortuns

180 2331 278 2388 unicus
293 2330 496 2389 atoarissimus
510 2330 585 2389 filius
599 2330 759 2395 nuntietur;
773 2349 790 2384 a
799 2338 825 2386 te
836 2332 937 2401 quaerit
949 2348 984 2388 an
994 2329 1080 2397 vivat,
1088 2346 1174 2400 quem
1184 2330 1269 2388 vitam

175 2430 273 2486 finisse
295 2439 325 2487 tu
346 2429 440 2496 nosti;
461 2430 531 2503 quid
556 2428 754 2505 respondebis,
774 2428 887 2501 quando
907 2427 1046 2503 quidquid
1065 2428 1142 2487 aliud
1161 2427 1268 2486 dixeris

175 2543 274 2606 praeter
289 2547 381 2586 unum
395 2528 430 2584 de
444 2529 540 2596 tribus,
555 2541 603 2586 aut
627 2537 770 2586 ‘mortuus
791 2527 854 2596 est,’
870 2540 917 2588 aut
938 2527 1045 2596 ‘vivit’
1060 2536 1109 2586 aut
1130 2526 1266 2594 ‘nescim'

174 2628 246 2685 nihil
259 2627 337 2684 aliud
350 2627 439 2684 credit
451 2627 496 2685 ille
511 2647 595 2701 qnam
610 2640 773 2696 mortuum;
789 2627 865 2700 quod
879 2640 904 2686 te
918 2627 1048 2703 intelligit
1055 2627 1153 2684 timere
1164 2627 1267 2692 dicere,

175 2737 205 2782 et
219 2725 295 2783 nolle
305 2726 436 2781 mentiri?
463 2725 745 2794 Tantumdemvalet,
760 2727 871 2784 etiamsi
885 2724 1058 2784 omnimodo
1071 2725 1200 2781 moueris.
1222 2724 1271 2780 Ex

176 2825 234 2882 illis
249 2832 349 2880 autem
364 2823 449 2880 tribus
463 2823 516 2882 duo
528 2827 599 2884 falsa
612 2835 688 2892 sunt,
710 2825 806 2891 ‘vivit
827 2833 855 2880 et
875 2823 989 2880 ‘nescio
1000 2821 1018 2889 ;’
1040 2840 1092 2878 nec
1113 2822 1161 2877 abs
1175 2831 1201 2876 te
1215 2820 1271 2878 diei

177 2932 302 2999 possunt
315 2923 371 2978 nisi
383 2925 554 2984 mentiendo.
597 2924 671 2983 Illud
689 2934 782 2982 autem
795 2942 883 2982 unum
897 2941 1005 2990 verum,
1020 2921 1114 2990 idest,
1129 2931 1270 2980 mortuum

177 3041 253 3092 esse,
269 3024 295 3080 si
310 3020 428 3089 dixeris,
443 3033 472 3080 et
493 3025 644 3100 perturbati
666 3024 792 3082 hominis
814 3043 891 3081 mors
905 3023 989 3081 luerit
1001 3023 1160 3090 subsecuta,
1175 3021 1224 3078 abs
1245 3032 1270 3076 te

174 3123 292 3180 occisus
306 3139 370 3178 esse
385 3121 560 3180 clamabitur.
603 3124 643 3180 Et
656 3125 719 3195 quis
734 3122 804 3180 serat
813 3123 943 3182 homines
953 3132 1166 3199 exaggerantes,
1181 3139 1269 3193 quan·

183 3231 238 3279 tum
254 3223 291 3278 sit
305 3220 372 3280 mali
387 3221 497 3279 salubre
510 3221 692 3281 mendacium
706 3221 833 3290 devitari,
847 3233 875 3280 et
892 3221 1064 3280 homicidam
1079 3221 1159 3296 diligi
1173 3221 1272 3278 verita·

181 3322 258 3379 teml
300 3321 426 3378 Moveor
448 3321 493 3378 his
515 3323 654 3398 oppositis
674 3321 866 3390 vehementer,
887 3320 937 3378 sed
956 3321 1059 3378 mirum
1080 3321 1104 3377 si
1125 3320 1209 3376 etiam
1229 3338 1271 3376 sa·

178 3414 334 3497 pienter.''³

221 3524 288 3578 178.
311 3519 377 3576 Nec
399 3517 563 3598 Religionis
582 3520 677 3578 studio
696 3519 808 3577 mentiri
827 3518 902 3584 licet,
916 3535 983 3574 nam
996 3535 1054 3574 non
1067 3514 1274 3572 suntsacienda

181 3618 266 3684 mala,
280 3626 312 3674 ut
324 3619 456 3676 eveniant
467 3620 561 3676 bona:
583 3618 688 3678 idcirco
702 3617 879 3694 Augustinus
893 3615 966 3674 hanc
979 3615 1033 3674 sibi
1047 3614 1186 3692 objectam
1200 3612 1273 3670 diffi-

183 3717 316 3776 cultatem
334 3718 467 3792 praeclare
488 3718 577 3776 diluit.
620 3717 810 3792 “Aliquando
831 3716 914 3774 nobis
934 3717 1023 3792 ipsius
1043 3734 1156 3790 quoque
1177 3713 1273 3772 salutis

183 3829 291 3876 eternae
315 3816 481 3891 periculum,
496 3817 649 3896 opponitur
671 3817 746 3890 quod
769 3827 873 3875 nostro·
882 3817 1045 3884 mendacio,
1068 3817 1093 3874 si
1118 3815 1197 3873 aliter
1216 3832 1274 3870 non

182 3927 283 3993 potest,
299 3913 500 3991 depellendum
515 3935 578 3976 esse
592 3918 745 3983 clamatum
760 3916 835 3974 velut
848 3917 872 3973 si
887 3916 1036 3988 quisquam
1049 3911 1234 3988 baptizandus
1245 3911 1275 3968 in

184 4026 319 4091 potestate
334 4015 372 4072 sit
384 4014 540 4090 impiorum
553 4027 637 4088 atque
661 4015 817 4074 infidelium
837 4015 1014 4080 constitutus,
1028 4010 1063 4070 ad
1077 4029 1162 4084 quern
1176 4028 1275 4088 perve-

181 4114 235 4172 niri
248 4110 306 4174 n'on
320 4114 413 4191 possit
425 4123 457 4170 ut
468 4114 581 4175 lavacro
600 4113 822 4192 regenerationis
835 4113 972 4180 abluatur,
986 4111 1041 4169 nisi
1054 4110 1182 4186 deceptis
1195 4129 1274 4170 men·

247 4317 290 4380 (l)
312 4314 377 4377 Aug·
391 4315 407 4364 Ι.
418 4323 504 4370 contra
517 4316 680 4377 mandacium,
692 4331 712 4368 c,
725 4331 765 4366 xv.
783 4329 808 4364 n.
820 4315 861 4364 32.

251 4401 293 4467 (2)
313 4401 414 4460 Ibidem
426 4405 505 4474 agar.
934 4397 975 4466 (a)
996 4397 1209 4458 larsemensi.
