<?xml version="1.0" encoding="UTF-8"?>
<!DOCTYPE html PUBLIC "-//W3C//DTD XHTML 1.0 Transitional//EN"
    "http://www.w3.org/TR/xhtml1/DTD/xhtml1-transitional.dtd">
<html xmlns="http://www.w3.org/1999/xhtml" xml:lang="en" lang="en">
 <head>
  <title>
</title>
<meta http-equiv="Content-Type" content="text/html;charset=utf-8" />
  <meta name='ocr-system' content='tesseract 3.04.00' />
  <meta name='ocr-capabilities' content='ocr_page ocr_carea ocr_par ocr_line ocrx_word'/>
</head>
<body>
  <div class='ocr_page' id='page_1' title='image "./theologiaemoral03kenrgoog_0281.png"; bbox 0 0 3046 5262; ppageno 0'>
   <div class='ocr_carea' id='block_1_1' title="bbox 265 482 1176 558">
    <p class='ocr_par' dir='ltr' id='par_1_1' title="bbox 265 482 1176 558">
     <span class='ocr_line' id='line_1_1' title="bbox 265 482 1176 558; baseline -0.011 0"><span class='ocrx_word' id='word_1_1' title='bbox 265 501 327 558; x_wconf 72' lang='lat' dir='ltr'><strong>eet</strong></span> <span class='ocrx_word' id='word_1_2' title='bbox 448 482 510 554; x_wconf 70' lang='lat' dir='ltr'><strong>DE</strong></span> <span class='ocrx_word' id='word_1_3' title='bbox 526 489 791 552; x_wconf 64' lang='lat' dir='ltr'><strong>Poemenius</strong></span> <span class='ocrx_word' id='word_1_4' title='bbox 812 489 964 551; x_wconf 53' lang='lat' dir='ltr'><strong>otvilers</strong></span> <span class='ocrx_word' id='word_1_5' title='bbox 985 489 1176 550; x_wconf 80' lang='lat' dir='ltr'><strong>ORIGINE.</strong></span> 
     </span>
    </p>
   </div>
   <div class='ocr_carea' id='block_1_2' title="bbox 219 653 1391 3486">
    <p class='ocr_par' dir='ltr' id='par_1_2' title="bbox 266 653 1355 830">
     <span class='ocr_line' id='line_1_2' title="bbox 266 653 1355 738; baseline -0.006 -18"><span class='ocrx_word' id='word_1_6' title='bbox 266 661 400 738; x_wconf 75' lang='lat' dir='ltr'><strong>longaevi,</strong></span> <span class='ocrx_word' id='word_1_7' title='bbox 413 661 510 736; x_wconf 86' lang='lat' dir='ltr'><strong>ipsum</strong></span> <span class='ocrx_word' id='word_1_8' title='bbox 524 657 611 716; x_wconf 84' lang='lat' dir='ltr'><strong>clirna</strong></span> <span class='ocrx_word' id='word_1_9' title='bbox 621 654 736 728; x_wconf 85' lang='lat' dir='ltr'><strong>locique</strong></span> <span class='ocrx_word' id='word_1_10' title='bbox 749 656 819 714; x_wconf 85' lang='lat' dir='ltr'><strong>situs</strong></span> <span class='ocrx_word' id='word_1_11' title='bbox 834 674 866 713; x_wconf 86' lang='lat' dir='ltr'><strong>ao</strong></span> <span class='ocrx_word' id='word_1_12' title='bbox 878 665 976 714; x_wconf 83' lang='lat' dir='ltr'><strong>namra</strong></span> <span class='ocrx_word' id='word_1_13' title='bbox 995 653 1077 712; x_wconf 87' lang='lat' dir='ltr'><strong>aliam</strong></span> <span class='ocrx_word' id='word_1_14' title='bbox 1091 662 1175 727; x_wconf 86' lang='lat' dir='ltr'><strong>atque</strong></span> <span class='ocrx_word' id='word_1_15' title='bbox 1189 655 1275 714; x_wconf 86' lang='lat' dir='ltr'><strong>aliam</strong></span> <span class='ocrx_word' id='word_1_16' title='bbox 1289 656 1355 732; x_wconf 90' lang='lat' dir='ltr'><strong>pub·</strong></span> 
     </span>
     <span class='ocr_line' id='line_1_3' title="bbox 266 745 1095 830; baseline -0.01 -12"><span class='ocrx_word' id='word_1_17' title='bbox 266 761 328 818; x_wconf 80' lang='lat' dir='ltr'><strong>licre</strong></span> <span class='ocrx_word' id='word_1_18' title='bbox 340 759 381 816; x_wconf 88' lang='lat' dir='ltr'><strong>rei</strong></span> <span class='ocrx_word' id='word_1_19' title='bbox 394 757 602 816; x_wconf 75' lang='lat' dir='ltr'><strong>ordinationem</strong></span> <span class='ocrx_word' id='word_1_20' title='bbox 615 764 723 830; x_wconf 81' lang='lat' dir='ltr'><strong>poscat,</strong></span> <span class='ocrx_word' id='word_1_21' title='bbox 738 763 787 811; x_wconf 91' lang='lat' dir='ltr'><strong>aut</strong></span> <span class='ocrx_word' id='word_1_22' title='bbox 797 754 907 812; x_wconf 78' lang='lat' dir='ltr'>facilius</span> <span class='ocrx_word' id='word_1_23' title='bbox 921 745 1095 812; x_wconf 85' lang='lat' dir='ltr'><strong>admittat.”l</strong></span> 
     </span>
    </p>

    <p class='ocr_par' dir='ltr' id='par_1_3' title="bbox 266 852 1360 1718">
     <span class='ocr_line' id='line_1_4' title="bbox 305 852 1358 931; baseline -0.004 -17"><span class='ocrx_word' id='word_1_24' title='bbox 305 861 335 914; x_wconf 89' lang='grc'><strong>4.</strong></span> <span class='ocrx_word' id='word_1_25' title='bbox 356 856 526 914; x_wconf 80' lang='lat' dir='ltr'><strong>Monarchia</strong></span> <span class='ocrx_word' id='word_1_26' title='bbox 538 879 659 931; x_wconf 59' lang='lat' dir='ltr'><strong>pecccata</strong></span> <span class='ocrx_word' id='word_1_27' title='bbox 675 853 776 914; x_wconf 77' lang='lat' dir='ltr'><strong>dicium</strong></span> <span class='ocrx_word' id='word_1_28' title='bbox 794 854 879 912; x_wconf 89' lang='lat' dir='ltr'><strong>unius</strong></span> <span class='ocrx_word' id='word_1_29' title='bbox 897 854 1037 929; x_wconf 84' lang='lat' dir='ltr'><strong>regimen,</strong></span> <span class='ocrx_word' id='word_1_30' title='bbox 1050 852 1138 923; x_wconf 87' lang='lat' dir='ltr'><strong>quisi</strong></span> <span class='ocrx_word' id='word_1_31' title='bbox 1161 853 1250 928; x_wconf 87' lang='lat' dir='ltr'><strong>plena</strong></span> <span class='ocrx_word' id='word_1_32' title='bbox 1267 863 1358 928; x_wconf 85' lang='lat' dir='ltr'><strong>potes·</strong></span> 
     </span>
     <span class='ocr_line' id='line_1_5' title="bbox 267 947 1358 1027; baseline -0.005 -13"><span class='ocrx_word' id='word_1_33' title='bbox 267 965 331 1024; x_wconf 87' lang='lat' dir='ltr'><strong>tate,</strong></span> <span class='ocrx_word' id='word_1_34' title='bbox 345 955 424 1014; x_wconf 85' lang='lat' dir='ltr'><strong>nullo</strong></span> <span class='ocrx_word' id='word_1_35' title='bbox 444 953 534 1012; x_wconf 86' lang='lat' dir='ltr'><strong>limite</strong></span> <span class='ocrx_word' id='word_1_36' title='bbox 552 963 703 1021; x_wconf 82' lang='lat' dir='ltr'><strong>coarctata,</strong></span> <span class='ocrx_word' id='word_1_37' title='bbox 720 952 853 1027; x_wconf 85' lang='lat' dir='ltr'><strong>imperet,</strong></span> <span class='ocrx_word' id='word_1_38' title='bbox 867 950 1027 1009; x_wconf 87' lang='lat' dir='ltr'><strong>monarcha</strong></span> <span class='ocrx_word' id='word_1_39' title='bbox 1048 947 1205 1010; x_wconf 75' lang='lat' dir='ltr'><strong>absolutus</strong></span> <span class='ocrx_word' id='word_1_40' title='bbox 1228 961 1358 1009; x_wconf 87' lang='lat' dir='ltr'><strong>vocatur:</strong></span> 
     </span>
     <span class='ocr_line' id='line_1_6' title="bbox 268 1045 1357 1128; baseline -0.004 -16"><span class='ocrx_word' id='word_1_41' title='bbox 268 1055 362 1128; x_wconf 82' lang='lat' dir='ltr'><strong>qualis</strong></span> <span class='ocrx_word' id='word_1_42' title='bbox 378 1063 421 1112; x_wconf 85' lang='lat' dir='ltr'><strong>eet</strong></span> <span class='ocrx_word' id='word_1_43' title='bbox 440 1051 720 1118; x_wconf 66' lang='lat' dir='ltr'><strong>nonannoeane,</strong></span> <span class='ocrx_word' id='word_1_44' title='bbox 741 1051 787 1108; x_wconf 88' lang='lat' dir='ltr'><strong>vel</strong></span> <span class='ocrx_word' id='word_1_45' title='bbox 806 1051 965 1108; x_wconf 87' lang='lat' dir='ltr'><strong>Turcarnm</strong></span> <span class='ocrx_word' id='word_1_46' title='bbox 985 1045 1166 1123; x_wconf 70' lang='lat' dir='ltr'><strong>imperator.2</strong></span> <span class='ocrx_word' id='word_1_47' title='bbox 1208 1049 1357 1108; x_wconf 78' lang='lat' dir='ltr'><strong>Constitu·</strong></span> 
     </span>
     <span class='ocr_line' id='line_1_7' title="bbox 268 1145 1359 1227; baseline -0.006 -15"><span class='ocrx_word' id='word_1_48' title='bbox 268 1152 394 1212; x_wconf 72' lang='lat' dir='ltr'><strong>timelio</strong></span> <span class='ocrx_word' id='word_1_49' title='bbox 407 1151 571 1210; x_wconf 77' lang='lat' dir='ltr'>monarchia</span> <span class='ocrx_word' id='word_1_50' title='bbox 584 1151 747 1227; x_wconf 74' lang='lat' dir='ltr'><strong>designatur</strong></span> <span class='ocrx_word' id='word_1_51' title='bbox 766 1149 919 1226; x_wconf 85' lang='lat' dir='ltr'><strong>imperium</strong></span> <span class='ocrx_word' id='word_1_52' title='bbox 936 1145 1128 1204; x_wconf 84' lang='lat' dir='ltr'><strong>exercendum</strong></span> <span class='ocrx_word' id='word_1_53' title='bbox 1136 1147 1220 1222; x_wconf 86' lang='lat' dir='ltr'><strong>juxta</strong></span> <span class='ocrx_word' id='word_1_54' title='bbox 1232 1149 1312 1225; x_wconf 84' lang='lat' dir='ltr'><strong>leges</strong></span> <span class='ocrx_word' id='word_1_55' title='bbox 1331 1158 1359 1206; x_wconf 88' lang='lat' dir='ltr'><strong>et</strong></span> 
     </span>
     <span class='ocr_line' id='line_1_8' title="bbox 268 1243 1359 1326; baseline -0.004 -17"><span class='ocrx_word' id='word_1_56' title='bbox 268 1254 342 1310; x_wconf 86' lang='lat' dir='ltr'><strong>intra</strong></span> <span class='ocrx_word' id='word_1_57' title='bbox 353 1251 457 1308; x_wconf 85' lang='lat' dir='ltr'><strong>limites</strong></span> <span class='ocrx_word' id='word_1_58' title='bbox 478 1250 582 1326; x_wconf 81' lang='lat' dir='ltr'><strong>scripta</strong></span> <span class='ocrx_word' id='word_1_59' title='bbox 594 1247 809 1316; x_wconf 75' lang='lat' dir='ltr'><strong>constitutione</strong></span> <span class='ocrx_word' id='word_1_60' title='bbox 828 1247 968 1305; x_wconf 85' lang='lat' dir='ltr'><strong>definitos.</strong></span> <span class='ocrx_word' id='word_1_61' title='bbox 1002 1243 1189 1322; x_wconf 82' lang='lat' dir='ltr'><strong>&#39;Hujuemodi</strong></span> <span class='ocrx_word' id='word_1_62' title='bbox 1209 1256 1252 1303; x_wconf 89' lang='lat' dir='ltr'><strong>est</strong></span> <span class='ocrx_word' id='word_1_63' title='bbox 1270 1247 1359 1305; x_wconf 84' lang='lat' dir='ltr'><strong>Galli·</strong></span> 
     </span>
     <span class='ocr_line' id='line_1_9' title="bbox 266 1345 1359 1424; baseline -0.002 -18"><span class='ocrx_word' id='word_1_64' title='bbox 266 1367 335 1408; x_wconf 87' lang='lat' dir='ltr'><strong>oum·</strong></span> <span class='ocrx_word' id='word_1_65' title='bbox 358 1347 526 1406; x_wconf 87' lang='lat' dir='ltr'><strong>hodiernum</strong></span> <span class='ocrx_word' id='word_1_66' title='bbox 548 1349 711 1424; x_wconf 88' lang='lat' dir='ltr'><strong>imperium.</strong></span> <span class='ocrx_word' id='word_1_67' title='bbox 752 1345 1359 1422; x_wconf 74' lang='lat' dir='ltr'><strong>Aristocratia--dnccoeooac-optimamm</strong></span> 
     </span>
     <span class='ocr_line' id='line_1_10' title="bbox 267 1444 1359 1522; baseline -0.002 -18"><span class='ocrx_word' id='word_1_68' title='bbox 267 1447 420 1506; x_wconf 88' lang='lat' dir='ltr'><strong>concilium</strong></span> <span class='ocrx_word' id='word_1_69' title='bbox 434 1454 463 1502; x_wconf 87' lang='lat' dir='ltr'><strong>et</strong></span> <span class='ocrx_word' id='word_1_70' title='bbox 478 1455 602 1521; x_wconf 85' lang='lat' dir='ltr'><strong>potestas</strong></span> <span class='ocrx_word' id='word_1_71' title='bbox 622 1455 674 1504; x_wconf 80' lang='lat' dir='ltr'><strong>ert.</strong></span> <span class='ocrx_word' id='word_1_72' title='bbox 717 1444 1178 1522; x_wconf 67' lang='lat' dir='ltr'><strong>Democratia-tqpezpoaew-est</strong></span> <span class='ocrx_word' id='word_1_73' title='bbox 1197 1445 1300 1520; x_wconf 89' lang='lat' dir='ltr'><strong>populi</strong></span> <span class='ocrx_word' id='word_1_74' title='bbox 1318 1463 1359 1502; x_wconf 90' lang='lat' dir='ltr'><strong>re·</strong></span> 
     </span>
     <span class='ocr_line' id='line_1_11' title="bbox 268 1541 1360 1622; baseline -0.002 -20"><span class='ocrx_word' id='word_1_75' title='bbox 268 1547 375 1622; x_wconf 74' lang='lat' dir='ltr'><strong>gluten,</strong></span> <span class='ocrx_word' id='word_1_76' title='bbox 397 1561 530 1620; x_wconf 85' lang='lat' dir='ltr'><strong>suprema</strong></span> <span class='ocrx_word' id='word_1_77' title='bbox 550 1553 686 1619; x_wconf 71' lang='lat' dir='ltr'><strong>potestate</strong></span> <span class='ocrx_word' id='word_1_78' title='bbox 708 1544 784 1618; x_wconf 88' lang='lat' dir='ltr'><strong>apud</strong></span> <span class='ocrx_word' id='word_1_79' title='bbox 806 1562 871 1600; x_wconf 89' lang='lat' dir='ltr'><strong>eum</strong></span> <span class='ocrx_word' id='word_1_80' title='bbox 895 1552 1012 1601; x_wconf 83' lang='lat' dir='ltr'><strong>retenta.</strong></span> <span class='ocrx_word' id='word_1_81' title='bbox 1055 1544 1126 1610; x_wconf 75' lang='lat' dir='ltr'><strong>Qum</strong></span> <span class='ocrx_word' id='word_1_82' title='bbox 1152 1541 1228 1618; x_wconf 88' lang='lat' dir='ltr'><strong>apud</strong></span> <span class='ocrx_word' id='word_1_83' title='bbox 1251 1543 1360 1619; x_wconf 79' lang='lat' dir='ltr'><strong>Anglos</strong></span> 
     </span>
     <span class='ocr_line' id='line_1_12' title="bbox 268 1640 1360 1718; baseline -0.003 -17"><span class='ocrx_word' id='word_1_84' title='bbox 268 1644 375 1701; x_wconf 87' lang='lat' dir='ltr'><strong>obtinet</strong></span> <span class='ocrx_word' id='word_1_85' title='bbox 392 1641 538 1716; x_wconf 83' lang='lat' dir='ltr'><strong>regiminis</strong></span> <span class='ocrx_word' id='word_1_86' title='bbox 558 1640 657 1708; x_wconf 83' lang='lat' dir='ltr'><strong>forma,</strong></span> <span class='ocrx_word' id='word_1_87' title='bbox 677 1649 933 1716; x_wconf 74' lang='lat' dir='ltr'><strong>temperamentum</strong></span> <span class='ocrx_word' id='word_1_88' title='bbox 954 1641 1097 1714; x_wconf 82' lang='lat' dir='ltr'><strong>quoddam</strong></span> <span class='ocrx_word' id='word_1_89' title='bbox 1118 1650 1162 1699; x_wconf 86' lang='lat' dir='ltr'><strong>eet</strong></span> <span class='ocrx_word' id='word_1_90' title='bbox 1182 1659 1220 1698; x_wconf 87' lang='lat' dir='ltr'><strong>ex</strong></span> <span class='ocrx_word' id='word_1_91' title='bbox 1241 1642 1360 1718; x_wconf 80' lang='lat' dir='ltr'><strong>singulis</strong></span> 
     </span>
    </p>

    <p class='ocr_par' dir='ltr' id='par_1_4' title="bbox 219 1737 1391 1816">
     <span class='ocr_line' id='line_1_13' title="bbox 219 1737 1391 1816; baseline -0.003 -16"><span class='ocrx_word' id='word_1_92' title='bbox 219 1775 225 1788; x_wconf 90' lang='lat'><strong>·</strong></span> <span class='ocrx_word' id='word_1_93' title='bbox 266 1739 366 1800; x_wconf 80' lang='lat' dir='ltr'><strong>formis</strong></span> <span class='ocrx_word' id='word_1_94' title='bbox 379 1737 553 1808; x_wconf 78' lang='lat' dir='ltr'><strong>coalescens,</strong></span> <span class='ocrx_word' id='word_1_95' title='bbox 568 1758 633 1798; x_wconf 87' lang='lat' dir='ltr'><strong>nam</strong></span> <span class='ocrx_word' id='word_1_96' title='bbox 650 1755 702 1797; x_wconf 82' lang='lat' dir='ltr'><strong>rex</strong></span> <span class='ocrx_word' id='word_1_97' title='bbox 722 1759 867 1799; x_wconf 87' lang='lat' dir='ltr'><strong>summum</strong></span> <span class='ocrx_word' id='word_1_98' title='bbox 886 1749 962 1800; x_wconf 89' lang='lat' dir='ltr'><strong>tenet</strong></span> <span class='ocrx_word' id='word_1_99' title='bbox 982 1741 1145 1814; x_wconf 88' lang='lat' dir='ltr'><strong>imperium,</strong></span> <span class='ocrx_word' id='word_1_100' title='bbox 1168 1749 1197 1796; x_wconf 92' lang='lat' dir='ltr'><strong>et</strong></span> <span class='ocrx_word' id='word_1_101' title='bbox 1217 1740 1360 1816; x_wconf 86' lang='lat' dir='ltr'><strong>legibusa</strong></span> <span class='ocrx_word' id='word_1_102' title='bbox 1383 1755 1391 1786; x_wconf 67' lang='lat' dir='ltr'><strong>t</strong></span> 
     </span>
    </p>

    <p class='ocr_par' dir='ltr' id='par_1_5' title="bbox 268 1836 1362 3486">
     <span class='ocr_line' id='line_1_14' title="bbox 268 1836 1358 1916; baseline -0.001 -20"><span class='ocrx_word' id='word_1_103' title='bbox 268 1848 368 1898; x_wconf 83' lang='lat' dir='ltr'><strong>senatu</strong></span> <span class='ocrx_word' id='word_1_104' title='bbox 395 1836 459 1896; x_wconf 86' lang='lat' dir='ltr'><strong>latis</strong></span> <span class='ocrx_word' id='word_1_105' title='bbox 478 1839 537 1896; x_wconf 86' lang='lat' dir='ltr'><strong>vim</strong></span> <span class='ocrx_word' id='word_1_106' title='bbox 564 1839 659 1897; x_wconf 82' lang='lat' dir='ltr'><strong>tribuit</strong></span> <span class='ocrx_word' id='word_1_107' title='bbox 679 1838 877 1898; x_wconf 77' lang='lat' dir='ltr'><strong>assentiendo:</strong></span> <span class='ocrx_word' id='word_1_108' title='bbox 899 1840 950 1897; x_wconf 89' lang='lat' dir='ltr'><strong>sed</strong></span> <span class='ocrx_word' id='word_1_109' title='bbox 969 1839 1108 1897; x_wconf 85' lang='lat' dir='ltr'><strong>limitibus</strong></span> <span class='ocrx_word' id='word_1_110' title='bbox 1127 1848 1276 1896; x_wconf 87' lang='lat' dir='ltr'><strong>coercetur</strong></span> <span class='ocrx_word' id='word_1_111' title='bbox 1297 1841 1358 1916; x_wconf 88' lang='lat' dir='ltr'><strong>ejus</strong></span> 
     </span>
     <span class='ocr_line' id='line_1_15' title="bbox 269 1937 1359 2015; baseline -0.002 -19"><span class='ocrx_word' id='word_1_112' title='bbox 269 1946 405 2015; x_wconf 81' lang='lat' dir='ltr'><strong>potestas,</strong></span> <span class='ocrx_word' id='word_1_113' title='bbox 419 1938 518 2010; x_wconf 89' lang='lat' dir='ltr'><strong>nequit</strong></span> <span class='ocrx_word' id='word_1_114' title='bbox 530 1939 607 1996; x_wconf 89' lang='lat' dir='ltr'><strong>euim</strong></span> <span class='ocrx_word' id='word_1_115' title='bbox 621 1938 731 2015; x_wconf 83' lang='lat' dir='ltr'><strong>legibus</strong></span> <span class='ocrx_word' id='word_1_116' title='bbox 751 1937 895 2014; x_wconf 80' lang='lat' dir='ltr'><strong>derogare.</strong></span> <span class='ocrx_word' id='word_1_117' title='bbox 937 1938 1117 2013; x_wconf 85' lang='lat' dir='ltr'><strong>Optimatum</strong></span> <span class='ocrx_word' id='word_1_118' title='bbox 1129 1938 1285 1996; x_wconf 86' lang='lat' dir='ltr'><strong>concilium</strong></span> <span class='ocrx_word' id='word_1_119' title='bbox 1299 1956 1359 1994; x_wconf 90' lang='lat' dir='ltr'><strong>auc·</strong></span> 
     </span>
     <span class='ocr_line' id='line_1_16' title="bbox 269 2035 1359 2112; baseline -0.002 -18"><span class='ocrx_word' id='word_1_120' title='bbox 269 2038 377 2094; x_wconf 85' lang='lat' dir='ltr'><strong>toritate</strong></span> <span class='ocrx_word' id='word_1_121' title='bbox 397 2043 426 2092; x_wconf 87' lang='lat' dir='ltr'><strong>et</strong></span> <span class='ocrx_word' id='word_1_122' title='bbox 438 2036 526 2111; x_wconf 77' lang='lat' dir='ltr'><strong>gratia</strong></span> <span class='ocrx_word' id='word_1_123' title='bbox 537 2036 692 2111; x_wconf 89' lang='lat' dir='ltr'><strong>plurimum</strong></span> <span class='ocrx_word' id='word_1_124' title='bbox 712 2037 794 2094; x_wconf 88' lang='lat' dir='ltr'><strong>valet.</strong></span> <span class='ocrx_word' id='word_1_125' title='bbox 836 2037 965 2112; x_wconf 88' lang='lat' dir='ltr'><strong>Populus</strong></span> <span class='ocrx_word' id='word_1_126' title='bbox 986 2038 1045 2093; x_wconf 80' lang='lat' dir='ltr'><strong>suia</strong></span> <span class='ocrx_word' id='word_1_127' title='bbox 1059 2035 1203 2112; x_wconf 78' lang='lat' dir='ltr'><strong>suffragiis</strong></span> <span class='ocrx_word' id='word_1_128' title='bbox 1216 2037 1299 2112; x_wconf 83' lang='lat' dir='ltr'><strong>eligit</strong></span> <span class='ocrx_word' id='word_1_129' title='bbox 1311 2055 1359 2094; x_wconf 86' lang='lat' dir='ltr'><strong>eos</strong></span> 
     </span>
     <span class='ocr_line' id='line_1_17' title="bbox 268 2134 1358 2211; baseline 0.003 -21"><span class='ocrx_word' id='word_1_130' title='bbox 268 2134 317 2205; x_wconf 89' lang='lat' dir='ltr'><strong>qui</strong></span> <span class='ocrx_word' id='word_1_131' title='bbox 330 2151 397 2190; x_wconf 79' lang='lat' dir='ltr'><strong>suae</strong></span> <span class='ocrx_word' id='word_1_132' title='bbox 409 2141 473 2209; x_wconf 82' lang='lat' dir='ltr'><strong>aget</strong></span> <span class='ocrx_word' id='word_1_133' title='bbox 484 2141 578 2207; x_wconf 80' lang='lat' dir='ltr'><strong>partes</strong></span> <span class='ocrx_word' id='word_1_134' title='bbox 591 2135 621 2192; x_wconf 91' lang='lat' dir='ltr'><strong>in</strong></span> <span class='ocrx_word' id='word_1_135' title='bbox 634 2143 708 2194; x_wconf 80' lang='lat' dir='ltr'><strong>oratu</strong></span> <span class='ocrx_word' id='word_1_136' title='bbox 721 2134 817 2202; x_wconf 87' lang='lat' dir='ltr'><strong>altero,</strong></span> <span class='ocrx_word' id='word_1_137' title='bbox 832 2153 869 2192; x_wconf 79' lang='lat' dir='ltr'><strong>ex</strong></span> <span class='ocrx_word' id='word_1_138' title='bbox 882 2153 940 2207; x_wconf 89' lang='lat' dir='ltr'><strong>quo</strong></span> <span class='ocrx_word' id='word_1_139' title='bbox 952 2135 1033 2211; x_wconf 85' lang='lat' dir='ltr'><strong>leges</strong></span> <span class='ocrx_word' id='word_1_140' title='bbox 1046 2134 1081 2192; x_wconf 91' lang='lat' dir='ltr'><strong>de</strong></span> <span class='ocrx_word' id='word_1_141' title='bbox 1092 2136 1203 2192; x_wconf 86' lang='lat' dir='ltr'><strong>tributis</strong></span> <span class='ocrx_word' id='word_1_142' title='bbox 1214 2135 1358 2194; x_wconf 75' lang='lat' dir='ltr'><strong>solvendis</strong></span> 
     </span>
     <span class='ocr_line' id='line_1_18' title="bbox 268 2231 1362 2310; baseline 0.001 -21"><span class='ocrx_word' id='word_1_143' title='bbox 268 2232 408 2309; x_wconf 80' lang='lat' dir='ltr'><strong>originem</strong></span> <span class='ocrx_word' id='word_1_144' title='bbox 421 2231 525 2289; x_wconf 86' lang='lat' dir='ltr'><strong>ducant</strong></span> <span class='ocrx_word' id='word_1_145' title='bbox 536 2241 658 2309; x_wconf 84' lang='lat' dir='ltr'><strong>oportet.</strong></span> <span class='ocrx_word' id='word_1_146' title='bbox 699 2232 785 2290; x_wconf 86' lang='lat' dir='ltr'><strong>Hanc</strong></span> <span class='ocrx_word' id='word_1_147' title='bbox 798 2233 885 2290; x_wconf 82' lang='lat' dir='ltr'><strong>veluti</strong></span> <span class='ocrx_word' id='word_1_148' title='bbox 897 2235 1160 2309; x_wconf 76' lang='lat' dir='ltr'><strong>praestantissimam</strong></span> <span class='ocrx_word' id='word_1_149' title='bbox 1173 2243 1202 2290; x_wconf 89' lang='lat' dir='ltr'><strong>et</strong></span> <span class='ocrx_word' id='word_1_150' title='bbox 1214 2233 1362 2310; x_wconf 72' lang='lat' dir='ltr'><strong>perfectis«</strong></span> 
     </span>
     <span class='ocr_line' id='line_1_19' title="bbox 269 2327 1359 2408; baseline 0.006 -24"><span class='ocrx_word' id='word_1_151' title='bbox 269 2331 371 2388; x_wconf 84' lang='lat' dir='ltr'><strong>simam</strong></span> <span class='ocrx_word' id='word_1_152' title='bbox 384 2331 531 2408; x_wconf 79' lang='lat' dir='ltr'><strong>regiminis</strong></span> <span class='ocrx_word' id='word_1_153' title='bbox 543 2329 662 2388; x_wconf 85' lang='lat' dir='ltr'><strong>formam</strong></span> <span class='ocrx_word' id='word_1_154' title='bbox 676 2332 769 2389; x_wconf 86' lang='lat' dir='ltr'><strong>verbis</strong></span> <span class='ocrx_word' id='word_1_155' title='bbox 782 2332 912 2408; x_wconf 87' lang='lat' dir='ltr'><strong>plurimis</strong></span> <span class='ocrx_word' id='word_1_156' title='bbox 928 2331 1011 2390; x_wconf 86' lang='lat' dir='ltr'><strong>effert</strong></span> <span class='ocrx_word' id='word_1_157' title='bbox 1029 2327 1258 2400; x_wconf 53' lang='lat' dir='ltr'><strong>Blmkstoniusf</strong></span> <span class='ocrx_word' id='word_1_158' title='bbox 1278 2331 1359 2390; x_wconf 78' lang='lat' dir='ltr'><strong>Cice·</strong></span> 
     </span>
     <span class='ocr_line' id='line_1_20' title="bbox 269 2427 1360 2506; baseline 0.002 -20"><span class='ocrx_word' id='word_1_159' title='bbox 269 2430 347 2486; x_wconf 89' lang='lat' dir='ltr'><strong>ronis</strong></span> <span class='ocrx_word' id='word_1_160' title='bbox 361 2429 446 2486; x_wconf 87' lang='lat' dir='ltr'><strong>nixus</strong></span> <span class='ocrx_word' id='word_1_161' title='bbox 456 2429 627 2495; x_wconf 84' lang='lat' dir='ltr'><strong>auctoritate,</strong></span> <span class='ocrx_word' id='word_1_162' title='bbox 642 2429 691 2500; x_wconf 91' lang='lat' dir='ltr'><strong>qui</strong></span> <span class='ocrx_word' id='word_1_163' title='bbox 704 2427 787 2485; x_wconf 89' lang='lat' dir='ltr'><strong>docet</strong></span> <span class='ocrx_word' id='word_1_164' title='bbox 806 2437 825 2465; x_wconf 78' lang='lat'><strong>‘⁸</strong></span> <span class='ocrx_word' id='word_1_165' title='bbox 837 2445 901 2486; x_wconf 86' lang='lat' dir='ltr'><strong>esse</strong></span> <span class='ocrx_word' id='word_1_166' title='bbox 914 2432 1021 2506; x_wconf 89' lang='lat' dir='ltr'><strong>optime</strong></span> <span class='ocrx_word' id='word_1_167' title='bbox 1035 2432 1217 2489; x_wconf 79' lang='lat' dir='ltr'><strong>constitutam</strong></span> <span class='ocrx_word' id='word_1_168' title='bbox 1228 2432 1360 2506; x_wconf 87' lang='lat' dir='ltr'><strong>rempub·</strong></span> 
     </span>
     <span class='ocr_line' id='line_1_21' title="bbox 268 2525 1359 2605; baseline 0 -21"><span class='ocrx_word' id='word_1_169' title='bbox 268 2525 365 2592; x_wconf 81' lang='lat' dir='ltr'><strong>licam,</strong></span> <span class='ocrx_word' id='word_1_170' title='bbox 379 2544 442 2600; x_wconf 78' lang='lat' dir='ltr'><strong>quae</strong></span> <span class='ocrx_word' id='word_1_171' title='bbox 455 2543 493 2584; x_wconf 85' lang='lat' dir='ltr'><strong>ert</strong></span> <span class='ocrx_word' id='word_1_172' title='bbox 506 2525 593 2582; x_wconf 82' lang='lat' dir='ltr'><strong>tribus</strong></span> <span class='ocrx_word' id='word_1_173' title='bbox 607 2525 757 2601; x_wconf 78' lang='lat' dir='ltr'><strong>generibus</strong></span> <span class='ocrx_word' id='word_1_174' title='bbox 777 2525 844 2594; x_wconf 87' lang='lat' dir='ltr'><strong>illis,</strong></span> <span class='ocrx_word' id='word_1_175' title='bbox 864 2529 963 2602; x_wconf 78' lang='lat' dir='ltr'><strong>regali,</strong></span> <span class='ocrx_word' id='word_1_176' title='bbox 984 2529 1103 2605; x_wconf 89' lang='lat' dir='ltr'><strong>optimo,</strong></span> <span class='ocrx_word' id='word_1_177' title='bbox 1124 2538 1152 2585; x_wconf 88' lang='lat' dir='ltr'><strong>et</strong></span> <span class='ocrx_word' id='word_1_178' title='bbox 1170 2529 1310 2604; x_wconf 90' lang='lat' dir='ltr'><strong>populari,</strong></span> <span class='ocrx_word' id='word_1_179' title='bbox 1324 2529 1359 2585; x_wconf 87' lang='lat' dir='ltr'><strong>sit</strong></span> 
     </span>
     <span class='ocr_line' id='line_1_22' title="bbox 269 2615 1357 2700; baseline 0.002 -18"><span class='ocrx_word' id='word_1_180' title='bbox 269 2623 381 2684; x_wconf 87' lang='lat' dir='ltr'><strong>modice</strong></span> <span class='ocrx_word' id='word_1_181' title='bbox 395 2615 560 2683; x_wconf 72' lang='lat' dir='ltr'><strong>oonlrrsa.”⁴</strong></span> <span class='ocrx_word' id='word_1_182' title='bbox 599 2623 646 2680; x_wconf 82' lang='lat' dir='ltr'><strong>Ad</strong></span> <span class='ocrx_word' id='word_1_183' title='bbox 658 2623 859 2682; x_wconf 74' lang='lat' dir='ltr'><strong>democratiam</strong></span> <span class='ocrx_word' id='word_1_184' title='bbox 872 2626 962 2700; x_wconf 81' lang='lat' dir='ltr'><strong>magis</strong></span> <span class='ocrx_word' id='word_1_185' title='bbox 976 2627 1085 2684; x_wconf 85' lang='lat' dir='ltr'><strong>aceedit</strong></span> <span class='ocrx_word' id='word_1_186' title='bbox 1097 2627 1260 2684; x_wconf 74' lang='lat' dir='ltr'><strong>concamio</strong></span> <span class='ocrx_word' id='word_1_187' title='bbox 1274 2627 1357 2684; x_wconf 77' lang='lat' dir='ltr'><strong>Arne</strong></span> 
     </span>
     <span class='ocr_line' id='line_1_23' title="bbox 268 2721 1357 2803; baseline 0.003 -25"><span class='ocrx_word' id='word_1_188' title='bbox 268 2723 373 2792; x_wconf 87' lang='lat' dir='ltr'><strong>ricana,</strong></span> <span class='ocrx_word' id='word_1_189' title='bbox 397 2741 460 2796; x_wconf 78' lang='lat' dir='ltr'><strong>que</strong></span> <span class='ocrx_word' id='word_1_190' title='bbox 480 2732 576 2781; x_wconf 89' lang='lat' dir='ltr'><strong>tamen</strong></span> <span class='ocrx_word' id='word_1_191' title='bbox 596 2723 725 2798; x_wconf 81' lang='lat' dir='ltr'><strong>regimen</strong></span> <span class='ocrx_word' id='word_1_192' title='bbox 740 2721 928 2803; x_wconf 82' lang='lat' dir='ltr'><strong>soederutum</strong></span> <span class='ocrx_word' id='word_1_193' title='bbox 944 2725 1049 2792; x_wconf 82' lang='lat' dir='ltr'><strong>statuit,</strong></span> <span class='ocrx_word' id='word_1_194' title='bbox 1072 2723 1150 2798; x_wconf 93' lang='lat' dir='ltr'><strong>quod</strong></span> <span class='ocrx_word' id='word_1_195' title='bbox 1169 2742 1207 2781; x_wconf 88' lang='lat' dir='ltr'><strong>ex</strong></span> <span class='ocrx_word' id='word_1_196' title='bbox 1228 2725 1357 2782; x_wconf 73' lang='lat' dir='ltr'><strong>Statium</strong></span> 
     </span>
     <span class='ocr_line' id='line_1_24' title="bbox 269 2814 1357 2899; baseline 0.002 -23"><span class='ocrx_word' id='word_1_197' title='bbox 269 2820 448 2896; x_wconf 79' lang='lat' dir='ltr'><strong>singulorum</strong></span> <span class='ocrx_word' id='word_1_198' title='bbox 460 2821 566 2878; x_wconf 81' lang='lat' dir='ltr'><strong>foedere</strong></span> <span class='ocrx_word' id='word_1_199' title='bbox 580 2828 609 2877; x_wconf 91' lang='lat' dir='ltr'><strong>et</strong></span> <span class='ocrx_word' id='word_1_200' title='bbox 626 2823 812 2880; x_wconf 78' lang='lat' dir='ltr'><strong>concessione</strong></span> <span class='ocrx_word' id='word_1_201' title='bbox 826 2814 973 2880; x_wconf 83' lang='lat' dir='ltr'><strong>nascimr.⁵</strong></span> <span class='ocrx_word' id='word_1_202' title='bbox 1013 2822 1109 2880; x_wconf 77' lang='lat' dir='ltr'><strong>status</strong></span> <span class='ocrx_word' id='word_1_203' title='bbox 1119 2822 1224 2899; x_wconf 79' lang='lat' dir='ltr'><strong>singuli</strong></span> <span class='ocrx_word' id='word_1_204' title='bbox 1233 2824 1357 2898; x_wconf 88' lang='lat' dir='ltr'><strong>supremi</strong></span> 
     </span>
     <span class='ocr_line' id='line_1_25' title="bbox 268 2917 1357 2995; baseline 0.004 -23"><span class='ocrx_word' id='word_1_205' title='bbox 268 2925 344 2982; x_wconf 86' lang='lat' dir='ltr'><strong>eunt,</strong></span> <span class='ocrx_word' id='word_1_206' title='bbox 359 2927 388 2974; x_wconf 90' lang='lat' dir='ltr'><strong>et</strong></span> <span class='ocrx_word' id='word_1_207' title='bbox 400 2917 605 2990; x_wconf 82' lang='lat' dir='ltr'><strong>amplissimam</strong></span> <span class='ocrx_word' id='word_1_208' title='bbox 620 2918 674 2974; x_wconf 89' lang='lat' dir='ltr'><strong>sibi</strong></span> <span class='ocrx_word' id='word_1_209' title='bbox 687 2919 831 2976; x_wconf 87' lang='lat' dir='ltr'><strong>vindicant</strong></span> <span class='ocrx_word' id='word_1_210' title='bbox 848 2927 1015 2995; x_wconf 86' lang='lat' dir='ltr'><strong>potestatem</strong></span> <span class='ocrx_word' id='word_1_211' title='bbox 1035 2921 1066 2978; x_wconf 92' lang='lat' dir='ltr'><strong>in</strong></span> <span class='ocrx_word' id='word_1_212' title='bbox 1085 2921 1168 2978; x_wconf 89' lang='lat' dir='ltr'><strong>rebus</strong></span> <span class='ocrx_word' id='word_1_213' title='bbox 1188 2922 1249 2978; x_wconf 88' lang='lat' dir='ltr'><strong>suis</strong></span> <span class='ocrx_word' id='word_1_214' title='bbox 1263 2920 1357 2979; x_wconf 90' lang='lat' dir='ltr'><strong>mode·</strong></span> 
     </span>
     <span class='ocr_line' id='line_1_26' title="bbox 268 3009 1357 3090; baseline 0.004 -21"><span class='ocrx_word' id='word_1_215' title='bbox 268 3009 373 3079; x_wconf 85' lang='lat' dir='ltr'><strong>randis,</strong></span> <span class='ocrx_word' id='word_1_216' title='bbox 387 3029 507 3083; x_wconf 86' lang='lat' dir='ltr'><strong>querum</strong></span> <span class='ocrx_word' id='word_1_217' title='bbox 527 3031 595 3070; x_wconf 88' lang='lat' dir='ltr'><strong>cura</strong></span> <span class='ocrx_word' id='word_1_218' title='bbox 616 3031 633 3069; x_wconf 87' lang='lat' dir='ltr'><strong>a</strong></span> <span class='ocrx_word' id='word_1_219' title='bbox 652 3015 759 3090; x_wconf 92' lang='lat' dir='ltr'><strong>populo</strong></span> <span class='ocrx_word' id='word_1_220' title='bbox 779 3016 966 3076; x_wconf 84' lang='lat' dir='ltr'><strong>demandatur</strong></span> <span class='ocrx_word' id='word_1_221' title='bbox 985 3018 1186 3086; x_wconf 79' lang='lat' dir='ltr'><strong>Gubernatori,</strong></span> <span class='ocrx_word' id='word_1_222' title='bbox 1200 3019 1357 3077; x_wconf 73' lang='lat' dir='ltr'><strong>Sananda</strong></span> 
     </span>
     <span class='ocr_line' id='line_1_27' title="bbox 268 3109 1357 3194; baseline 0.008 -29"><span class='ocrx_word' id='word_1_223' title='bbox 268 3109 355 3166; x_wconf 86' lang='lat' dir='ltr'><strong>coetui</strong></span> <span class='ocrx_word' id='word_1_224' title='bbox 367 3125 466 3166; x_wconf 87' lang='lat' dir='ltr'><strong>eorum</strong></span> <span class='ocrx_word' id='word_1_225' title='bbox 480 3111 529 3183; x_wconf 91' lang='lat' dir='ltr'><strong>qui</strong></span> <span class='ocrx_word' id='word_1_226' title='bbox 543 3117 788 3188; x_wconf 77' lang='lat' dir='ltr'><strong>repraesentantes</strong></span> <span class='ocrx_word' id='word_1_227' title='bbox 808 3113 950 3184; x_wconf 85' lang='lat' dir='ltr'><strong>dicuntur,</strong></span> <span class='ocrx_word' id='word_1_228' title='bbox 964 3135 1084 3189; x_wconf 87' lang='lat' dir='ltr'><strong>quorum</strong></span> <span class='ocrx_word' id='word_1_229' title='bbox 1103 3118 1255 3194; x_wconf 81' lang='lat' dir='ltr'><strong>conjuncta</strong></span> <span class='ocrx_word' id='word_1_230' title='bbox 1268 3125 1357 3175; x_wconf 84' lang='lat' dir='ltr'><strong>aucto</strong></span> 
     </span>
     <span class='ocr_line' id='line_1_28' title="bbox 269 3206 1355 3288; baseline 0.006 -24"><span class='ocrx_word' id='word_1_231' title='bbox 269 3206 350 3264; x_wconf 84' lang='lat' dir='ltr'><strong>ritate</strong></span> <span class='ocrx_word' id='word_1_232' title='bbox 363 3207 489 3268; x_wconf 78' lang='lat' dir='ltr'><strong>feruntur</strong></span> <span class='ocrx_word' id='word_1_233' title='bbox 501 3209 590 3286; x_wconf 81' lang='lat' dir='ltr'><strong>leges,</strong></span> <span class='ocrx_word' id='word_1_234' title='bbox 604 3219 632 3267; x_wconf 89' lang='lat' dir='ltr'><strong>et</strong></span> <span class='ocrx_word' id='word_1_235' title='bbox 643 3213 854 3288; x_wconf 81' lang='lat' dir='ltr'><strong>magistratibus</strong></span> <span class='ocrx_word' id='word_1_236' title='bbox 868 3214 918 3287; x_wconf 92' lang='lat' dir='ltr'><strong>qui</strong></span> <span class='ocrx_word' id='word_1_237' title='bbox 937 3233 985 3272; x_wconf 89' lang='lat' dir='ltr'><strong>eas</strong></span> <span class='ocrx_word' id='word_1_238' title='bbox 1004 3217 1166 3274; x_wconf 83' lang='lat' dir='ltr'><strong>executioni</strong></span> <span class='ocrx_word' id='word_1_239' title='bbox 1179 3215 1355 3274; x_wconf 87' lang='lat' dir='ltr'><strong>demandant</strong></span> 
     </span>
     <span class='ocr_line' id='line_1_29' title="bbox 268 3306 1354 3390; baseline 0.012 -26"><span class='ocrx_word' id='word_1_240' title='bbox 268 3306 340 3372; x_wconf 76' lang='lat' dir='ltr'><strong>Qua</strong></span> <span class='ocrx_word' id='word_1_241' title='bbox 354 3306 482 3384; x_wconf 90' lang='lat' dir='ltr'><strong>pluribus</strong></span> <span class='ocrx_word' id='word_1_242' title='bbox 495 3308 638 3384; x_wconf 85' lang='lat' dir='ltr'><strong>suffragiis</strong></span> <span class='ocrx_word' id='word_1_243' title='bbox 652 3310 773 3369; x_wconf 76' lang='lat' dir='ltr'><strong>Serranis</strong></span> <span class='ocrx_word' id='word_1_244' title='bbox 784 3322 812 3371; x_wconf 90' lang='lat' dir='ltr'><strong>et</strong></span> <span class='ocrx_word' id='word_1_245' title='bbox 824 3321 913 3371; x_wconf 86' lang='lat' dir='ltr'><strong>coetus</strong></span> <span class='ocrx_word' id='word_1_246' title='bbox 921 3315 1182 3390; x_wconf 84' lang='lat' dir='ltr'><strong>repraeeentantium</strong></span> <span class='ocrx_word' id='word_1_247' title='bbox 1195 3315 1354 3390; x_wconf 72' lang='lat' dir='ltr'><strong>probantur,</strong></span> 
     </span>
     <span class='ocr_line' id='line_1_30' title="bbox 268 3405 1355 3486; baseline 0.006 -23"><span class='ocrx_word' id='word_1_248' title='bbox 268 3407 328 3465; x_wconf 83' lang='lat' dir='ltr'><strong>vim</strong></span> <span class='ocrx_word' id='word_1_249' title='bbox 341 3405 445 3464; x_wconf 86' lang='lat' dir='ltr'><strong>habent</strong></span> <span class='ocrx_word' id='word_1_250' title='bbox 456 3408 539 3484; x_wconf 83' lang='lat' dir='ltr'><strong>legis,</strong></span> <span class='ocrx_word' id='word_1_251' title='bbox 560 3407 710 3468; x_wconf 87' lang='lat' dir='ltr'><strong>accedente</strong></span> <span class='ocrx_word' id='word_1_252' title='bbox 724 3410 931 3470; x_wconf 83' lang='lat' dir='ltr'><strong>Gubernatoris</strong></span> <span class='ocrx_word' id='word_1_253' title='bbox 951 3415 1130 3472; x_wconf 85' lang='lat' dir='ltr'><strong>auctoritate:</strong></span> <span class='ocrx_word' id='word_1_254' title='bbox 1151 3431 1217 3486; x_wconf 78' lang='lat' dir='ltr'><strong>quae</strong></span> <span class='ocrx_word' id='word_1_255' title='bbox 1237 3414 1263 3470; x_wconf 88' lang='lat' dir='ltr'><strong>si</strong></span> <span class='ocrx_word' id='word_1_256' title='bbox 1277 3413 1355 3470; x_wconf 87' lang='lat' dir='ltr'><strong>dene·</strong></span> 
     </span>
    </p>
   </div>
   <div class='ocr_carea' id='block_1_3' title="bbox 264 3619 1356 4277">
    <p class='ocr_par' dir='ltr' id='par_1_6' title="bbox 302 3619 954 3688">
     <span class='ocr_line' id='line_1_31' title="bbox 302 3619 954 3688; baseline 0.014 -21"><span class='ocrx_word' id='word_1_257' title='bbox 302 3621 345 3684; x_wconf 88' lang='lat'><strong>(1)</strong></span> <span class='ocrx_word' id='word_1_258' title='bbox 359 3621 421 3669; x_wconf 82' lang='lat' dir='ltr'><strong>inst.</strong></span> <span class='ocrx_word' id='word_1_259' title='bbox 429 3621 503 3670; x_wconf 81' lang='lat' dir='ltr'><strong>iaris.</strong></span> <span class='ocrx_word' id='word_1_260' title='bbox 514 3621 766 3688; x_wconf 65' lang='lat' dir='ltr'><strong>meorumnam.</strong></span> <span class='ocrx_word' id='word_1_261' title='bbox 778 3625 794 3674; x_wconf 90' lang='grc' dir='ltr'><strong>Ι.</strong></span> <span class='ocrx_word' id='word_1_262' title='bbox 803 3625 837 3674; x_wconf 85' lang='lat' dir='ltr'><strong>iii.</strong></span> <span class='ocrx_word' id='word_1_263' title='bbox 849 3641 874 3675; x_wconf 91' lang='lat' dir='ltr'><strong>n.</strong></span> <span class='ocrx_word' id='word_1_264' title='bbox 886 3641 922 3676; x_wconf 84' lang='lat' dir='ltr'><strong>oe.</strong></span> <span class='ocrx_word' id='word_1_265' title='bbox 944 3619 954 3624; x_wconf 49' lang='lat'>⁰</span> 
     </span>
    </p>

    <p class='ocr_par' dir='ltr' id='par_1_7' title="bbox 264 3698 1356 4019">
     <span class='ocr_line' id='line_1_32' title="bbox 302 3698 1356 3774; baseline 0.009 -27"><span class='ocrx_word' id='word_1_266' title='bbox 302 3701 345 3764; x_wconf 78' lang='lat'><strong>(2)</strong></span> <span class='ocrx_word' id='word_1_267' title='bbox 359 3698 439 3749; x_wconf 86' lang='lat' dir='ltr'><strong>Docet</strong></span> <span class='ocrx_word' id='word_1_268' title='bbox 449 3701 578 3752; x_wconf 76' lang='lat' dir='ltr'><strong>Suaresiue</strong></span> <span class='ocrx_word' id='word_1_269' title='bbox 595 3711 761 3768; x_wconf 88' lang='lat' dir='ltr'><strong>“potestatem</strong></span> <span class='ocrx_word' id='word_1_270' title='bbox 779 3707 881 3764; x_wconf 84' lang='lat' dir='ltr'><strong>civilem,</strong></span> <span class='ocrx_word' id='word_1_271' title='bbox 899 3708 996 3771; x_wconf 83' lang='lat' dir='ltr'><strong>quoties</strong></span> <span class='ocrx_word' id='word_1_272' title='bbox 1011 3713 1038 3758; x_wconf 91' lang='lat' dir='ltr'><strong>in</strong></span> <span class='ocrx_word' id='word_1_273' title='bbox 1051 3725 1101 3758; x_wconf 90' lang='lat' dir='ltr'><strong>uno</strong></span> <span class='ocrx_word' id='word_1_274' title='bbox 1119 3709 1229 3770; x_wconf 87' lang='lat' dir='ltr'><strong>homine,</strong></span> <span class='ocrx_word' id='word_1_275' title='bbox 1239 3712 1280 3760; x_wconf 83' lang='lat' dir='ltr'><strong>vel</strong></span> <span class='ocrx_word' id='word_1_276' title='bbox 1296 3707 1356 3774; x_wconf 90' lang='lat' dir='ltr'><strong>prin·</strong></span> 
     </span>
     <span class='ocr_line' id='line_1_33' title="bbox 266 3784 1356 3854; baseline 0.005 -20"><span class='ocrx_word' id='word_1_277' title='bbox 266 3786 326 3850; x_wconf 81' lang='lat' dir='ltr'><strong>cipe</strong></span> <span class='ocrx_word' id='word_1_278' title='bbox 337 3784 461 3848; x_wconf 87' lang='lat' dir='ltr'><strong>reperitur,</strong></span> <span class='ocrx_word' id='word_1_279' title='bbox 472 3785 580 3846; x_wconf 74' lang='lat' dir='ltr'><strong>legitimo</strong></span> <span class='ocrx_word' id='word_1_280' title='bbox 592 3803 621 3836; x_wconf 84' lang='lat' dir='ltr'><strong>ac</strong></span> <span class='ocrx_word' id='word_1_281' title='bbox 632 3789 752 3839; x_wconf 87' lang='lat' dir='ltr'><strong>ordinario</strong></span> <span class='ocrx_word' id='word_1_282' title='bbox 760 3792 824 3854; x_wconf 77' lang='lat' dir='ltr'><strong>jure,</strong></span> <span class='ocrx_word' id='word_1_283' title='bbox 836 3807 850 3839; x_wconf 81' lang='lat' dir='ltr'><strong>a</strong></span> <span class='ocrx_word' id='word_1_284' title='bbox 863 3793 954 3854; x_wconf 91' lang='lat' dir='ltr'><strong>populo</strong></span> <span class='ocrx_word' id='word_1_285' title='bbox 966 3802 990 3841; x_wconf 92' lang='lat' dir='ltr'><strong>et</strong></span> <span class='ocrx_word' id='word_1_286' title='bbox 1001 3794 1176 3842; x_wconf 84' lang='lat' dir='ltr'><strong>communitate</strong></span> <span class='ocrx_word' id='word_1_287' title='bbox 1187 3810 1308 3850; x_wconf 82' lang='lat' dir='ltr'><strong>manasse,</strong></span> <span class='ocrx_word' id='word_1_288' title='bbox 1319 3791 1356 3840; x_wconf 85' lang='lat' dir='ltr'><strong>vel</strong></span> 
     </span>
     <span class='ocr_line' id='line_1_34' title="bbox 264 3869 1355 3939; baseline 0.005 -22"><span class='ocrx_word' id='word_1_289' title='bbox 264 3869 383 3932; x_wconf 84' lang='lat' dir='ltr'><strong>proxime,</strong></span> <span class='ocrx_word' id='word_1_290' title='bbox 394 3869 432 3918; x_wconf 85' lang='lat' dir='ltr'><strong>vel</strong></span> <span class='ocrx_word' id='word_1_291' title='bbox 443 3877 542 3928; x_wconf 89' lang='lat' dir='ltr'><strong>remote,</strong></span> <span class='ocrx_word' id='word_1_292' title='bbox 552 3885 598 3919; x_wconf 85' lang='lat' dir='ltr'><strong>nee</strong></span> <span class='ocrx_word' id='word_1_293' title='bbox 610 3885 680 3934; x_wconf 82' lang='lat' dir='ltr'><strong>posse</strong></span> <span class='ocrx_word' id='word_1_294' title='bbox 690 3873 759 3920; x_wconf 85' lang='lat' dir='ltr'><strong>aliter</strong></span> <span class='ocrx_word' id='word_1_295' title='bbox 769 3874 852 3923; x_wconf 84' lang='lat' dir='ltr'><strong>baberi</strong></span> <span class='ocrx_word' id='word_1_296' title='bbox 865 3882 892 3924; x_wconf 87' lang='lat' dir='ltr'><strong>ut</strong></span> <span class='ocrx_word' id='word_1_297' title='bbox 899 3877 966 3939; x_wconf 83' lang='lat' dir='ltr'><strong>justa</strong></span> <span class='ocrx_word' id='word_1_298' title='bbox 977 3877 1015 3926; x_wconf 82' lang='lat' dir='ltr'><strong>eit</strong></span> <span class='ocrx_word' id='word_1_299' title='bbox 1042 3875 1103 3926; x_wconf 79' lang='lat' dir='ltr'><strong>Hac</strong></span> <span class='ocrx_word' id='word_1_300' title='bbox 1113 3885 1151 3926; x_wconf 88' lang='lat' dir='ltr'><strong>est</strong></span> <span class='ocrx_word' id='word_1_301' title='bbox 1163 3878 1285 3927; x_wconf 85' lang='lat' dir='ltr'><strong>sententia</strong></span> <span class='ocrx_word' id='word_1_302' title='bbox 1295 3891 1355 3926; x_wconf 89' lang='lat' dir='ltr'><strong>com·</strong></span> 
     </span>
     <span class='ocr_line' id='line_1_35' title="bbox 267 3951 978 4019; baseline 0.008 -17"><span class='ocrx_word' id='word_1_303' title='bbox 267 3954 350 4004; x_wconf 82' lang='lat' dir='ltr'><strong>munis</strong></span> <span class='ocrx_word' id='word_1_304' title='bbox 357 3951 576 4019; x_wconf 82' lang='lat' dir='ltr'><strong>jurisperitorum.&#39;’</strong></span> <span class='ocrx_word' id='word_1_305' title='bbox 586 3953 616 4004; x_wconf 88' lang='lat' dir='ltr'><strong>L.</strong></span> <span class='ocrx_word' id='word_1_306' title='bbox 626 3955 659 4004; x_wconf 90' lang='lat' dir='ltr'><strong>iii.</strong></span> <span class='ocrx_word' id='word_1_307' title='bbox 671 3956 700 4004; x_wconf 89' lang='lat' dir='ltr'><strong>de</strong></span> <span class='ocrx_word' id='word_1_308' title='bbox 713 3955 827 4018; x_wconf 77' lang='lat' dir='ltr'><strong>Legibus.</strong></span> <span class='ocrx_word' id='word_1_309' title='bbox 841 3975 861 4008; x_wconf 86' lang='lat' dir='ltr'><strong>c.</strong></span> <span class='ocrx_word' id='word_1_310' title='bbox 874 3960 906 4007; x_wconf 85' lang='lat' dir='ltr'><strong>iv.</strong></span> <span class='ocrx_word' id='word_1_311' title='bbox 917 3975 942 4008; x_wconf 92' lang='lat' dir='ltr'><strong>n.</strong></span> <span class='ocrx_word' id='word_1_312' title='bbox 954 3963 978 4008; x_wconf 82' lang='lat'><strong>2.</strong></span> 
     </span>
    </p>

    <p class='ocr_par' dir='ltr' id='par_1_8' title="bbox 303 4038 1193 4108">
     <span class='ocr_line' id='line_1_36' title="bbox 303 4038 1193 4108; baseline 0.01 -24"><span class='ocrx_word' id='word_1_313' title='bbox 303 4038 345 4101; x_wconf 79' lang='lat'><strong>(3)</strong></span> <span class='ocrx_word' id='word_1_314' title='bbox 365 4038 456 4088; x_wconf 87' lang='lat' dir='ltr'><strong>lutrod.</strong></span> <span class='ocrx_word' id='word_1_315' title='bbox 468 4043 482 4097; x_wconf 66' lang='grc' dir='ltr'><strong>ς</strong></span> <span class='ocrx_word' id='word_1_316' title='bbox 493 4039 518 4088; x_wconf 86' lang='lat' dir='ltr'><strong>ii.</strong></span> <span class='ocrx_word' id='word_1_317' title='bbox 526 4055 552 4088; x_wconf 85' lang='lat' dir='ltr'><strong>n.</strong></span> <span class='ocrx_word' id='word_1_318' title='bbox 562 4039 603 4086; x_wconf 87' lang='lat'><strong>⁵1.</strong></span> <span class='ocrx_word' id='word_1_319' title='bbox 804 4043 844 4106; x_wconf 89' lang='lat'><strong>(4)</strong></span> <span class='ocrx_word' id='word_1_320' title='bbox 866 4042 895 4091; x_wconf 91' lang='lat' dir='ltr'><strong>ln</strong></span> <span class='ocrx_word' id='word_1_321' title='bbox 907 4043 994 4103; x_wconf 74' lang='lat' dir='ltr'><strong>fragm.</strong></span> <span class='ocrx_word' id='word_1_322' title='bbox 1005 4045 1035 4092; x_wconf 87' lang='lat' dir='ltr'><strong>de</strong></span> <span class='ocrx_word' id='word_1_323' title='bbox 1048 4046 1131 4108; x_wconf 86' lang='lat' dir='ltr'><strong>repub.</strong></span> <span class='ocrx_word' id='word_1_324' title='bbox 1140 4044 1156 4092; x_wconf 89' lang='lat' dir='ltr'><strong>l.</strong></span> <span class='ocrx_word' id='word_1_325' title='bbox 1168 4044 1193 4093; x_wconf 89' lang='lat' dir='ltr'><strong>ii.</strong></span> 
     </span>
    </p>

    <p class='ocr_par' dir='ltr' id='par_1_9' title="bbox 267 4122 1354 4277">
     <span class='ocr_line' id='line_1_37' title="bbox 303 4122 1354 4193; baseline 0.008 -26"><span class='ocrx_word' id='word_1_326' title='bbox 303 4122 345 4185; x_wconf 80' lang='lat'><strong>(5)</strong></span> <span class='ocrx_word' id='word_1_327' title='bbox 363 4125 384 4169; x_wconf 93' lang='lat' dir='ltr'><strong>l.</strong></span> <span class='ocrx_word' id='word_1_328' title='bbox 392 4125 416 4173; x_wconf 73' lang='lat'><strong>2.</strong></span> <span class='ocrx_word' id='word_1_329' title='bbox 425 4139 467 4186; x_wconf 88' lang='lat' dir='ltr'><strong>qn.</strong></span> <span class='ocrx_word' id='word_1_330' title='bbox 482 4139 519 4172; x_wconf 84' lang='lat' dir='ltr'><strong>cv.</strong></span> <span class='ocrx_word' id='word_1_331' title='bbox 531 4132 575 4174; x_wconf 78' lang='lat' dir='ltr'><strong>art.</strong></span> <span class='ocrx_word' id='word_1_332' title='bbox 587 4125 604 4174; x_wconf 90' lang='lat' dir='ltr'><strong>i.</strong></span> <span class='ocrx_word' id='word_1_333' title='bbox 614 4123 689 4192; x_wconf 82' lang='lat' dir='ltr'><strong>Rcep.</strong></span> <span class='ocrx_word' id='word_1_334' title='bbox 722 4124 750 4175; x_wconf 92' lang='lat' dir='ltr'><strong>ld</strong></span> <span class='ocrx_word' id='word_1_335' title='bbox 762 4133 844 4175; x_wconf 84' lang='lat' dir='ltr'><strong>tamen</strong></span> <span class='ocrx_word' id='word_1_336' title='bbox 856 4137 929 4189; x_wconf 81' lang='lat' dir='ltr'><strong>negat</strong></span> <span class='ocrx_word' id='word_1_337' title='bbox 940 4127 1043 4191; x_wconf 73' lang='lat' dir='ltr'><strong>storius,</strong></span> <span class='ocrx_word' id='word_1_338' title='bbox 1055 4131 1098 4193; x_wconf 88' lang='lat' dir='ltr'><strong>qui</strong></span> <span class='ocrx_word' id='word_1_339' title='bbox 1109 4129 1236 4178; x_wconf 85' lang='lat' dir='ltr'><strong>contendit</strong></span> <span class='ocrx_word' id='word_1_340' title='bbox 1244 4129 1354 4193; x_wconf 89' lang='lat' dir='ltr'><strong>populum</strong></span> 
     </span>
     <span class='ocr_line' id='line_1_38' title="bbox 267 4203 1354 4277; baseline 0.006 -26"><span class='ocrx_word' id='word_1_341' title='bbox 267 4203 410 4253; x_wconf 79' lang='lat' dir='ltr'><strong>universum</strong></span> <span class='ocrx_word' id='word_1_342' title='bbox 421 4221 486 4253; x_wconf 87' lang='lat' dir='ltr'><strong>nova</strong></span> <span class='ocrx_word' id='word_1_343' title='bbox 496 4209 677 4258; x_wconf 86' lang='lat' dir='ltr'><strong>Constitutione</strong></span> <span class='ocrx_word' id='word_1_344' title='bbox 686 4225 778 4258; x_wconf 83' lang='lat' dir='ltr'><strong>creasse</strong></span> <span class='ocrx_word' id='word_1_345' title='bbox 790 4209 943 4261; x_wconf 86' lang='lat' dir='ltr'><strong>Gubernium</strong></span> <span class='ocrx_word' id='word_1_346' title='bbox 957 4213 1113 4277; x_wconf 81' lang='lat' dir='ltr'><strong>Supremam.</strong></span> <span class='ocrx_word' id='word_1_347' title='bbox 1124 4213 1196 4262; x_wconf 79' lang='lat' dir='ltr'><strong>certis</strong></span> <span class='ocrx_word' id='word_1_348' title='bbox 1207 4212 1354 4262; x_wconf 82' lang='lat' dir='ltr'><strong>facultatibus</strong></span> 
     </span>
    </p>
   </div>
   <div class='ocr_carea' id='block_1_4' title="bbox 260 4285 1353 4436">
    <p class='ocr_par' dir='ltr' id='par_1_10' title="bbox 260 4285 1353 4436">
     <span class='ocr_line' id='line_1_39' title="bbox 265 4285 1353 4362; baseline 0.012 -29"><span class='ocrx_word' id='word_1_349' title='bbox 265 4286 288 4335; x_wconf 89' lang='lat' dir='ltr'><strong>ei</strong></span> <span class='ocrx_word' id='word_1_350' title='bbox 296 4285 419 4346; x_wconf 75' lang='lat' dir='ltr'><strong>delegatis,</strong></span> <span class='ocrx_word' id='word_1_351' title='bbox 436 4289 579 4352; x_wconf 82' lang='lat' dir='ltr'><strong>nullamque</strong></span> <span class='ocrx_word' id='word_1_352' title='bbox 596 4291 692 4341; x_wconf 81' lang='lat' dir='ltr'><strong>foederis</strong></span> <span class='ocrx_word' id='word_1_353' title='bbox 703 4294 766 4342; x_wconf 86' lang='lat' dir='ltr'><strong>inter</strong></span> <span class='ocrx_word' id='word_1_354' title='bbox 778 4295 862 4344; x_wconf 81' lang='lat' dir='ltr'><strong>Statue</strong></span> <span class='ocrx_word' id='word_1_355' title='bbox 874 4295 1007 4359; x_wconf 83' lang='lat' dir='ltr'><strong>Supremos</strong></span> <span class='ocrx_word' id='word_1_356' title='bbox 1019 4297 1074 4348; x_wconf 88' lang='lat' dir='ltr'><strong>initi</strong></span> <span class='ocrx_word' id='word_1_357' title='bbox 1093 4297 1198 4362; x_wconf 87' lang='lat' dir='ltr'><strong>speciem</strong></span> <span class='ocrx_word' id='word_1_358' title='bbox 1211 4297 1237 4346; x_wconf 90' lang='lat' dir='ltr'><strong>in</strong></span> <span class='ocrx_word' id='word_1_359' title='bbox 1250 4313 1278 4346; x_wconf 88' lang='lat' dir='ltr'><strong>ea</strong></span> <span class='ocrx_word' id='word_1_360' title='bbox 1288 4309 1353 4359; x_wconf 74' lang='lat' dir='ltr'><strong>appa·</strong></span> 
     </span>
     <span class='ocr_line' id='line_1_40' title="bbox 260 4369 925 4436; baseline 0.02 -19"><span class='ocrx_word' id='word_1_361' title='bbox 260 4385 318 4419; x_wconf 88' lang='lat' dir='ltr'><strong>rere.</strong></span> <span class='ocrx_word' id='word_1_362' title='bbox 354 4369 417 4418; x_wconf 89' lang='lat' dir='ltr'><strong>Vide</strong></span> <span class='ocrx_word' id='word_1_363' title='bbox 428 4369 525 4420; x_wconf 85' lang='lat' dir='ltr'><strong>Gomm.</strong></span> <span class='ocrx_word' id='word_1_364' title='bbox 536 4372 623 4424; x_wconf 78' lang='lat' dir='ltr'><strong>Cenat.</strong></span> <span class='ocrx_word' id='word_1_365' title='bbox 637 4375 669 4425; x_wconf 89' lang='lat' dir='ltr'><strong>U.</strong></span> <span class='ocrx_word' id='word_1_366' title='bbox 681 4375 769 4436; x_wconf 84' lang='lat' dir='ltr'><strong>States,</strong></span> <span class='ocrx_word' id='word_1_367' title='bbox 782 4379 798 4428; x_wconf 87' lang='lat' dir='ltr'><strong>l.</strong></span> <span class='ocrx_word' id='word_1_368' title='bbox 807 4378 841 4428; x_wconf 88' lang='lat' dir='ltr'><strong>iii.</strong></span> <span class='ocrx_word' id='word_1_369' title='bbox 858 4395 879 4429; x_wconf 85' lang='lat' dir='ltr'><strong>e.</strong></span> <span class='ocrx_word' id='word_1_370' title='bbox 891 4379 925 4430; x_wconf 88' lang='lat' dir='ltr'><strong>iii.</strong></span> 
     </span>
    </p>
   </div>
   <div class='ocr_carea' id='block_1_5' title="bbox 0 0 1528 5262">
    <p class='ocr_par' dir='ltr' id='par_1_11' title="bbox 0 0 1528 5262">
     <span class='ocr_line' id='line_1_41' title="bbox 0 0 1528 5262; baseline 0 0"><span class='ocrx_word' id='word_1_371' title='bbox 0 0 1528 5262; x_wconf 95' lang='lat' dir='ltr'><strong> </strong></span> 
     </span>
    </p>
   </div>
  </div>
 </body>
</html>
