<?xml version="1.0" encoding="UTF-8"?>
<!DOCTYPE html PUBLIC "-//W3C//DTD XHTML 1.0 Transitional//EN"
    "http://www.w3.org/TR/xhtml1/DTD/xhtml1-transitional.dtd">
<html xmlns="http://www.w3.org/1999/xhtml" xml:lang="en" lang="en">
 <head>
  <title>
</title>
<meta http-equiv="Content-Type" content="text/html;charset=utf-8" />
  <meta name='ocr-system' content='tesseract 3.04.00' />
  <meta name='ocr-capabilities' content='ocr_page ocr_carea ocr_par ocr_line ocrx_word'/>
</head>
<body>
  <div class='ocr_page' id='page_1' title='image "./theologiaemoral03kenrgoog_0356.png"; bbox 0 0 3076 5260; ppageno 0'>
   <div class='ocr_carea' id='block_1_1' title="bbox 338 494 1261 566">
    <p class='ocr_par' dir='ltr' id='par_1_1' title="bbox 338 494 1261 566">
     <span class='ocr_line' id='line_1_1' title="bbox 338 494 1261 566; baseline 0.013 -12"><span class='ocrx_word' id='word_1_1' title='bbox 338 495 396 554; x_wconf 86' lang='lat' dir='ltr'><strong>DE</strong></span> <span class='ocrx_word' id='word_1_2' title='bbox 418 494 778 558; x_wconf 77' lang='lat' dir='ltr'>OBLIGATIONIBUS</span> <span class='ocrx_word' id='word_1_3' title='bbox 800 497 1092 562; x_wconf 82' lang='lat' dir='ltr'><strong>OLERIOORUM.</strong></span> <span class='ocrx_word' id='word_1_4' title='bbox 1202 511 1261 566; x_wconf 81' lang='grc'><strong>337</strong></span> 
     </span>
    </p>
   </div>
   <div class='ocr_carea' id='block_1_2' title="bbox 169 663 1278 4291">
    <p class='ocr_par' dir='ltr' id='par_1_2' title="bbox 169 663 1264 1429">
     <span class='ocr_line' id='line_1_2' title="bbox 169 663 1260 738; baseline 0.007 -20"><span class='ocrx_word' id='word_1_5' title='bbox 169 664 355 731; x_wconf 76' lang='lat' dir='ltr'><strong>mammeri,</strong></span> <span class='ocrx_word' id='word_1_6' title='bbox 370 681 460 736; x_wconf 88' lang='lat' dir='ltr'><strong>quum</strong></span> <span class='ocrx_word' id='word_1_7' title='bbox 472 663 511 720; x_wconf 88' lang='lat' dir='ltr'><strong>ita</strong></span> <span class='ocrx_word' id='word_1_8' title='bbox 524 663 594 722; x_wconf 86' lang='lat' dir='ltr'><strong>ferat</strong></span> <span class='ocrx_word' id='word_1_9' title='bbox 606 665 791 734; x_wconf 78' lang='lat' dir='ltr'><strong>consuetudo,</strong></span> <span class='ocrx_word' id='word_1_10' title='bbox 805 682 868 738; x_wconf 75' lang='lat' dir='ltr'><strong>quae</strong></span> <span class='ocrx_word' id='word_1_11' title='bbox 888 667 972 724; x_wconf 84' lang='lat' dir='ltr'><strong>etiam</strong></span> <span class='ocrx_word' id='word_1_12' title='bbox 991 666 1138 726; x_wconf 89' lang='lat' dir='ltr'><strong>laudabilis</strong></span> <span class='ocrx_word' id='word_1_13' title='bbox 1151 677 1204 736; x_wconf 85' lang='lat' dir='ltr'><strong>est,</strong></span> <span class='ocrx_word' id='word_1_14' title='bbox 1218 677 1260 728; x_wconf 91' lang='lat' dir='ltr'><strong>ut-</strong></span> 
     </span>
     <span class='ocr_line' id='line_1_3' title="bbox 171 761 1263 840; baseline 0.005 -20"><span class='ocrx_word' id='word_1_15' title='bbox 171 772 239 840; x_wconf 89' lang='lat' dir='ltr'><strong>pote</strong></span> <span class='ocrx_word' id='word_1_16' title='bbox 252 763 370 834; x_wconf 86' lang='lat' dir='ltr'><strong>antiquo</strong></span> <span class='ocrx_word' id='word_1_17' title='bbox 383 763 456 821; x_wconf 89' lang='lat' dir='ltr'><strong>mori</strong></span> <span class='ocrx_word' id='word_1_18' title='bbox 471 761 591 820; x_wconf 84' lang='lat' dir='ltr'><strong>canendi</strong></span> <span class='ocrx_word' id='word_1_19' title='bbox 603 763 633 820; x_wconf 89' lang='lat' dir='ltr'><strong>in</strong></span> <span class='ocrx_word' id='word_1_20' title='bbox 652 763 741 822; x_wconf 90' lang='lat' dir='ltr'><strong>choro</strong></span> <span class='ocrx_word' id='word_1_21' title='bbox 753 765 881 822; x_wconf 85' lang='lat' dir='ltr'><strong>vicissim</strong></span> <span class='ocrx_word' id='word_1_22' title='bbox 896 783 1033 833; x_wconf 90' lang='lat' dir='ltr'><strong>consona,</strong></span> <span class='ocrx_word' id='word_1_23' title='bbox 1048 774 1077 822; x_wconf 88' lang='lat' dir='ltr'><strong>et</strong></span> <span class='ocrx_word' id='word_1_24' title='bbox 1089 767 1263 826; x_wconf 79' lang='lat' dir='ltr'><strong>consortium</strong></span> 
     </span>
     <span class='ocr_line' id='line_1_4' title="bbox 172 860 1262 937; baseline 0.006 -20"><span class='ocrx_word' id='word_1_25' title='bbox 172 879 287 937; x_wconf 90' lang='lat' dir='ltr'><strong>precum</strong></span> <span class='ocrx_word' id='word_1_26' title='bbox 305 860 444 918; x_wconf 87' lang='lat' dir='ltr'><strong>indicans.</strong></span> <span class='ocrx_word' id='word_1_27' title='bbox 487 861 552 918; x_wconf 91' lang='lat' dir='ltr'><strong>Nec</strong></span> <span class='ocrx_word' id='word_1_28' title='bbox 565 861 681 920; x_wconf 86' lang='lat' dir='ltr'><strong>interest</strong></span> <span class='ocrx_word' id='word_1_29' title='bbox 693 872 785 921; x_wconf 87' lang='lat' dir='ltr'><strong>utrum</strong></span> <span class='ocrx_word' id='word_1_30' title='bbox 806 863 901 921; x_wconf 91' lang='lat' dir='ltr'><strong>socius</strong></span> <span class='ocrx_word' id='word_1_31' title='bbox 916 863 950 921; x_wconf 89' lang='lat' dir='ltr'><strong>ad</strong></span> <span class='ocrx_word' id='word_1_32' title='bbox 963 863 1050 921; x_wconf 89' lang='lat' dir='ltr'><strong>officii</strong></span> <span class='ocrx_word' id='word_1_33' title='bbox 1070 866 1262 924; x_wconf 80' lang='lat' dir='ltr'>recitationem</span> 
     </span>
     <span class='ocr_line' id='line_1_5' title="bbox 171 957 1263 1040; baseline 0.006 -24"><span class='ocrx_word' id='word_1_34' title='bbox 171 969 306 1027; x_wconf 88' lang='lat' dir='ltr'><strong>tencatur,</strong></span> <span class='ocrx_word' id='word_1_35' title='bbox 321 957 478 1017; x_wconf 88' lang='lat' dir='ltr'><strong>dummodo</strong></span> <span class='ocrx_word' id='word_1_36' title='bbox 491 960 582 1017; x_wconf 89' lang='lat' dir='ltr'><strong>valeat</strong></span> <span class='ocrx_word' id='word_1_37' title='bbox 595 962 711 1019; x_wconf 88' lang='lat' dir='ltr'><strong>recitare</strong></span> <span class='ocrx_word' id='word_1_38' title='bbox 719 963 814 1030; x_wconf 86' lang='lat' dir='ltr'><strong>verba,</strong></span> <span class='ocrx_word' id='word_1_39' title='bbox 829 971 858 1019; x_wconf 91' lang='lat' dir='ltr'><strong>et</strong></span> <span class='ocrx_word' id='word_1_40' title='bbox 870 962 1000 1020; x_wconf 86' lang='lat' dir='ltr'><strong>distincte</strong></span> <span class='ocrx_word' id='word_1_41' title='bbox 1013 972 1042 1018; x_wconf 89' lang='lat' dir='ltr'><strong>et</strong></span> <span class='ocrx_word' id='word_1_42' title='bbox 1053 963 1161 1040; x_wconf 83' lang='lat' dir='ltr'><strong>integre</strong></span> <span class='ocrx_word' id='word_1_43' title='bbox 1175 973 1263 1022; x_wconf 90' lang='lat' dir='ltr'><strong>totum</strong></span> 
     </span>
     <span class='ocr_line' id='line_1_6' title="bbox 172 1059 1263 1135; baseline 0.004 -19"><span class='ocrx_word' id='word_1_44' title='bbox 172 1059 357 1135; x_wconf 79' lang='lat' dir='ltr'><strong>persolvatur.</strong></span> <span class='ocrx_word' id='word_1_45' title='bbox 399 1059 537 1116; x_wconf 89' lang='lat' dir='ltr'><strong>Peccatur</strong></span> <span class='ocrx_word' id='word_1_46' title='bbox 550 1068 643 1116; x_wconf 84' lang='lat' dir='ltr'><strong>autem</strong></span> <span class='ocrx_word' id='word_1_47' title='bbox 657 1059 739 1118; x_wconf 85' lang='lat' dir='ltr'><strong>facile</strong></span> <span class='ocrx_word' id='word_1_48' title='bbox 752 1061 842 1118; x_wconf 88' lang='lat' dir='ltr'><strong>nimia</strong></span> <span class='ocrx_word' id='word_1_49' title='bbox 854 1059 1045 1128; x_wconf 86' lang='lat' dir='ltr'><strong>festinatione,</strong></span> <span class='ocrx_word' id='word_1_50' title='bbox 1057 1071 1087 1118; x_wconf 87' lang='lat' dir='ltr'><strong>et</strong></span> <span class='ocrx_word' id='word_1_51' title='bbox 1099 1080 1202 1120; x_wconf 82' lang='lat' dir='ltr'><strong>vocum</strong></span> <span class='ocrx_word' id='word_1_52' title='bbox 1216 1061 1263 1120; x_wconf 88' lang='lat' dir='ltr'><strong>dc·</strong></span> 
     </span>
     <span class='ocr_line' id='line_1_7' title="bbox 173 1156 1264 1235; baseline 0.003 -22"><span class='ocrx_word' id='word_1_53' title='bbox 173 1157 365 1216; x_wconf 81' lang='lat' dir='ltr'>truncatione:</span> <span class='ocrx_word' id='word_1_54' title='bbox 388 1156 511 1215; x_wconf 87' lang='lat' dir='ltr'><strong>sednon</strong></span> <span class='ocrx_word' id='word_1_55' title='bbox 530 1158 616 1216; x_wconf 88' lang='lat' dir='ltr'><strong>nimis</strong></span> <span class='ocrx_word' id='word_1_56' title='bbox 629 1158 794 1235; x_wconf 81' lang='lat' dir='ltr'>scrupulose</span> <span class='ocrx_word' id='word_1_57' title='bbox 816 1159 883 1235; x_wconf 76' lang='lat' dir='ltr'><strong>angi</strong></span> <span class='ocrx_word' id='word_1_58' title='bbox 905 1160 969 1232; x_wconf 89' lang='lat' dir='ltr'><strong>quis</strong></span> <span class='ocrx_word' id='word_1_59' title='bbox 990 1159 1074 1218; x_wconf 91' lang='lat' dir='ltr'><strong>debet</strong></span> <span class='ocrx_word' id='word_1_60' title='bbox 1093 1160 1129 1217; x_wconf 93' lang='lat' dir='ltr'><strong>ob</strong></span> <span class='ocrx_word' id='word_1_61' title='bbox 1152 1161 1264 1219; x_wconf 86' lang='lat' dir='ltr'><strong>alterius</strong></span> 
     </span>
     <span class='ocr_line' id='line_1_8' title="bbox 173 1255 1264 1330; baseline 0.002 -18"><span class='ocrx_word' id='word_1_62' title='bbox 173 1255 261 1312; x_wconf 89' lang='lat' dir='ltr'><strong>simul</strong></span> <span class='ocrx_word' id='word_1_63' title='bbox 274 1255 415 1313; x_wconf 80' lang='lat' dir='ltr'><strong>recitantis</strong></span> <span class='ocrx_word' id='word_1_64' title='bbox 429 1255 567 1323; x_wconf 85' lang='lat' dir='ltr'><strong>desectus,</strong></span> <span class='ocrx_word' id='word_1_65' title='bbox 581 1256 627 1313; x_wconf 88' lang='lat' dir='ltr'><strong>vel</strong></span> <span class='ocrx_word' id='word_1_66' title='bbox 647 1258 683 1313; x_wconf 93' lang='lat' dir='ltr'><strong>ob</strong></span> <span class='ocrx_word' id='word_1_67' title='bbox 696 1275 782 1316; x_wconf 88' lang='lat' dir='ltr'><strong>voces</strong></span> <span class='ocrx_word' id='word_1_68' title='bbox 802 1275 860 1316; x_wconf 90' lang='lat' dir='ltr'><strong>non</strong></span> <span class='ocrx_word' id='word_1_69' title='bbox 874 1257 992 1326; x_wconf 86' lang='lat' dir='ltr'><strong>auditas,</strong></span> <span class='ocrx_word' id='word_1_70' title='bbox 1006 1257 1171 1326; x_wconf 88' lang='lat' dir='ltr'><strong>dummodo,</strong></span> <span class='ocrx_word' id='word_1_71' title='bbox 1187 1257 1264 1330; x_wconf 92' lang='lat' dir='ltr'><strong>quod</strong></span> 
     </span>
     <span class='ocr_line' id='line_1_9' title="bbox 173 1355 777 1429; baseline 0.002 -18"><span class='ocrx_word' id='word_1_72' title='bbox 173 1355 204 1411; x_wconf 91' lang='lat' dir='ltr'><strong>in</strong></span> <span class='ocrx_word' id='word_1_73' title='bbox 218 1371 249 1409; x_wconf 88' lang='lat' dir='ltr'><strong>sc</strong></span> <span class='ocrx_word' id='word_1_74' title='bbox 263 1363 316 1422; x_wconf 84' lang='lat' dir='ltr'><strong>cst,</strong></span> <span class='ocrx_word' id='word_1_75' title='bbox 330 1355 437 1429; x_wconf 79' lang='lat' dir='ltr'><strong>integre</strong></span> <span class='ocrx_word' id='word_1_76' title='bbox 452 1362 561 1429; x_wconf 89' lang='lat' dir='ltr'><strong>partem</strong></span> <span class='ocrx_word' id='word_1_77' title='bbox 575 1364 655 1412; x_wconf 83' lang='lat' dir='ltr'><strong>suam</strong></span> <span class='ocrx_word' id='word_1_78' title='bbox 670 1356 777 1412; x_wconf 79' lang='lat' dir='ltr'><strong>recitet.</strong></span> 
     </span>
    </p>

    <p class='ocr_par' dir='ltr' id='par_1_3' title="bbox 172 1451 1267 2024">
     <span class='ocr_line' id='line_1_10' title="bbox 218 1451 1265 1529; baseline 0.004 -21"><span class='ocrx_word' id='word_1_79' title='bbox 218 1455 264 1510; x_wconf 84' lang='lat'><strong>17.</strong></span> <span class='ocrx_word' id='word_1_80' title='bbox 286 1452 342 1517; x_wconf 83' lang='lat' dir='ltr'><strong>Qui</strong></span> <span class='ocrx_word' id='word_1_81' title='bbox 364 1451 442 1509; x_wconf 85' lang='lat' dir='ltr'><strong>solus</strong></span> <span class='ocrx_word' id='word_1_82' title='bbox 462 1452 560 1509; x_wconf 88' lang='lat' dir='ltr'><strong>recitat</strong></span> <span class='ocrx_word' id='word_1_83' title='bbox 583 1451 709 1510; x_wconf 86' lang='lat' dir='ltr'><strong>officium</strong></span> <span class='ocrx_word' id='word_1_84' title='bbox 728 1451 811 1510; x_wconf 86' lang='lat' dir='ltr'><strong>debet</strong></span> <span class='ocrx_word' id='word_1_85' title='bbox 823 1453 949 1529; x_wconf 79' lang='lat' dir='ltr'><strong>singulas</strong></span> <span class='ocrx_word' id='word_1_86' title='bbox 963 1471 1049 1511; x_wconf 86' lang='lat' dir='ltr'><strong>voces</strong></span> <span class='ocrx_word' id='word_1_87' title='bbox 1063 1454 1197 1529; x_wconf 88' lang='lat' dir='ltr'><strong>proferre,</strong></span> <span class='ocrx_word' id='word_1_88' title='bbox 1211 1473 1265 1514; x_wconf 88' lang='lat' dir='ltr'><strong>nec</strong></span> 
     </span>
     <span class='ocr_line' id='line_1_11' title="bbox 175 1539 1265 1629; baseline 0.004 -23"><span class='ocrx_word' id='word_1_89' title='bbox 175 1550 252 1608; x_wconf 89' lang='lat' dir='ltr'><strong>enim</strong></span> <span class='ocrx_word' id='word_1_90' title='bbox 265 1552 393 1608; x_wconf 83' lang='lat' dir='ltr'><strong>recitaret</strong></span> <span class='ocrx_word' id='word_1_91' title='bbox 405 1550 455 1621; x_wconf 91' lang='lat' dir='ltr'><strong>qui</strong></span> <span class='ocrx_word' id='word_1_92' title='bbox 467 1568 515 1607; x_wconf 87' lang='lat' dir='ltr'><strong>cas</strong></span> <span class='ocrx_word' id='word_1_93' title='bbox 529 1559 637 1608; x_wconf 90' lang='lat' dir='ltr'><strong>tantum</strong></span> <span class='ocrx_word' id='word_1_94' title='bbox 660 1550 769 1608; x_wconf 86' lang='lat' dir='ltr'><strong>videret</strong></span> <span class='ocrx_word' id='word_1_95' title='bbox 790 1561 818 1608; x_wconf 89' lang='lat' dir='ltr'><strong>et</strong></span> <span class='ocrx_word' id='word_1_96' title='bbox 836 1539 951 1628; x_wconf 78' lang='lat' dir='ltr'><strong>legeret,</strong></span> <span class='ocrx_word' id='word_1_97' title='bbox 966 1551 1072 1624; x_wconf 85' lang='lat' dir='ltr'><strong>absque</strong></span> <span class='ocrx_word' id='word_1_98' title='bbox 1085 1551 1144 1610; x_wconf 91' lang='lat' dir='ltr'><strong>ullo</strong></span> <span class='ocrx_word' id='word_1_99' title='bbox 1160 1553 1265 1629; x_wconf 81' lang='lat' dir='ltr'><strong>linguae</strong></span> 
     </span>
     <span class='ocr_line' id='line_1_12' title="bbox 172 1648 1262 1729; baseline 0.003 -23"><span class='ocrx_word' id='word_1_100' title='bbox 172 1657 261 1716; x_wconf 91' lang='lat' dir='ltr'><strong>motu,</strong></span> <span class='ocrx_word' id='word_1_101' title='bbox 271 1651 320 1721; x_wconf 93' lang='lat' dir='ltr'><strong>qui</strong></span> <span class='ocrx_word' id='word_1_102' title='bbox 333 1649 486 1721; x_wconf 89' lang='lat' dir='ltr'><strong>requiritur</strong></span> <span class='ocrx_word' id='word_1_103' title='bbox 499 1649 533 1705; x_wconf 89' lang='lat' dir='ltr'><strong>ad</strong></span> <span class='ocrx_word' id='word_1_104' title='bbox 546 1649 702 1707; x_wconf 88' lang='lat' dir='ltr'><strong>orationem</strong></span> <span class='ocrx_word' id='word_1_105' title='bbox 717 1648 854 1718; x_wconf 84' lang='lat' dir='ltr'><strong>vocalem,</strong></span> <span class='ocrx_word' id='word_1_106' title='bbox 870 1650 960 1722; x_wconf 88' lang='lat' dir='ltr'><strong>qualis</strong></span> <span class='ocrx_word' id='word_1_107' title='bbox 984 1652 1018 1707; x_wconf 86' lang='lat' dir='ltr'><strong>ab</strong></span> <span class='ocrx_word' id='word_1_108' title='bbox 1036 1650 1170 1729; x_wconf 72' lang='lat' dir='ltr'><strong>Ecclesia</strong></span> <span class='ocrx_word' id='word_1_109' title='bbox 1192 1669 1262 1727; x_wconf 74' lang='lat' dir='ltr'><strong>prs·</strong></span> 
     </span>
     <span class='ocr_line' id='line_1_13' title="bbox 175 1747 1267 1824; baseline 0.002 -20"><span class='ocrx_word' id='word_1_110' title='bbox 175 1747 286 1823; x_wconf 89' lang='lat' dir='ltr'><strong>cipitur.</strong></span> <span class='ocrx_word' id='word_1_111' title='bbox 330 1749 460 1805; x_wconf 77' lang='lat' dir='ltr'><strong>Necesse</strong></span> <span class='ocrx_word' id='word_1_112' title='bbox 474 1757 568 1806; x_wconf 88' lang='lat' dir='ltr'><strong>tamen</strong></span> <span class='ocrx_word' id='word_1_113' title='bbox 582 1765 640 1805; x_wconf 90' lang='lat' dir='ltr'><strong>non</strong></span> <span class='ocrx_word' id='word_1_114' title='bbox 654 1757 697 1804; x_wconf 87' lang='lat' dir='ltr'><strong>est</strong></span> <span class='ocrx_word' id='word_1_115' title='bbox 709 1766 793 1806; x_wconf 87' lang='lat' dir='ltr'><strong>voces</strong></span> <span class='ocrx_word' id='word_1_116' title='bbox 812 1750 850 1806; x_wconf 91' lang='lat' dir='ltr'><strong>ita</strong></span> <span class='ocrx_word' id='word_1_117' title='bbox 863 1749 999 1824; x_wconf 85' lang='lat' dir='ltr'><strong>proferre,</strong></span> <span class='ocrx_word' id='word_1_118' title='bbox 1013 1758 1046 1806; x_wconf 91' lang='lat' dir='ltr'><strong>ut</strong></span> <span class='ocrx_word' id='word_1_119' title='bbox 1057 1748 1148 1808; x_wconf 89' lang='lat' dir='ltr'><strong>audiri</strong></span> <span class='ocrx_word' id='word_1_120' title='bbox 1162 1759 1267 1822; x_wconf 87' lang='lat' dir='ltr'><strong>queant</strong></span> 
     </span>
     <span class='ocr_line' id='line_1_14' title="bbox 176 1845 1267 1923; baseline 0.003 -20"><span class='ocrx_word' id='word_1_121' title='bbox 176 1847 210 1903; x_wconf 92' lang='lat' dir='ltr'><strong>ab</strong></span> <span class='ocrx_word' id='word_1_122' title='bbox 223 1846 289 1914; x_wconf 88' lang='lat' dir='ltr'><strong>alio,</strong></span> <span class='ocrx_word' id='word_1_123' title='bbox 301 1848 346 1905; x_wconf 89' lang='lat' dir='ltr'><strong>vel</strong></span> <span class='ocrx_word' id='word_1_124' title='bbox 360 1845 472 1923; x_wconf 90' lang='lat' dir='ltr'><strong>abipso</strong></span> <span class='ocrx_word' id='word_1_125' title='bbox 487 1847 537 1919; x_wconf 88' lang='lat' dir='ltr'><strong>qui</strong></span> <span class='ocrx_word' id='word_1_126' title='bbox 550 1847 657 1913; x_wconf 86' lang='lat' dir='ltr'><strong>recitat,</strong></span> <span class='ocrx_word' id='word_1_127' title='bbox 669 1864 757 1918; x_wconf 90' lang='lat' dir='ltr'><strong>quum</strong></span> <span class='ocrx_word' id='word_1_128' title='bbox 771 1847 880 1904; x_wconf 86' lang='lat' dir='ltr'><strong>vocalis</strong></span> <span class='ocrx_word' id='word_1_129' title='bbox 894 1847 930 1904; x_wconf 89' lang='lat' dir='ltr'><strong>sit</strong></span> <span class='ocrx_word' id='word_1_130' title='bbox 943 1848 1041 1914; x_wconf 91' lang='lat' dir='ltr'><strong>oratio,</strong></span> <span class='ocrx_word' id='word_1_131' title='bbox 1056 1849 1173 1906; x_wconf 90' lang='lat' dir='ltr'><strong>vocibus</strong></span> <span class='ocrx_word' id='word_1_132' title='bbox 1186 1849 1267 1906; x_wconf 89' lang='lat' dir='ltr'><strong>artic·</strong></span> 
     </span>
     <span class='ocr_line' id='line_1_15' title="bbox 176 1943 735 2024; baseline 0 -22"><span class='ocrx_word' id='word_1_133' title='bbox 176 1944 274 2024; x_wconf 77' lang='lat' dir='ltr'><strong>ulatim</strong></span> <span class='ocrx_word' id='word_1_134' title='bbox 287 1945 415 2021; x_wconf 89' lang='lat' dir='ltr'><strong>prolatis,</strong></span> <span class='ocrx_word' id='word_1_135' title='bbox 428 1945 496 2002; x_wconf 89' lang='lat' dir='ltr'><strong>licet</strong></span> <span class='ocrx_word' id='word_1_136' title='bbox 508 1963 566 2003; x_wconf 92' lang='lat' dir='ltr'><strong>non</strong></span> <span class='ocrx_word' id='word_1_137' title='bbox 579 1943 735 2003; x_wconf 86' lang='lat' dir='ltr'><strong>audiantur.</strong></span> 
     </span>
    </p>

    <p class='ocr_par' dir='ltr' id='par_1_4' title="bbox 178 2042 1271 2609">
     <span class='ocr_line' id='line_1_16' title="bbox 220 2042 1268 2120; baseline 0.003 -21"><span class='ocrx_word' id='word_1_138' title='bbox 220 2047 266 2101; x_wconf 85' lang='lat'><strong>18.</strong></span> <span class='ocrx_word' id='word_1_139' title='bbox 288 2042 472 2102; x_wconf 79' lang='lat' dir='ltr'><strong>Arecitando</strong></span> <span class='ocrx_word' id='word_1_140' title='bbox 485 2043 580 2101; x_wconf 91' lang='lat' dir='ltr'><strong>officio</strong></span> <span class='ocrx_word' id='word_1_141' title='bbox 597 2052 750 2102; x_wconf 83' lang='lat' dir='ltr'><strong>excusatur</strong></span> <span class='ocrx_word' id='word_1_142' title='bbox 770 2044 835 2117; x_wconf 91' lang='lat' dir='ltr'><strong>quis</strong></span> <span class='ocrx_word' id='word_1_143' title='bbox 855 2043 932 2120; x_wconf 83' lang='lat' dir='ltr'><strong>gravi</strong></span> <span class='ocrx_word' id='word_1_144' title='bbox 949 2043 1119 2112; x_wconf 88' lang='lat' dir='ltr'><strong>infirmitate,</strong></span> <span class='ocrx_word' id='word_1_145' title='bbox 1140 2045 1185 2102; x_wconf 89' lang='lat' dir='ltr'><strong>vel</strong></span> <span class='ocrx_word' id='word_1_146' title='bbox 1205 2062 1268 2118; x_wconf 73' lang='lat' dir='ltr'><strong>quse</strong></span> 
     </span>
     <span class='ocr_line' id='line_1_17' title="bbox 178 2133 1267 2220; baseline 0.005 -23"><span class='ocrx_word' id='word_1_147' title='bbox 178 2160 261 2218; x_wconf 87' lang='lat' dir='ltr'><strong>grave</strong></span> <span class='ocrx_word' id='word_1_148' title='bbox 276 2143 428 2200; x_wconf 87' lang='lat' dir='ltr'><strong>discrimen</strong></span> <span class='ocrx_word' id='word_1_149' title='bbox 442 2160 539 2200; x_wconf 90' lang='lat' dir='ltr'><strong>secum</strong></span> <span class='ocrx_word' id='word_1_150' title='bbox 553 2133 629 2200; x_wconf 87' lang='lat' dir='ltr'><strong>fert.¹</strong></span> <span class='ocrx_word' id='word_1_151' title='bbox 652 2141 761 2200; x_wconf 88' lang='lat' dir='ltr'><strong>Medici</strong></span> <span class='ocrx_word' id='word_1_152' title='bbox 769 2153 862 2201; x_wconf 86' lang='lat' dir='ltr'><strong>autem</strong></span> <span class='ocrx_word' id='word_1_153' title='bbox 873 2141 918 2199; x_wconf 88' lang='lat' dir='ltr'><strong>vel</strong></span> <span class='ocrx_word' id='word_1_154' title='bbox 931 2142 1077 2217; x_wconf 89' lang='lat' dir='ltr'><strong>pmdentis</strong></span> <span class='ocrx_word' id='word_1_155' title='bbox 1086 2143 1139 2200; x_wconf 89' lang='lat' dir='ltr'><strong>viri</strong></span> <span class='ocrx_word' id='word_1_156' title='bbox 1148 2141 1267 2220; x_wconf 87' lang='lat' dir='ltr'><strong>judicic,</strong></span> 
     </span>
     <span class='ocr_line' id='line_1_18' title="bbox 179 2239 1270 2318; baseline 0.002 -21"><span class='ocrx_word' id='word_1_157' title='bbox 179 2243 335 2316; x_wconf 76' lang='lat' dir='ltr'><strong>presertim</strong></span> <span class='ocrx_word' id='word_1_158' title='bbox 345 2240 512 2318; x_wconf 88' lang='lat' dir='ltr'><strong>superioris,</strong></span> <span class='ocrx_word' id='word_1_159' title='bbox 524 2239 654 2298; x_wconf 88' lang='lat' dir='ltr'><strong>standum</strong></span> <span class='ocrx_word' id='word_1_160' title='bbox 668 2241 730 2309; x_wconf 89' lang='lat' dir='ltr'><strong>erit,</strong></span> <span class='ocrx_word' id='word_1_161' title='bbox 741 2241 766 2298; x_wconf 88' lang='lat' dir='ltr'><strong>si</strong></span> <span class='ocrx_word' id='word_1_162' title='bbox 778 2261 825 2299; x_wconf 87' lang='lat' dir='ltr'><strong>res</strong></span> <span class='ocrx_word' id='word_1_163' title='bbox 839 2241 923 2298; x_wconf 92' lang='lat' dir='ltr'><strong>dubia</strong></span> <span class='ocrx_word' id='word_1_164' title='bbox 936 2239 1072 2299; x_wconf 86' lang='lat' dir='ltr'><strong>videatur.</strong></span> <span class='ocrx_word' id='word_1_165' title='bbox 1087 2241 1187 2299; x_wconf 84' lang='lat' dir='ltr'><strong>Febris</strong></span> <span class='ocrx_word' id='word_1_166' title='bbox 1197 2242 1270 2317; x_wconf 90' lang='lat' dir='ltr'><strong>peri·</strong></span> 
     </span>
     <span class='ocr_line' id='line_1_19' title="bbox 180 2339 1268 2416; baseline 0.003 -20"><span class='ocrx_word' id='word_1_167' title='bbox 180 2340 285 2407; x_wconf 89' lang='lat' dir='ltr'><strong>culum,</strong></span> <span class='ocrx_word' id='word_1_168' title='bbox 307 2341 398 2416; x_wconf 86' lang='lat' dir='ltr'><strong>capite</strong></span> <span class='ocrx_word' id='word_1_169' title='bbox 417 2340 478 2416; x_wconf 89' lang='lat' dir='ltr'><strong>jam</strong></span> <span class='ocrx_word' id='word_1_170' title='bbox 506 2339 706 2407; x_wconf 82' lang='lat' dir='ltr'><strong>incalescente,</strong></span> <span class='ocrx_word' id='word_1_171' title='bbox 733 2341 780 2397; x_wconf 86' lang='lat' dir='ltr'><strong>vel</strong></span> <span class='ocrx_word' id='word_1_172' title='bbox 806 2339 955 2398; x_wconf 77' lang='lat' dir='ltr'><strong>dementiae</strong></span> <span class='ocrx_word' id='word_1_173' title='bbox 982 2339 1146 2408; x_wconf 87' lang='lat' dir='ltr'><strong>discrimen,</strong></span> <span class='ocrx_word' id='word_1_174' title='bbox 1173 2341 1268 2399; x_wconf 90' lang='lat' dir='ltr'><strong>animo</strong></span> 
     </span>
     <span class='ocr_line' id='line_1_20' title="bbox 178 2437 1271 2516; baseline -0.001 -20"><span class='ocrx_word' id='word_1_175' title='bbox 178 2438 262 2498; x_wconf 89' lang='lat' dir='ltr'><strong>nimis</strong></span> <span class='ocrx_word' id='word_1_176' title='bbox 286 2439 397 2497; x_wconf 90' lang='lat' dir='ltr'><strong>solicito</strong></span> <span class='ocrx_word' id='word_1_177' title='bbox 420 2447 449 2496; x_wconf 87' lang='lat' dir='ltr'><strong>et</strong></span> <span class='ocrx_word' id='word_1_178' title='bbox 470 2438 638 2515; x_wconf 88' lang='lat' dir='ltr'><strong>scrupuloso</strong></span> <span class='ocrx_word' id='word_1_179' title='bbox 660 2437 696 2496; x_wconf 91' lang='lat' dir='ltr'><strong>de</strong></span> <span class='ocrx_word' id='word_1_180' title='bbox 722 2439 842 2498; x_wconf 88' lang='lat' dir='ltr'><strong>vocibus</strong></span> <span class='ocrx_word' id='word_1_181' title='bbox 864 2437 983 2515; x_wconf 83' lang='lat' dir='ltr'><strong>singulis</strong></span> <span class='ocrx_word' id='word_1_182' title='bbox 1009 2439 1199 2516; x_wconf 87' lang='lat' dir='ltr'><strong>proferendis,</strong></span> <span class='ocrx_word' id='word_1_183' title='bbox 1219 2439 1271 2498; x_wconf 91' lang='lat' dir='ltr'><strong>erit</strong></span> 
     </span>
     <span class='ocr_line' id='line_1_21' title="bbox 178 2536 1147 2609; baseline 0.006 -17"><span class='ocrx_word' id='word_1_184' title='bbox 178 2536 282 2596; x_wconf 88' lang='lat' dir='ltr'><strong>idonea</strong></span> <span class='ocrx_word' id='word_1_185' title='bbox 295 2557 382 2595; x_wconf 88' lang='lat' dir='ltr'><strong>causa</strong></span> <span class='ocrx_word' id='word_1_186' title='bbox 400 2557 450 2596; x_wconf 90' lang='lat' dir='ltr'><strong>cur</strong></span> <span class='ocrx_word' id='word_1_187' title='bbox 463 2539 527 2609; x_wconf 90' lang='lat' dir='ltr'><strong>quis</strong></span> <span class='ocrx_word' id='word_1_188' title='bbox 539 2546 699 2595; x_wconf 86' lang='lat' dir='ltr'><strong>excusetur.</strong></span> <span class='ocrx_word' id='word_1_189' title='bbox 1145 2591 1147 2598; x_wconf 93' lang='lat'><strong>.</strong></span> 
     </span>
    </p>

    <p class='ocr_par' dir='ltr' id='par_1_5' title="bbox 181 2635 1275 3798">
     <span class='ocr_line' id='line_1_22' title="bbox 220 2635 1270 2714; baseline -0.002 -20"><span class='ocrx_word' id='word_1_190' title='bbox 220 2641 267 2694; x_wconf 89' lang='grc'><strong>19.</strong></span> <span class='ocrx_word' id='word_1_191' title='bbox 290 2637 393 2695; x_wconf 88' lang='lat' dir='ltr'><strong>Gravis</strong></span> <span class='ocrx_word' id='word_1_192' title='bbox 413 2646 442 2694; x_wconf 86' lang='lat' dir='ltr'><strong>et</strong></span> <span class='ocrx_word' id='word_1_193' title='bbox 459 2638 609 2714; x_wconf 88' lang='lat' dir='ltr'><strong>repentina</strong></span> <span class='ocrx_word' id='word_1_194' title='bbox 628 2637 787 2711; x_wconf 91' lang='lat' dir='ltr'><strong>occupatio,</strong></span> <span class='ocrx_word' id='word_1_195' title='bbox 799 2653 864 2708; x_wconf 82' lang='lat' dir='ltr'><strong>quoe</strong></span> <span class='ocrx_word' id='word_1_196' title='bbox 878 2636 1037 2692; x_wconf 85' lang='lat' dir='ltr'><strong>necessaria</strong></span> <span class='ocrx_word' id='word_1_197' title='bbox 1050 2645 1104 2704; x_wconf 87' lang='lat' dir='ltr'><strong>est,</strong></span> <span class='ocrx_word' id='word_1_198' title='bbox 1121 2635 1208 2694; x_wconf 87' lang='lat' dir='ltr'><strong>ctiam</strong></span> <span class='ocrx_word' id='word_1_199' title='bbox 1221 2654 1270 2692; x_wconf 84' lang='lat' dir='ltr'><strong>ex·</strong></span> 
     </span>
     <span class='ocr_line' id='line_1_23' title="bbox 181 2732 1271 2809; baseline -0.001 -18"><span class='ocrx_word' id='word_1_200' title='bbox 181 2744 277 2792; x_wconf 86' lang='lat' dir='ltr'><strong>cusat:</strong></span> <span class='ocrx_word' id='word_1_201' title='bbox 300 2734 375 2791; x_wconf 85' lang='lat' dir='ltr'><strong>sicut</strong></span> <span class='ocrx_word' id='word_1_202' title='bbox 395 2736 420 2792; x_wconf 92' lang='lat' dir='ltr'><strong>si</strong></span> <span class='ocrx_word' id='word_1_203' title='bbox 442 2735 507 2806; x_wconf 91' lang='lat' dir='ltr'><strong>quis</strong></span> <span class='ocrx_word' id='word_1_204' title='bbox 530 2745 620 2792; x_wconf 88' lang='lat' dir='ltr'><strong>totum</strong></span> <span class='ocrx_word' id='word_1_205' title='bbox 643 2734 720 2792; x_wconf 91' lang='lat' dir='ltr'><strong>diem</strong></span> <span class='ocrx_word' id='word_1_206' title='bbox 743 2734 843 2792; x_wconf 88' lang='lat' dir='ltr'><strong>debeat</strong></span> <span class='ocrx_word' id='word_1_207' title='bbox 862 2732 1027 2808; x_wconf 87' lang='lat' dir='ltr'><strong>impendere</strong></span> <span class='ocrx_word' id='word_1_208' title='bbox 1047 2734 1158 2809; x_wconf 75' lang='lat' dir='ltr'><strong>aegrotn</strong></span> <span class='ocrx_word' id='word_1_209' title='bbox 1171 2735 1271 2792; x_wconf 85' lang='lat' dir='ltr'><strong>subve-</strong></span> 
     </span>
     <span class='ocr_line' id='line_1_24' title="bbox 181 2831 1270 2899; baseline 0 -9"><span class='ocrx_word' id='word_1_210' title='bbox 181 2831 316 2899; x_wconf 81' lang='lat' dir='ltr'><strong>niendis3</strong></span> <span class='ocrx_word' id='word_1_211' title='bbox 338 2851 390 2890; x_wconf 89' lang='lat' dir='ltr'><strong>nec</strong></span> <span class='ocrx_word' id='word_1_212' title='bbox 412 2835 487 2891; x_wconf 90' lang='lat' dir='ltr'><strong>enim</strong></span> <span class='ocrx_word' id='word_1_213' title='bbox 511 2835 571 2891; x_wconf 85' lang='lat' dir='ltr'><strong>vult</strong></span> <span class='ocrx_word' id='word_1_214' title='bbox 593 2834 727 2891; x_wconf 86' lang='lat' dir='ltr'><strong>Ecclesia</strong></span> <span class='ocrx_word' id='word_1_215' title='bbox 748 2842 780 2890; x_wconf 85' lang='lat' dir='ltr'><strong>ut</strong></span> <span class='ocrx_word' id='word_1_216' title='bbox 799 2832 958 2891; x_wconf 85' lang='lat' dir='ltr'><strong>neccssaria</strong></span> <span class='ocrx_word' id='word_1_217' title='bbox 977 2832 1074 2889; x_wconf 86' lang='lat' dir='ltr'><strong>munia</strong></span> <span class='ocrx_word' id='word_1_218' title='bbox 1098 2831 1270 2890; x_wconf 84' lang='lat' dir='ltr'><strong>omittantur.</strong></span> 
     </span>
     <span class='ocr_line' id='line_1_25' title="bbox 182 2929 1271 3010; baseline 0.001 -22"><span class='ocrx_word' id='word_1_219' title='bbox 182 2931 329 2990; x_wconf 76' lang='lat' dir='ltr'><strong>Ceterum</strong></span> <span class='ocrx_word' id='word_1_220' title='bbox 345 2933 465 3004; x_wconf 86' lang='lat' dir='ltr'><strong>quisque</strong></span> <span class='ocrx_word' id='word_1_221' title='bbox 480 2951 638 3010; x_wconf 80' lang='lat' dir='ltr'><strong>precavere</strong></span> <span class='ocrx_word' id='word_1_222' title='bbox 658 2931 750 3000; x_wconf 90' lang='lat' dir='ltr'><strong>debet,</strong></span> <span class='ocrx_word' id='word_1_223' title='bbox 765 2941 793 2989; x_wconf 91' lang='lat' dir='ltr'><strong>et</strong></span> <span class='ocrx_word' id='word_1_224' title='bbox 805 2949 888 2988; x_wconf 88' lang='lat' dir='ltr'><strong>mane</strong></span> <span class='ocrx_word' id='word_1_225' title='bbox 902 2931 1018 2989; x_wconf 86' lang='lat' dir='ltr'><strong>recitare</strong></span> <span class='ocrx_word' id='word_1_226' title='bbox 1032 2929 1157 2988; x_wconf 88' lang='lat' dir='ltr'><strong>officium</strong></span> <span class='ocrx_word' id='word_1_227' title='bbox 1171 2941 1271 2998; x_wconf 89' lang='lat' dir='ltr'><strong>totum,</strong></span> 
     </span>
     <span class='ocr_line' id='line_1_26' title="bbox 181 3028 1272 3107; baseline 0 -20"><span class='ocrx_word' id='word_1_228' title='bbox 181 3030 208 3087; x_wconf 92' lang='lat' dir='ltr'><strong>si</strong></span> <span class='ocrx_word' id='word_1_229' title='bbox 230 3029 383 3106; x_wconf 73' lang='lat' dir='ltr'><strong>praevideat</strong></span> <span class='ocrx_word' id='word_1_230' title='bbox 401 3040 535 3090; x_wconf 88' lang='lat' dir='ltr'><strong>eventura</strong></span> <span class='ocrx_word' id='word_1_231' title='bbox 554 3048 620 3088; x_wconf 91' lang='lat' dir='ltr'><strong>esse</strong></span> <span class='ocrx_word' id='word_1_232' title='bbox 649 3030 784 3107; x_wconf 85' lang='lat' dir='ltr'><strong>deinceps</strong></span> <span class='ocrx_word' id='word_1_233' title='bbox 805 3048 868 3104; x_wconf 86' lang='lat' dir='ltr'><strong>quae</strong></span> <span class='ocrx_word' id='word_1_234' title='bbox 888 3048 954 3088; x_wconf 88' lang='lat' dir='ltr'><strong>eum</strong></span> <span class='ocrx_word' id='word_1_235' title='bbox 975 3031 1094 3088; x_wconf 87' lang='lat' dir='ltr'><strong>omnino</strong></span> <span class='ocrx_word' id='word_1_236' title='bbox 1120 3028 1272 3089; x_wconf 90' lang='lat' dir='ltr'><strong>detineant.</strong></span> 
     </span>
     <span class='ocr_line' id='line_1_27' title="bbox 184 3129 1273 3206; baseline 0 -20"><span class='ocrx_word' id='word_1_237' title='bbox 184 3129 240 3194; x_wconf 84' lang='lat' dir='ltr'><strong>Qui</strong></span> <span class='ocrx_word' id='word_1_238' title='bbox 255 3138 409 3206; x_wconf 89' lang='lat' dir='ltr'><strong>occupatur</strong></span> <span class='ocrx_word' id='word_1_239' title='bbox 422 3131 452 3188; x_wconf 91' lang='lat' dir='ltr'><strong>in</strong></span> <span class='ocrx_word' id='word_1_240' title='bbox 466 3129 615 3189; x_wconf 88' lang='lat' dir='ltr'><strong>audiendis</strong></span> <span class='ocrx_word' id='word_1_241' title='bbox 629 3131 856 3188; x_wconf 86' lang='lat' dir='ltr'><strong>confessionibus</strong></span> <span class='ocrx_word' id='word_1_242' title='bbox 876 3147 974 3186; x_wconf 89' lang='lat' dir='ltr'><strong>eorum</strong></span> <span class='ocrx_word' id='word_1_243' title='bbox 988 3130 1037 3200; x_wconf 90' lang='lat' dir='ltr'><strong>qui</strong></span> <span class='ocrx_word' id='word_1_244' title='bbox 1050 3129 1157 3187; x_wconf 91' lang='lat' dir='ltr'><strong>viribus</strong></span> <span class='ocrx_word' id='word_1_245' title='bbox 1170 3131 1273 3196; x_wconf 83' lang='lat' dir='ltr'><strong>valent,</strong></span> 
     </span>
     <span class='ocr_line' id='line_1_28' title="bbox 186 3226 1274 3301; baseline -0.002 -17"><span class='ocrx_word' id='word_1_246' title='bbox 186 3246 242 3285; x_wconf 91' lang='lat' dir='ltr'><strong>non</strong></span> <span class='ocrx_word' id='word_1_247' title='bbox 254 3228 337 3286; x_wconf 91' lang='lat' dir='ltr'><strong>debet</strong></span> <span class='ocrx_word' id='word_1_248' title='bbox 349 3247 380 3286; x_wconf 88' lang='lat' dir='ltr'><strong>se</strong></span> <span class='ocrx_word' id='word_1_249' title='bbox 394 3230 499 3287; x_wconf 86' lang='lat' dir='ltr'><strong>habere</strong></span> <span class='ocrx_word' id='word_1_250' title='bbox 513 3238 680 3286; x_wconf 86' lang='lat' dir='ltr'><strong>excusatum</strong></span> <span class='ocrx_word' id='word_1_251' title='bbox 695 3247 711 3284; x_wconf 89' lang='lat' dir='ltr'><strong>a</strong></span> <span class='ocrx_word' id='word_1_252' title='bbox 724 3226 866 3284; x_wconf 84' lang='lat' dir='ltr'><strong>recitando</strong></span> <span class='ocrx_word' id='word_1_253' title='bbox 881 3226 1037 3292; x_wconf 87' lang='lat' dir='ltr'><strong>Breviario,</strong></span> <span class='ocrx_word' id='word_1_254' title='bbox 1052 3227 1108 3283; x_wconf 89' lang='lat' dir='ltr'><strong>nisi</strong></span> <span class='ocrx_word' id='word_1_255' title='bbox 1121 3228 1274 3301; x_wconf 88' lang='lat' dir='ltr'><strong>superioris</strong></span> 
     </span>
     <span class='ocr_line' id='line_1_29' title="bbox 184 3322 1274 3394; baseline -0.004 -11"><span class='ocrx_word' id='word_1_256' title='bbox 184 3326 300 3384; x_wconf 89' lang='lat' dir='ltr'><strong>accedat</strong></span> <span class='ocrx_word' id='word_1_257' title='bbox 318 3329 486 3394; x_wconf 80' lang='lat' dir='ltr'><strong>auctoritas3</strong></span> <span class='ocrx_word' id='word_1_258' title='bbox 508 3345 561 3384; x_wconf 87' lang='lat' dir='ltr'><strong>nec</strong></span> <span class='ocrx_word' id='word_1_259' title='bbox 584 3328 662 3385; x_wconf 85' lang='lat' dir='ltr'><strong>enim</strong></span> <span class='ocrx_word' id='word_1_260' title='bbox 684 3336 729 3384; x_wconf 88' lang='lat' dir='ltr'><strong>cst</strong></span> <span class='ocrx_word' id='word_1_261' title='bbox 747 3342 865 3383; x_wconf 86' lang='lat' dir='ltr'><strong>neccsse</strong></span> <span class='ocrx_word' id='word_1_262' title='bbox 878 3333 909 3380; x_wconf 91' lang='lat' dir='ltr'><strong>ut</strong></span> <span class='ocrx_word' id='word_1_263' title='bbox 922 3333 988 3381; x_wconf 89' lang='lat' dir='ltr'><strong>tunc</strong></span> <span class='ocrx_word' id='word_1_264' title='bbox 1001 3322 1159 3381; x_wconf 89' lang='lat' dir='ltr'><strong>audiantur.</strong></span> <span class='ocrx_word' id='word_1_265' title='bbox 1201 3325 1274 3381; x_wconf 89' lang='lat' dir='ltr'><strong>Mis-</strong></span> 
     </span>
     <span class='ocr_line' id='line_1_30' title="bbox 186 3422 1275 3503; baseline -0.004 -22"><span class='ocrx_word' id='word_1_266' title='bbox 186 3425 317 3484; x_wconf 86' lang='lat' dir='ltr'><strong>sionariis</strong></span> <span class='ocrx_word' id='word_1_267' title='bbox 339 3428 369 3484; x_wconf 90' lang='lat' dir='ltr'><strong>in</strong></span> <span class='ocrx_word' id='word_1_268' title='bbox 388 3426 442 3484; x_wconf 87' lang='lat' dir='ltr'><strong>hac</strong></span> <span class='ocrx_word' id='word_1_269' title='bbox 462 3426 579 3503; x_wconf 80' lang='lat' dir='ltr'><strong>regione</strong></span> <span class='ocrx_word' id='word_1_270' title='bbox 600 3425 760 3503; x_wconf 87' lang='lat' dir='ltr'><strong>indulgetur</strong></span> <span class='ocrx_word' id='word_1_271' title='bbox 778 3435 810 3482; x_wconf 91' lang='lat' dir='ltr'><strong>ut</strong></span> <span class='ocrx_word' id='word_1_272' title='bbox 829 3423 981 3481; x_wconf 89' lang='lat' dir='ltr'><strong>Rosarium</strong></span> <span class='ocrx_word' id='word_1_273' title='bbox 1006 3423 1135 3487; x_wconf 87' lang='lat' dir='ltr'><strong>recitent,</strong></span> <span class='ocrx_word' id='word_1_274' title='bbox 1162 3422 1275 3493; x_wconf 87' lang='lat' dir='ltr'><strong>quoties</strong></span> 
     </span>
     <span class='ocr_line' id='line_1_31' title="bbox 182 3519 1274 3600; baseline -0.005 -18"><span class='ocrx_word' id='word_1_275' title='bbox 182 3523 375 3600; x_wconf 89' lang='lat' dir='ltr'><strong>impediuntur</strong></span> <span class='ocrx_word' id='word_1_276' title='bbox 393 3545 430 3583; x_wconf 89' lang='lat' dir='ltr'><strong>ne</strong></span> <span class='ocrx_word' id='word_1_277' title='bbox 450 3526 569 3583; x_wconf 87' lang='lat' dir='ltr'><strong>recitent</strong></span> <span class='ocrx_word' id='word_1_278' title='bbox 588 3523 745 3590; x_wconf 90' lang='lat' dir='ltr'><strong>Officium;</strong></span> <span class='ocrx_word' id='word_1_279' title='bbox 766 3522 818 3580; x_wconf 92' lang='lat' dir='ltr'><strong>sed</strong></span> <span class='ocrx_word' id='word_1_280' title='bbox 837 3538 900 3579; x_wconf 87' lang='lat' dir='ltr'><strong>raro</strong></span> <span class='ocrx_word' id='word_1_281' title='bbox 921 3529 948 3577; x_wconf 91' lang='lat' dir='ltr'><strong>et</strong></span> <span class='ocrx_word' id='word_1_282' title='bbox 967 3521 1044 3596; x_wconf 85' lang='lat' dir='ltr'><strong>gravi</strong></span> <span class='ocrx_word' id='word_1_283' title='bbox 1067 3519 1219 3578; x_wconf 89' lang='lat' dir='ltr'><strong>admodum</strong></span> <span class='ocrx_word' id='word_1_284' title='bbox 1239 3519 1274 3577; x_wconf 92' lang='lat' dir='ltr'><strong>de</strong></span> 
     </span>
     <span class='ocr_line' id='line_1_32' title="bbox 184 3618 1275 3699; baseline -0.003 -20"><span class='ocrx_word' id='word_1_285' title='bbox 184 3640 269 3679; x_wconf 86' lang='lat' dir='ltr'><strong>causa</strong></span> <span class='ocrx_word' id='word_1_286' title='bbox 282 3624 364 3682; x_wconf 89' lang='lat' dir='ltr'><strong>venia</strong></span> <span class='ocrx_word' id='word_1_287' title='bbox 376 3624 429 3682; x_wconf 89' lang='lat' dir='ltr'><strong>hac</strong></span> <span class='ocrx_word' id='word_1_288' title='bbox 443 3625 483 3682; x_wconf 88' lang='lat' dir='ltr'><strong>uti</strong></span> <span class='ocrx_word' id='word_1_289' title='bbox 497 3623 587 3690; x_wconf 91' lang='lat' dir='ltr'><strong>decet,</strong></span> <span class='ocrx_word' id='word_1_290' title='bbox 602 3642 690 3696; x_wconf 92' lang='lat' dir='ltr'><strong>quum</strong></span> <span class='ocrx_word' id='word_1_291' title='bbox 701 3622 868 3699; x_wconf 89' lang='lat' dir='ltr'><strong>plerumque</strong></span> <span class='ocrx_word' id='word_1_292' title='bbox 882 3618 1041 3678; x_wconf 82' lang='lat' dir='ltr'><strong>volentibus</strong></span> <span class='ocrx_word' id='word_1_293' title='bbox 1054 3619 1091 3678; x_wconf 89' lang='lat' dir='ltr'><strong>sit</strong></span> <span class='ocrx_word' id='word_1_294' title='bbox 1103 3619 1185 3694; x_wconf 88' lang='lat' dir='ltr'><strong>copia</strong></span> <span class='ocrx_word' id='word_1_295' title='bbox 1198 3635 1275 3676; x_wconf 91' lang='lat' dir='ltr'><strong>com·</strong></span> 
     </span>
     <span class='ocr_line' id='line_1_33' title="bbox 184 3716 945 3798; baseline -0.004 -20"><span class='ocrx_word' id='word_1_296' title='bbox 184 3739 270 3779; x_wconf 90' lang='lat' dir='ltr'><strong>mune</strong></span> <span class='ocrx_word' id='word_1_297' title='bbox 284 3721 355 3779; x_wconf 93' lang='lat' dir='ltr'><strong>illud</strong></span> <span class='ocrx_word' id='word_1_298' title='bbox 367 3740 471 3780; x_wconf 91' lang='lat' dir='ltr'><strong>munus</strong></span> <span class='ocrx_word' id='word_1_299' title='bbox 485 3722 741 3779; x_wconf 87' lang='lat' dir='ltr'><strong>ecclesiasticorum</strong></span> <span class='ocrx_word' id='word_1_300' title='bbox 755 3716 945 3798; x_wconf 87' lang='lat' dir='ltr'><strong>persolvendi.</strong></span> 
     </span>
    </p>

    <p class='ocr_par' dir='ltr' id='par_1_6' title="bbox 185 3816 1278 4291">
     <span class='ocr_line' id='line_1_34' title="bbox 224 3816 1276 3896; baseline -0.002 -20"><span class='ocrx_word' id='word_1_301' title='bbox 224 3823 273 3877; x_wconf 86' lang='lat'><strong>20.</strong></span> <span class='ocrx_word' id='word_1_302' title='bbox 295 3820 465 3896; x_wconf 85' lang='lat' dir='ltr'><strong>lmpotentia</strong></span> <span class='ocrx_word' id='word_1_303' title='bbox 475 3821 611 3878; x_wconf 86' lang='lat' dir='ltr'><strong>recitandi</strong></span> <span class='ocrx_word' id='word_1_304' title='bbox 625 3829 686 3877; x_wconf 91' lang='lat' dir='ltr'><strong>orta</strong></span> <span class='ocrx_word' id='word_1_305' title='bbox 699 3838 736 3877; x_wconf 80' lang='lat' dir='ltr'><strong>ex</strong></span> <span class='ocrx_word' id='word_1_306' title='bbox 749 3820 874 3877; x_wconf 76' lang='lat' dir='ltr'><strong>cecitate</strong></span> <span class='ocrx_word' id='word_1_307' title='bbox 888 3816 998 3876; x_wconf 87' lang='lat' dir='ltr'><strong>videtur</strong></span> <span class='ocrx_word' id='word_1_308' title='bbox 1010 3817 1126 3876; x_wconf 90' lang='lat' dir='ltr'><strong>omnino</strong></span> <span class='ocrx_word' id='word_1_309' title='bbox 1140 3833 1276 3880; x_wconf 85' lang='lat' dir='ltr'><strong>excusare</strong></span> 
     </span>
     <span class='ocr_line' id='line_1_35' title="bbox 185 3915 1278 3996; baseline -0.005 -20"><span class='ocrx_word' id='word_1_310' title='bbox 185 3939 201 3976; x_wconf 89' lang='lat' dir='ltr'><strong>a</strong></span> <span class='ocrx_word' id='word_1_311' title='bbox 213 3917 357 3976; x_wconf 88' lang='lat' dir='ltr'><strong>recitando</strong></span> <span class='ocrx_word' id='word_1_312' title='bbox 379 3918 487 3988; x_wconf 90' lang='lat' dir='ltr'><strong>officio,</strong></span> <span class='ocrx_word' id='word_1_313' title='bbox 508 3920 575 3977; x_wconf 92' lang='lat' dir='ltr'><strong>licet</strong></span> <span class='ocrx_word' id='word_1_314' title='bbox 588 3919 652 3992; x_wconf 90' lang='lat' dir='ltr'><strong>quis</strong></span> <span class='ocrx_word' id='word_1_315' title='bbox 667 3920 757 3996; x_wconf 85' lang='lat' dir='ltr'><strong>possit</strong></span> <span class='ocrx_word' id='word_1_316' title='bbox 770 3928 881 3994; x_wconf 87' lang='lat' dir='ltr'><strong>partem</strong></span> <span class='ocrx_word' id='word_1_317' title='bbox 903 3917 966 3992; x_wconf 89' lang='lat' dir='ltr'><strong>ejus</strong></span> <span class='ocrx_word' id='word_1_318' title='bbox 980 3916 1102 3986; x_wconf 89' lang='lat' dir='ltr'><strong>aliquam</strong></span> <span class='ocrx_word' id='word_1_319' title='bbox 1115 3915 1278 3972; x_wconf 87' lang='lat' dir='ltr'><strong>memoriter</strong></span> 
     </span>
     <span class='ocr_line' id='line_1_36' title="bbox 186 4013 1278 4094; baseline -0.002 -21"><span class='ocrx_word' id='word_1_320' title='bbox 186 4016 328 4094; x_wconf 85' lang='lat' dir='ltr'><strong>proferre:</strong></span> <span class='ocrx_word' id='word_1_321' title='bbox 350 4037 416 4076; x_wconf 89' lang='lat' dir='ltr'><strong>narn</strong></span> <span class='ocrx_word' id='word_1_322' title='bbox 430 4017 555 4077; x_wconf 89' lang='lat' dir='ltr'><strong>conditio</strong></span> <span class='ocrx_word' id='word_1_323' title='bbox 569 4019 637 4076; x_wconf 82' lang='lat' dir='ltr'><strong>caeci</strong></span> <span class='ocrx_word' id='word_1_324' title='bbox 657 4036 691 4074; x_wconf 87' lang='lat' dir='ltr'><strong>ea</strong></span> <span class='ocrx_word' id='word_1_325' title='bbox 703 4027 747 4074; x_wconf 89' lang='lat' dir='ltr'><strong>est</strong></span> <span class='ocrx_word' id='word_1_326' title='bbox 761 4035 824 4090; x_wconf 83' lang='lat' dir='ltr'><strong>quae</strong></span> <span class='ocrx_word' id='word_1_327' title='bbox 841 4033 898 4093; x_wconf 82' lang='lat' dir='ltr'><strong>per</strong></span> <span class='ocrx_word' id='word_1_328' title='bbox 917 4031 947 4071; x_wconf 80' lang='lat' dir='ltr'><strong>se</strong></span> <span class='ocrx_word' id='word_1_329' title='bbox 966 4013 1112 4071; x_wconf 90' lang='lat' dir='ltr'><strong>hominem</strong></span> <span class='ocrx_word' id='word_1_330' title='bbox 1125 4013 1153 4070; x_wconf 92' lang='lat' dir='ltr'><strong>ei</strong></span> <span class='ocrx_word' id='word_1_331' title='bbox 1166 4015 1278 4071; x_wconf 88' lang='lat' dir='ltr'><strong>muneri</strong></span> 
     </span>
     <span class='ocr_line' id='line_1_37' title="bbox 186 4111 1277 4196; baseline -0.004 -24"><span class='ocrx_word' id='word_1_332' title='bbox 186 4116 326 4192; x_wconf 88' lang='lat' dir='ltr'><strong>imparem</strong></span> <span class='ocrx_word' id='word_1_333' title='bbox 339 4115 424 4182; x_wconf 83' lang='lat' dir='ltr'><strong>sacit3</strong></span> <span class='ocrx_word' id='word_1_334' title='bbox 445 4127 473 4174; x_wconf 89' lang='lat' dir='ltr'><strong>et</strong></span> <span class='ocrx_word' id='word_1_335' title='bbox 486 4136 542 4196; x_wconf 84' lang='lat' dir='ltr'><strong>per</strong></span> <span class='ocrx_word' id='word_1_336' title='bbox 565 4115 702 4176; x_wconf 77' lang='lat' dir='ltr'><strong>accidens</strong></span> <span class='ocrx_word' id='word_1_337' title='bbox 716 4123 804 4171; x_wconf 88' lang='lat' dir='ltr'><strong>estut</strong></span> <span class='ocrx_word' id='word_1_338' title='bbox 817 4115 879 4186; x_wconf 90' lang='lat' dir='ltr'><strong>quis</strong></span> <span class='ocrx_word' id='word_1_339' title='bbox 894 4111 1092 4188; x_wconf 81' lang='lat' dir='ltr'><strong>aliquamejns</strong></span> <span class='ocrx_word' id='word_1_340' title='bbox 1105 4120 1214 4188; x_wconf 86' lang='lat' dir='ltr'><strong>partem</strong></span> <span class='ocrx_word' id='word_1_341' title='bbox 1228 4129 1277 4169; x_wconf 82' lang='lat' dir='ltr'><strong>ex-</strong></span> 
     </span>
     <span class='ocr_line' id='line_1_38' title="bbox 186 4210 1276 4291; baseline -0.002 -21"><span class='ocrx_word' id='word_1_342' title='bbox 186 4213 265 4291; x_wconf 88' lang='lat' dir='ltr'><strong>plere</strong></span> <span class='ocrx_word' id='word_1_343' title='bbox 279 4214 378 4274; x_wconf 86' lang='lat' dir='ltr'><strong>valeat.</strong></span> <span class='ocrx_word' id='word_1_344' title='bbox 421 4215 506 4282; x_wconf 85' lang='lat' dir='ltr'><strong>Quod</strong></span> <span class='ocrx_word' id='word_1_345' title='bbox 525 4217 551 4274; x_wconf 91' lang='lat' dir='ltr'><strong>si</strong></span> <span class='ocrx_word' id='word_1_346' title='bbox 572 4217 637 4290; x_wconf 87' lang='lat' dir='ltr'><strong>quis</strong></span> <span class='ocrx_word' id='word_1_347' title='bbox 650 4215 791 4290; x_wconf 87' lang='lat' dir='ltr'><strong>impotens</strong></span> <span class='ocrx_word' id='word_1_348' title='bbox 805 4212 854 4270; x_wconf 90' lang='lat' dir='ltr'><strong>fiat</strong></span> <span class='ocrx_word' id='word_1_349' title='bbox 867 4210 902 4268; x_wconf 89' lang='lat' dir='ltr'><strong>ad</strong></span> <span class='ocrx_word' id='word_1_350' title='bbox 915 4220 1026 4287; x_wconf 88' lang='lat' dir='ltr'><strong>tempus</strong></span> <span class='ocrx_word' id='word_1_351' title='bbox 1040 4228 1077 4270; x_wconf 86' lang='lat' dir='ltr'><strong>ex</strong></span> <span class='ocrx_word' id='word_1_352' title='bbox 1090 4229 1156 4270; x_wconf 91' lang='lat' dir='ltr'><strong>casu</strong></span> <span class='ocrx_word' id='word_1_353' title='bbox 1171 4211 1276 4285; x_wconf 87' lang='lat' dir='ltr'><strong>aliquo,</strong></span> 
     </span>
    </p>
   </div>
   <div class='ocr_carea' id='block_1_3' title="bbox 225 4389 901 4539">
    <p class='ocr_par' dir='ltr' id='par_1_7' title="bbox 225 4389 901 4539">
     <span class='ocr_line' id='line_1_39' title="bbox 496 4389 901 4468; baseline -0.015 -16"><span class='ocrx_word' id='word_1_354' title='bbox 496 4389 499 4396; x_wconf 33' lang='lat'>¹</span> <span class='ocrx_word' id='word_1_355' title='bbox 603 4403 645 4468; x_wconf 90' lang='lat' dir='ltr'><strong>(l)</strong></span> <span class='ocrx_word' id='word_1_356' title='bbox 667 4399 729 4464; x_wconf 80' lang='lat' dir='ltr'><strong>Osp.</strong></span> <span class='ocrx_word' id='word_1_357' title='bbox 741 4397 774 4446; x_wconf 88' lang='lat' dir='ltr'><strong>iii.</strong></span> <span class='ocrx_word' id='word_1_358' title='bbox 785 4397 840 4450; x_wconf 82' lang='lat' dir='ltr'><strong>dist.</strong></span> <span class='ocrx_word' id='word_1_359' title='bbox 853 4397 901 4448; x_wconf 85' lang='lat' dir='ltr'><strong>xci.</strong></span> 
     </span>
     <span class='ocr_line' id='line_1_40' title="bbox 225 4478 431 4539; baseline 0.015 -3"><span class='ocrx_word' id='word_1_360' title='bbox 225 4478 303 4537; x_wconf 86' lang='lat' dir='ltr'><strong>Vor..</strong></span> <span class='ocrx_word' id='word_1_361' title='bbox 324 4479 431 4539; x_wconf 78' lang='lat' dir='ltr'><strong>I.-³[l</strong></span> 
     </span>
    </p>
   </div>
   <div class='ocr_carea' id='block_1_4' title="bbox 0 0 1568 5260">
    <p class='ocr_par' dir='ltr' id='par_1_8' title="bbox 0 0 1568 5260">
     <span class='ocr_line' id='line_1_41' title="bbox 0 0 1568 5260; baseline 0 0"><span class='ocrx_word' id='word_1_362' title='bbox 0 0 1568 5260; x_wconf 95' lang='lat' dir='ltr'><strong> </strong></span> 
     </span>
    </p>
   </div>
  </div>
 </body>
</html>
