3078 5258
727 1291 870 1352 CAPUT
890 1291 930 1351 11.

605 1525 653 1565 DE
681 1525 811 1565 RERUM
838 1521 1054 1566 ntthonn.

320 1703 349 1757 4.
371 1700 533 1759 Pruucrelo
547 1703 644 1762 omnia
656 1712 735 1761 erant
748 1705 921 1773 communie,
936 1711 1011 1762 totus
1024 1702 1130 1778 quippe
1150 1709 1285 1759 terrarum
1297 1699 1359 1758 orbis

281 1801 381 1877 generi
405 1799 532 1859 humano
553 1802 584 1860 in
606 1804 820 1880 possessionem
837 1801 918 1862 datus
941 1811 1003 1860 est:
1026 1810 1107 1859 aucto
1118 1807 1212 1858 temen
1224 1799 1360 1857 hominum

280 1916 399 1958 numero
411 1901 607 1975 unusquisque
621 1902 675 1959 sibi
689 1904 818 1962 sumebat
837 1920 900 1960 earn
919 1903 1081 1978 portionem
1101 1918 1187 1973 quam
1206 1907 1361 1976 poteratoc·

280 2016 393 2075 cupere,
417 2006 445 2056 et
467 1999 496 2058 in
519 2018 575 2073 qua
596 2000 714 2059 colende
736 2012 764 2059 et
786 2000 970 2060 custodienda
993 2019 1075 2059 suam
1095 1999 1219 2076 ponebat
1244 2015 1360 2074 operam.

281 2095 359 2154 Hinc
372 2097 491 2173 contigit
503 2116 597 2157 rerum
612 2097 725 2167 divisio,
741 2120 803 2173 quae
819 2099 854 2157 ad
869 2102 919 2178 jus
939 2099 1069 2177 gentium
1088 2097 1220 2174 pertinet,
1235 2107 1362 2170 quatenus

280 2196 352 2254 inter
365 2194 515 2254 hominurn
529 2197 736 2266 multitudines,
751 2218 814 2272 quae
828 2200 858 2256 in
872 2217 961 2258 unum
974 2205 1151 2275 congregatae
1165 2205 1241 2263 sunt,
1256 2195 1361 2272 singule

280 2295 310 2351 in
323 2295 486 2370 regionibus
500 2296 554 2355 sibi
577 2298 710 2374 sumptis,
732 2299 867 2356 convenit
886 2316 934 2355 eas
955 2299 1086 2374 regiones
1109 2295 1201 2371 gentis
1221 2285 1363 2372 cujuslibet

277 2409 341 2450 esee
354 2393 483 2468 proprias
496 2411 549 2469 pro
562 2396 649 2470 priori
663 2397 860 2472 occupationis
876 2398 941 2473 jure
953 2416 961 2464 ;
982 2416 1035 2455 nec
1049 2395 1127 2453 alteri
1141 2395 1219 2472 genti
1232 2395 1316 2452 licere
1326 2411 1362 2450 re·

278 2492 392 2568 gionem
398 2492 460 2567 jam
471 2501 638 2570 occupatam
649 2493 790 2564 invadere,
800 2496 1015 2571 possessoribus
1026 2495 1136 2572 ejectis.
1178 2493 1271 2569 Igitur
1280 2502 1363 2552 contra

275 2592 324 2667 jue
338 2591 465 2668 gentium
479 2599 579 2668 peccat
586 2594 661 2652 natio
675 2612 738 2666 quae
748 2592 864 2654 ditionis
877 2595 1023 2671 amplioris
1034 2593 1150 2652 libidine
1160 2603 1276 2669 gentem
1290 2593 1363 2651 aliam

278 2690 401 2759 lacessit,
416 2691 493 2751 nulla
507 2693 610 2771 injuria
623 2702 784 2771 provocata,
798 2712 919 2767 eamque
933 2695 1064 2752 exturbat
1076 2691 1212 2770 pellitque
1226 2710 1242 2748 e
1256 2693 1362 2770 regione

279 2809 364 2863 quarn
378 2793 548 2869 occupabat:
571 2793 645 2851 sicut
664 2805 784 2869 peccant
805 2793 909 2870 singuli
930 2803 1026 2852 contra
1045 2793 1094 2868 jus
1114 2792 1241 2868 gentium
1254 2801 1283 2848 et
1294 2791 1362 2867 leges

278 2891 476 2964 municipales,
491 2892 542 2963 qui
561 2891 680 2949 aliorum
700 2910 746 2949 res
766 2894 813 2951 vel
832 2893 1031 2969 possessiones
1052 2900 1198 2966 usurpant.
1241 2889 1361 2956 Quodsi

278 2987 427 3060 contigerit
439 2996 553 3062 gentem
567 3005 582 3044 c
597 2990 657 3045 suis
668 2990 733 3065 ejici
743 2991 856 3059 finibus,
867 2993 917 3068 jus
927 2991 1012 3050 habet
1021 2991 1089 3049 alias
1099 2989 1270 3062 exquirendi
1280 2988 1362 3053 sedes,

277 3085 325 3142 ubi
340 3084 440 3140 incolae
454 3087 537 3160 pauci
551 3096 619 3144 sunt
637 3105 765 3156 numero,
780 3091 825 3148 vel
849 3091 1026 3167 amplissima
1048 3100 1092 3147 est
1114 3089 1209 3165 regio:
1231 3101 1261 3144 et
1274 3097 1362 3147 contra

276 3183 370 3259 legem
394 3191 500 3242 nature
526 3194 656 3261 peccaret
678 3205 758 3262 gens,
783 3207 847 3260 quse
873 3189 935 3246 aliis
961 3188 1114 3267 denegaret
1132 3187 1275 3264 refugium
1296 3184 1364 3261 quod

275 3283 381 3356 absque
396 3284 440 3340 sui
454 3282 620 3343 detrimento
634 3295 732 3362 posset
742 3289 886 3363 praebere:
908 3306 960 3346 nec
971 3297 1065 3346 tamen
1079 3296 1188 3345 tenetur
1201 3287 1266 3345 illos
1280 3304 1362 3346 unum

276 3383 413 3442 inlocum
427 3385 593 3462 congregari
607 3385 700 3443 sinere
714 3404 780 3444 curn
794 3405 852 3444 suae
866 3387 1002 3445 libertatis
1015 3387 1190 3446 discrimine.

315 3487 344 3539 5.
366 3483 399 3541 Si
412 3501 482 3559 gens
495 3485 643 3562 regionem
657 3485 777 3544 alienam
792 3487 895 3563 injuste
909 3486 1053 3553 invaserit,
1065 3496 1093 3544 et
1106 3504 1158 3561 per
1169 3485 1363 3562 longissimum

276 3583 411 3658 temporis
426 3584 549 3658 spatium
563 3585 716 3653 retinuerit,
730 3586 837 3661 populo
848 3585 902 3643 sibi
911 3586 1132 3661 obtemperante,
1144 3584 1257 3642 videtur
1270 3586 1363 3642 vitium

276 3681 347 3738 tituli
362 3678 475 3738 tandem
489 3681 640 3753 aliquando
654 3693 781 3742 sanatum
796 3683 967 3752 habendum,
982 3703 1018 3742 ne
1032 3703 1097 3743 curn
1112 3684 1285 3760 populorum
1299 3683 1363 3741 cala·

274 3781 370 3838 mitate
384 3787 477 3836 motus
491 3779 635 3853 turbaeque
650 3782 815 3840 excitentur.
861 3781 1061 3861 Ueu‘cepionie
1070 3784 1119 3860 jus
1133 3792 1226 3859 potest
1239 3783 1363 3859 gentibus

274 3879 438 3948 convenire,
454 3897 511 3954 quo
525 3878 736 3958 prescribitur
752 3891 848 3939 eontra
868 3875 1036 3950 adversos;¹
1055 3881 1107 3940 sed
1125 3881 1225 3958 populi
1238 3880 1363 3959 oppressi

275 3979 409 4052 patientia
424 3999 482 4040 non
496 3988 539 4038 est
551 3978 633 4039 facile
648 3980 678 4039 in
692 3991 888 4057 argumentum
896 3982 970 4059 juris
984 3983 1072 4059 agniti
1086 3979 1266 4038 assumenda.
1287 3979 1363 4038 Pre-

309 4163 351 4227 (Ι)
365 4163 428 4214 Vide
441 4165 479 4216 De
490 4165 580 4216 Vettel.
615 4169 679 4220 Low
690 4165 723 4236 of
735 4167 849 4229 Notiora,
866 4169 899 4218 lii.
911 4183 933 4218 c.
944 4168 977 4219 xi.
991 4172 1005 4228 ς
1021 4170 1076 4220 140.
1095 4173 1110 4198 “
1123 4166 1310 4234 Ueceaptionis
1326 4165 1365 4215 the

272 4245 416 4310 acquirition
434 4250 462 4298 os
474 4248 573 4299 domuin
589 4252 696 4302 founded
714 4269 746 4302 on
765 4269 779 4302 e
796 4254 855 4316 long
871 4252 1008 4318 possession
1027 4252 1213 4317 uninterrupted
1225 4253 1274 4302 end
1285 4250 1363 4301 undis-
1387 4310 1389 4316 Ι

271 4332 354 4396 puted.
373 4366 380 4380 .
391 4365 413 4378 ··
427 4332 598 4400 Prereripttbn
610 4336 632 4384 ie
643 4336 684 4384 the
691 4339 822 4388 'exclusion
835 4339 863 4388 of
870 4339 901 4388 all
913 4340 1066 4404 protensione
1075 4347 1100 4391 to
1112 4355 1127 4389 e
1138 4337 1203 4400 right
1214 4336 1321 4388 founded
1331 4349 1363 4384 on

273 4417 315 4467 the
326 4415 411 4479 length
423 4416 451 4467 ol
465 4417 524 4466 time
535 4415 625 4481 during
636 4418 718 4468 which
728 4421 748 4470 it
760 4420 877 4472 hasbeen
889 4421 1038 4485 neglectedss’
