3078 5258
544 1475 546 1482 ι
576 1435 793 1497 APPENDIX
813 1437 854 1496 ΙΙ.

476 1652 516 1692 DE
537 1652 734 1693 usurumque
753 1653 948 1694 Purvlnuous.

214 1836 241 1890 1.
264 1830 364 1889 Inruit
382 1831 526 1908 precipua
545 1830 729 1907 Regularium
747 1831 897 1908 privilegia
917 1840 1079 1890 recensetur
1101 1833 1265 1894 immunitas

170 1931 205 1988 ab
229 1929 430 2005 cpiscoporum
444 1927 662 2005 jurisdictione:
686 1937 718 1988 ut
738 1930 896 2006 scilicetin
918 1946 1007 1986 uuum
1028 1947 1132 2006 eorpus
1154 1931 1265 1992 facilius

173 2027 376 2094 coalescerent,
391 2036 420 2084 et
431 2028 577 2104 conjuncti
589 2045 642 2086 suo
655 2039 788 2085 vacarent
804 2028 868 2085 vite
888 2028 1025 2094 instituto,
1047 2029 1151 2086 summi
1169 2030 1266 2090 Ponti·

172 2125 245 2184 tices
259 2143 310 2182 eos
330 2125 532 2202 Superioribus
548 2127 632 2202 juxta
651 2125 797 2198 quodlibet
816 2126 974 2184 institutum
994 2125 1101 2194 electis,
1115 2128 1160 2184 vel
1173 2128 1266 2207 desig·

173 2225 258 2292 natis,
275 2223 425 2282 voluerunt
443 2233 551 2282 tautum
571 2219 743 2300 subjacere.l
785 2223 864 2282 Hinc
884 2224 1021 2300 “prelati
1041 2225 1197 2302 Regulares
1217 2228 1266 2286 ha·

171 2324 238 2382 bent
251 2324 282 2382 in
291 2323 352 2380 suis
362 2323 494 2381 ecclesiis
504 2332 533 2380 et
541 2324 720 2380 monasteriis
729 2321 957 2400 jurisdictionem
968 2324 1050 2394 quasi
1060 2324 1264 2401 episcopalem,

174 2433 230 2480 tarn
244 2421 339 2494 quoad
361 2440 512 2498 personas,
527 2440 613 2492 quam
636 2421 729 2494 quoad
750 2414 861 2480 loca.”²
901 2423 934 2480 Si
956 2420 1091 2480 dubitatio
1112 2422 1149 2481 da
1172 2426 1267 2498 aliquo

172 2522 326 2598 privilegio
339 2521 453 2588 oriatur,
468 2520 616 2597 pontificia
634 2519 792 2579 dirimende
810 2528 854 2578 est
872 2522 1046 2588 auctoritate,
1059 2522 1100 2578 uti
1112 2520 1266 2583 declaravit

173 2619 314 2678 Clemens
327 2619 381 2676 tv.
423 2619 612 2696 Exemptioni
631 2618 731 2677 cedere
754 2619 853 2690 nequit
872 2620 1035 2691 quisquam,
1057 2619 1098 2677 uti
1118 2619 1209 2692 liquet
1228 2639 1266 2679 ex

168 2721 238 2795 jure
252 2717 409 2776 canonicor
430 2725 449 2752 “
460 2737 525 2776 cum
535 2719 589 2775 etsi
601 2726 704 2794 sponte
717 2716 852 2783 volueris,
862 2715 897 2774 de
906 2717 971 2792 jure
984 2724 1079 2774 temen
1091 2717 1265 2788 nequiveris,

172 2818 239 2875 sine
252 2815 366 2874 licentia
379 2815 499 2874 Romani
518 2816 678 2882 Pontificio,
698 2813 858 2872 renuntiare
878 2812 1035 2890 privilegiis
1055 2812 1100 2870 vel
1117 2813 1265 2892 indulgeu-

171 2916 220 2974 tiis
234 2915 380 2982 libertatis,
395 2932 458 2988 que
472 2915 675 2974 monasterium
689 2911 758 2972 illud
771 2911 897 2972 iudicant
915 2911 1009 2990 adjus
1023 2921 1052 2970 et
1063 2915 1265 2990 proprietatem

171 3014 311 3072 Romane
332 3013 475 3072 Eeclesiae
495 3005 687 3091 pertinere.”³
726 3012 920 3089 Exemptioue
943 3011 1066 3090 gaudent
1084 3014 1169 3073 etiarn
1195 3012 1266 3072 Ter·

172 3111 270 3180 tiorit',
287 3121 315 3170 et
327 3112 426 3171 famuli
439 3112 634 3190 Regulerium,
649 3119 668 3147 ‘⁴
678 3111 728 3185 qui
736 3123 799 3169 actu
813 3114 941 3170 serviunt
949 3121 977 3168 et
990 3112 1061 3170 intra
1073 3131 1172 3172 eorum
1186 3125 1266 3191 septa

173 3231 206 3270 ac
219 3211 321 3270 domos
334 3211 468 3278 resident,
483 3212 592 3282 subque
605 3229 703 3270 eorum
716 3209 877 3268 obedientia
889 3205 1035 3268 vivunt.'’⁴

211 3316 241 3368 2.
262 3310 439 3370 Mouasteria
459 3312 488 3368 in
509 3311 612 3382 quibus
632 3307 784 3368 duodecim
804 3307 945 3384 Religiosi
965 3318 1027 3364 acm
1047 3325 1106 3365 uon
1128 3308 1262 3377 habitant,

171 3411 353 3486 exemptione
372 3427 432 3468 nou
451 3409 584 3486 gandent,
600 3409 683 3485 juxta
702 3407 735 3464 S.
757 3406 995 3482 Congrcgationis
1015 3403 1142 3464 concilii
1170 3405 1253 3464 decre

173 3517 232 3565 trin
245 3526 252 3564 ε
276 3516 296 3544 “
308 3507 452 3566 Ordiucrii
464 3507 520 3566 loci
532 3507 698 3574 visitationi,
710 3505 888 3572 correctioni,
904 3513 987 3575 etque
1001 3502 1170 3562 omnimode
1180 3505 1263 3581 juris-

171 3605 289 3666 dictioni
303 3608 369 3666 talia
387 3607 559 3666 monasteria
577 3615 669 3664 erecta
688 3605 794 3676 absque
814 3621 849 3661 eo
863 3601 940 3674 quod
959 3600 1109 3660 duodecim
1122 3599 1221 3662 iratres
1235 3605 1264 3662 in

204 3775 247 3839 (l)
261 3772 301 3822 De
312 3773 434 3824 Ordinem
444 3772 622 3836 Religiosorum
633 3771 787 3823 immunitate
804 3778 940 3836 opportune
951 3769 1120 3821 animadvertit
1131 3770 1247 3821 Morenus

168 3863 182 3892 ⁴
191 3855 246 3909 Fue
258 3859 353 3922 preciso
364 3859 488 3908 eximirlas
496 3873 527 3908 eu
541 3871 601 3919 gran
613 3866 680 3921 parta
691 3857 722 3906 dc
731 3855 884 3906 locutoridrd
893 3855 923 3906 de
932 3856 969 3905 los
978 3855 1082 3919 obispos,
1089 3871 1105 3918 y
1118 3855 1259 3904 subordina*

169 3941 230 3990 cade
240 3955 292 3990 uuo
302 3941 333 3991 dc
345 3942 382 3991 lor
395 3956 496 4005 cuerpos
507 3957 555 4004 que
566 3942 625 3990 elias
635 3941 729 3989 formeri
741 3937 758 3988 d
770 3954 805 3989 un
813 3939 925 4004 superior
939 3935 1051 4004 general,
1062 3951 1111 4000 que
1121 3938 1177 4000 bejo
1188 3937 1210 3984 el
1222 3953 1252 3986 su

168 4041 254 4089 premo
265 4025 352 4076 Pastor
362 4026 393 4075 de
404 4025 461 4076 toda
473 4027 497 4076 le
507 4025 603 4088 lglmia,
614 4025 639 4075 lo
650 4025 758 4074 animare
775 4023 841 4082 todo,
852 4023 876 4072 lc
888 4023 1028 4084 gobernare,
1038 4036 1055 4084 y
1067 4021 1090 4069 le
1101 4019 1166 4069 disse
1177 4036 1209 4070 un
1220 4022 1259 4070 im

68 4163 76 4172 ,
168 4111 241 4174 pulso
252 4110 374 4160 uniforme
383 4107 439 4160 ecia
448 4111 471 4159 cl
482 4110 517 4160 fin
530 4109 656 4160 intentatio
667 4125 711 4174 por
723 4109 759 4158 los
777 4116 860 4158 santos
872 4103 1053 4156 Fundadorer.”
1069 4105 1174 4171 Emapc
1183 4104 1256 4156 rubra

168 4193 361 4261 lampremact’a
370 4193 410 4244 del
421 4194 500 4259 Papo,
512 4193 593 4254 Lime,
605 4194 678 4243 1831.

207 4277 249 4344 (2)
268 4278 296 4327 S.
309 4278 384 4343 Alpb.
395 4279 410 4326 l.
419 4278 436 4327 i.
445 4295 500 4344 epp.
513 4279 537 4328 ii.
547 4294 574 4330 n.
586 4280 610 4326 9.
713 4277 755 4341 (3)
775 4273 836 4340 Cep.
849 4273 916 4325 Cum
928 4279 1043 4340 tempore,
1054 4272 1084 4322 dc
1095 4272 1189 4322 erbitrir

208 4363 249 4428 (t)
269 4361 339 4412 'l'rid-
351 4361 416 4411 Sese·
428 4363 496 4413 xxiv.
508 4362 538 4413 de
549 4361 604 4412 lter.
613 4377 634 4412 c.
646 4361 680 4410 xi.
