3046 5262
550 485 612 546 ,DE
635 485 891 548 SERVITU'I'E.
1209 499 1268 557 257

172 650 253 708 valde
267 641 455 726 impediunt.¹
476 648 622 708 Caeterum
636 669 725 724 quum
740 653 824 710 eaeit
836 670 929 712 rerum
944 652 1079 722 conditio,
1090 653 1162 717 nihil
1175 667 1272 718 contra

172 750 251 826 leges
266 746 431 808 tentandum
444 757 498 816 est,
512 765 566 806 nac
577 749 646 822 quid
655 768 712 824 quo
726 751 799 808 servi
813 750 842 808 in
855 751 1011 816 libertatem
1028 751 1216 824 vindicentur,
1225 757 1271 818 vel

175 867 232 922 quo
240 849 345 924 jugum
358 864 432 924 aegre
446 845 547 914 ierant,
566 848 728 908 faciendum
749 849 794 910 vel
813 848 982 910 dicandum:
1003 851 1055 912 aed
1075 849 1224 929 prudentia
1244 865 1273 914 et

173 947 295 1004 charitas
310 964 455 1004 sacrorum
469 946 665 1006 ministrorum
688 949 719 1006 in
741 966 776 1006 eo
801 947 979 1018 exhibenda,
1000 959 1032 1006 ut
1044 951 1129 1018 servi,
1144 953 1271 1014 moribus

173 1044 335 1105 christianis
359 1044 512 1112 informati,
536 1043 659 1106 dominis
683 1055 817 1123 prestent
835 1048 982 1120 obsequia,
996 1047 1093 1106 Deum
1106 1067 1272 1128 supremum

173 1146 303 1204 omnium
318 1143 467 1203 dominum
481 1153 664 1212 venerantes;
687 1155 715 1204 et
727 1154 758 1202 ut
771 1145 880 1204 domini
900 1163 998 1220 aequos
1015 1156 1044 1205 et
1062 1160 1270 1210 mansuetasse

173 1251 321 1320 praestant,
335 1253 364 1300 et
376 1260 525 1302 servorum
534 1242 726 1302 conditionem
735 1244 908 1306 humanitate
923 1255 952 1304 et
964 1246 1062 1304 salutis
1071 1265 1168 1306 eorum
1177 1247 1272 1308 studio

173 1342 314 1418 mitigent.
355 1342 509 1417 Apostolos
530 1342 667 1401 habemus
690 1347 822 1401 ‘auctores
843 1345 893 1416 qui
913 1345 974 1402 haec
996 1345 1078 1402 nobis
1098 1346 1273 1420 reliquerunt

174 1440 364 1498 documenta:
386 1457 447 1512 quae
467 1441 517 1513 qui
538 1440 726 1517 neglexerint,
748 1441 930 1500 humanitatis
951 1441 1046 1502 studio
1067 1452 1155 1502 totum
1175 1464 1271 1508 rerum

173 1537 303 1598 ordinem
327 1537 485 1598 convellere
506 1539 664 1608 studentes,
686 1540 776 1598 servis
796 1540 965 1618 plerumque
987 1539 1131 1602 duriorem
1144 1543 1271 1602 inferunt

174 1637 376 1697 conditionem.
419 1635 491 1696 Haec
515 1656 572 1715 prae
592 1638 683 1697 oeulis
698 1639 826 1696 omnium
839 1657 945 1715 ponera
959 1657 1018 1698 non
1031 1641 1129 1700 omisit
1141 1642 1272 1719 pontifex

174 1737 203 1794 in
217 1736 386 1813 praelaudata
399 1738 615 1796 constitutione:
639 1745 658 1772 ‘⁶
670 1736 806 1814 Inspirati
819 1739 895 1798 enim
910 1759 926 1796 a
939 1738 1043 1798 divino
1055 1739 1164 1818 Spiritu
1178 1743 1271 1819 Apoe-

174 1835 222 1894 toli
235 1855 335 1896 aerros
350 1833 466 1910 quidem
480 1837 560 1914 ipsos
575 1835 713 1895 docebant
733 1834 849 1894 obedire
869 1836 994 1898 dominia
1015 1839 1174 1898 carnalibus
1195 1841 1268 1898 sicut

175 1932 303 2003 Christo,
317 1944 346 1992 et
357 1935 449 1995 facere
463 1935 635 1997 voluntatem
650 1935 706 1994 Dei
721 1954 758 1994 ex
769 1935 885 2003 animo;
906 1935 1031 1995 dominis
1044 1935 1111 1997 verb
1125 1938 1272 2016 praecipie-

174 2034 242 2090 bant
253 2043 284 2091 ut
295 2035 366 2091 bene
379 2053 446 2111 erga
459 2052 558 2092 servos
572 2043 698 2114 agerent,
712 2044 740 2092 et
757 2033 834 2106 quod
852 2035 964 2111 justum
984 2047 1028 2094 ast
1047 2045 1075 2092 et
1094 2053 1208 2110 aequum
1229 2037 1271 2094 eis

174 2141 347 2206 praestarent,
369 2153 400 2191 ac
424 2134 599 2194 remitterent
617 2134 721 2201 minas,
744 2134 866 2191 scientes
890 2133 958 2206 quia
970 2134 1085 2196 illorum
1098 2141 1127 2192 et
1141 2136 1271 2213 ipsorum

175 2229 319 2290 Dominus
333 2233 419 2294 estin
433 2231 522 2300 ecelis,
537 2242 565 2290 et
578 2248 764 2308 personarum
780 2233 907 2310 acceptio
920 2250 980 2292 non
993 2244 1036 2291 eat
1052 2232 1127 2312 apud
1141 2233 1252 2294 Eum.”

212 2335 261 2388 38.
284 2331 401 2408 Optime
415 2329 612 2390 animadvertit
628 2332 657 2390 in
678 2350 739 2390 rem
755 2339 879 2390 nostram
896 2330 1016 2390 Gerdil:
1040 2341 1059 2376 ‘·‘
1069 2333 1199 2394 Servitus
1212 2351 1271 2392 non

173 2429 210 2486 ita
226 2430 410 2506 intelligenda
423 2439 476 2497 est,
491 2430 572 2502 quasi
586 2429 674 2488 homo
695 2432 723 2489 in
744 2430 892 2488 hominem
912 2449 976 2489 carn
997 2431 1117 2491 dominii
1130 2432 1270 2492 rationein

173 2527 276 2588 habere
290 2539 385 2603 queat,
407 2547 492 2602 quam
512 2527 606 2586 habet'
616 2530 644 2590 in
659 2529 809 2606 pecudem.
851 2530 916 2596 Qua
929 2531 958 2588 in
971 2549 1002 2588 re
1016 2532 1134 2608 turpiter
1145 2532 1215 2590 olim
1228 2550 1271 2588 er·

173 2638 278 2696 rerunt,
293 2631 343 2701 qui
357 2647 454 2688 servos
468 2628 498 2686 in
512 2645 698 2704 personarum
720 2646 838 2686 numero
861 2629 971 2686 censeri
985 2630 1128 2698 nolebant,
1142 2638 1171 2686 et
1183 2647 1270 2702 quan·

211 2813 252 2876 (l)
271 2819 285 2842 “
294 2811 322 2862 ln
333 2813 443 2875 Georgia,
454 2815 485 2878 by
497 2829 529 2863 an
546 2821 592 2872 act,
604 2814 630 2863 in
645 2814 716 2871 1829,
729 2828 761 2864 no
774 2827 861 2876 person
873 2813 894 2860 is
906 2810 1032 2876 permitted
1045 2817 1069 2860 to
1090 2809 1159 2860 taach
1172 2826 1187 2858 a
1198 2811 1271 2870 alara,

170 2910 257 2958 aegro,
271 2912 298 2945 or
308 2897 357 2946 frea
368 2913 454 2962 person
466 2899 494 2947 os
510 2899 600 2958 colour,
612 2906 637 2947 to
657 2897 713 2946 read
726 2914 753 2947 or
764 2897 839 2947 write.
875 2894 916 2953 So,
926 2895 953 2945 in
966 2893 1086 2958 Virginia,
1097 2896 1129 2960 by
1141 2895 1272 2955 statutam

174 2983 249 3041 laad,
264 2983 370 3045 maeting
381 2984 410 3032 of
427 2985 477 3032 frea
488 3000 597 3046 negroea,
609 2991 634 3032 to
646 2983 712 3032 laarn
724 2983 824 3045 reading
838 2998 865 3031 or
876 2980 981 3044 wriring
991 2980 1012 3031 ia
1023 2981 1151 3043 antandri,
1162 2979 1272 3032 undoub-

168 3069 233 3132 jects
245 3067 312 3118 them
324 3077 348 3118 to
361 3071 471 3134 corporat
484 3069 643 3134 punishment
653 3085 660 3128 ;
678 3069 725 3118 and
738 3069 757 3118 it
768 3069 788 3118 ia
798 3068 920 3118 unlauful
940 3068 977 3118 lor
993 3066 1068 3118 vrlrita
1085 3082 1187 3134 partone
1198 3075 1224 3118 to
1235 3083 1272 3116 aa·

170 3151 262 3200 semble
273 3151 333 3202 with
345 3152 394 3202 frea
402 3168 507 3214 nagroea
517 3168 544 3202 or
555 3153 642 3210 slaves,
650 3161 676 3201 to
692 3153 761 3202 taacb
773 3152 840 3202 thern
852 3160 876 3202 to
886 3151 942 3201 read
954 3167 980 3202 or
992 3152 1066 3206 write·
1101 3150 1158 3202 Tha
1165 3151 1272 3217 prohibi·

169 3255 226 3302 rory
238 3248 277 3290 act
287 3241 316 3289 ol
329 3241 371 3290 tha
382 3241 529 3304 legislatore*
539 3241 568 3290 oi
582 3242 708 3300 Alabama,
720 3240 805 3304 pasaed
817 3240 844 3290 in
860 3239 900 3288 the
912 3238 1005 3287 aesalon
1023 3239 1051 3287 ot'
1066 3238 1272 3298 1831·2,ralativa

169 3331 197 3372 to
208 3325 352 3376 instruction
364 3333 390 3375 to
400 3327 430 3374 be
443 3326 516 3388 given
530 3334 555 3375 to
564 3325 606 3374 tba
618 3326 692 3384 slave,
700 3341 725 3374 or
734 3325 783 3372 frea
792 3323 904 3373 coloured
913 3322 1064 3386 populabor,
1072 3336 1098 3369 or
1109 3321 1271 3380 exhortation,

168 3426 198 3459 or
209 3410 340 3474 preaching
351 3418 376 3459 to
388 3411 463 3470 them,
479 3426 505 3459 or
518 3426 566 3474 any
580 3409 744 3458 mischievous
753 3409 874 3458 influance
886 3405 1017 3470 attempted
1028 3413 1053 3455 to
1064 3406 1094 3453 be
1105 3405 1203 3454 exerted
1214 3421 1271 3454 ovar

169 3495 247 3552 them,
258 3495 279 3544 ia
290 3495 436 3560 sufficiantly
449 3495 530 3560 panai.
564 3483 639 3544 Laws
652 3495 680 3544 ol
694 3495 784 3543 similar
793 3493 881 3558 impert
893 3507 932 3540 ara
943 3489 1070 3555 presumed
1083 3497 1108 3539 to
1119 3489 1183 3538 exist
1193 3489 1219 3538 in
1230 3489 1271 3538 tha

168 3580 240 3630 other
247 3581 424 3644 alara-holding
435 3589 525 3639 atatea3
536 3581 582 3630 but
593 3581 619 3630 in
631 3579 765 3629 Louisiana
777 3577 818 3626 tha
829 3578 876 3626 law
885 3592 918 3624 on
928 3575 976 3624 thia
986 3575 1079 3639 aubject
1088 3573 1110 3622 ia
1119 3574 1200 3623 armed
1210 3573 1271 3624 with

169 3664 263 3715 tanlold
275 3665 387 3729 severity.
421 3665 444 3716 It
455 3672 499 3715 not
511 3665 569 3728 only
583 3664 673 3714 sorbida
685 3680 733 3728 any
744 3678 831 3727 person
843 3660 957 3723 teaching
969 3660 1047 3710 slaves
1058 3667 1084 3709 to
1095 3659 1150 3709 md
1160 3658 1271 3718 murita,

167 3753 215 3801 bnt
225 3751 245 3800 it
256 3751 361 3800 declares
371 3752 425 3801 that
435 3767 484 3815 any
496 3765 586 3816 percon
599 3751 671 3812 using
684 3751 811 3811 languaga‚
823 3747 848 3797 in
861 3763 910 3812 any
919 3746 1001 3812 public
1012 3745 1142 3805 diacourca,
1154 3746 1216 3795 from
1229 3745 1270 3794 tlte

168 3841 220 3896 bar,
231 3837 319 3898 bench,
330 3845 405 3898 araga,
418 3852 445 3886 or
456 3837 544 3901 pulpit,
556 3851 584 3884 or
595 3851 644 3900 any
658 3835 727 3886 other
739 3836 815 3899 place,
823 3850 850 3884 or
858 3834 884 3884 in
897 3850 945 3899 any
954 3834 1046 3897 privata
1057 3831 1234 3887 conversation,
1243 3845 1271 3879 or

165 3923 271 3984 making
281 3937 324 3972 uae
336 3922 364 3970 of
377 3937 425 3986 any
437 3921 506 3982 aigne
517 3936 544 3969 or
561 3921 661 3979 actions,
679 3919 771 3980 having
789 3936 803 3968 a
821 3919 942 3981 tandancy
955 3924 979 3966 to
999 3916 1106 3980 produce
1128 3913 1270 3963 diacontent

165 4024 259 4070 among
270 3999 312 4057 tlrc
324 4008 372 4057 frea
384 4007 496 4057 coloured
507 4007 659 4071 population,
670 4021 697 4054 or
707 4004 916 4054 inaubordination
930 4016 1020 4061 among
1031 4000 1073 4049 tha
1084 3999 1170 4058 alares,
1178 4014 1205 4047 or
1213 3998 1270 4047 who

166 4094 232 4144 shall
250 4095 280 4142 ba
290 4091 436 4156 knowingly
448 4091 620 4141 instrumental
632 4091 659 4139 in
670 4089 785 4151 bringing
796 4089 848 4138 into
859 4087 901 4135 tha
915 4093 976 4134 state
993 4099 1042 4146 any
1054 4099 1136 4148 papea,
1155 4084 1227 4143 book,
1244 4099 1272 4133 or

165 4177 303 4245 pamphlat,
314 4176 406 4239 having
420 4175 461 4225 the
473 4177 522 4226 tila
534 4175 662 4238 tendam,
675 4174 744 4231 shall,
754 4188 787 4221 on
799 4171 945 4229 teudotion,
956 4172 985 4219 be
997 4168 1142 4234 puniebabla
1154 4168 1214 4217 with
1225 4168 1270 4218 im·

164 4264 321 4330 prisonmant
340 4277 367 4310 or
386 4260 467 4321 death,
479 4268 504 4310 at
515 4260 556 4310 the
569 4259 697 4310 discretiori
711 4259 740 4306 of
753 4257 794 4306 tha
806 4254 898 4305 court.''
934 4252 1024 4304 Kant'a
1042 4252 1139 4302 Gomm.
1151 4251 1198 4301 rol.
1210 4250 1234 4300 ii.
1247 4267 1270 4316 p.

167 4351 202 4399 iv,
215 4349 259 4398 lec.
271 4347 350 4397 xxxii.
362 4363 388 4397 n.
400 4329 459 4396 aaa.

695 4439 752 4496 23*
