<?xml version="1.0" encoding="UTF-8"?>
<!DOCTYPE html PUBLIC "-//W3C//DTD XHTML 1.0 Transitional//EN"
    "http://www.w3.org/TR/xhtml1/DTD/xhtml1-transitional.dtd">
<html xmlns="http://www.w3.org/1999/xhtml" xml:lang="en" lang="en">
 <head>
  <title>
</title>
<meta http-equiv="Content-Type" content="text/html;charset=utf-8" />
  <meta name='ocr-system' content='tesseract 3.04.00' />
  <meta name='ocr-capabilities' content='ocr_page ocr_carea ocr_par ocr_line ocrx_word'/>
</head>
<body>
  <div class='ocr_page' id='page_1' title='image "./theologiaemoral03kenrgoog_0209.png"; bbox 0 0 3078 5258; ppageno 0'>
   <div class='ocr_carea' id='block_1_1' title="bbox 249 491 952 556">
    <p class='ocr_par' dir='ltr' id='par_1_1' title="bbox 249 491 952 556">
     <span class='ocr_line' id='line_1_1' title="bbox 249 491 952 556; baseline -0.009 0"><span class='ocrx_word' id='word_1_1' title='bbox 249 503 305 556; x_wconf 82' lang='lat'><strong>190</strong></span> <span class='ocrx_word' id='word_1_2' title='bbox 461 525 465 531; x_wconf 83' lang='lat'><strong>·</strong></span> <span class='ocrx_word' id='word_1_3' title='bbox 608 491 665 552; x_wconf 91' lang='lat' dir='ltr'><strong>DE</strong></span> <span class='ocrx_word' id='word_1_4' title='bbox 687 491 952 552; x_wconf 84' lang='lat' dir='ltr'><strong>PRlVlLEGIIS.</strong></span> 
     </span>
    </p>
   </div>
   <div class='ocr_carea' id='block_1_2' title="bbox 175 659 1335 1726">
    <p class='ocr_par' dir='ltr' id='par_1_2' title="bbox 175 659 1335 1330">
     <span class='ocr_line' id='line_1_2' title="bbox 245 659 1335 740; baseline 0 -18"><span class='ocrx_word' id='word_1_5' title='bbox 245 663 481 740; x_wconf 85' lang='lat' dir='ltr'><strong>impedimentum</strong></span> <span class='ocrx_word' id='word_1_6' title='bbox 495 670 639 736; x_wconf 82' lang='lat' dir='ltr'><strong>precepto</strong></span> <span class='ocrx_word' id='word_1_7' title='bbox 652 659 801 726; x_wconf 85' lang='lat' dir='ltr'><strong>servando,</strong></span> <span class='ocrx_word' id='word_1_8' title='bbox 813 659 896 718; x_wconf 88' lang='lat' dir='ltr'><strong>debet</strong></span> <span class='ocrx_word' id='word_1_9' title='bbox 908 660 972 732; x_wconf 85' lang='lat' dir='ltr'><strong>quis</strong></span> <span class='ocrx_word' id='word_1_10' title='bbox 986 677 1021 719; x_wconf 92' lang='lat' dir='ltr'><strong>eo</strong></span> <span class='ocrx_word' id='word_1_11' title='bbox 1031 660 1091 718; x_wconf 89' lang='lat' dir='ltr'><strong>uti:</strong></span> <span class='ocrx_word' id='word_1_12' title='bbox 1108 680 1135 718; x_wconf 90' lang='lat' dir='ltr'><strong>v.</strong></span> <span class='ocrx_word' id='word_1_13' title='bbox 1150 681 1187 738; x_wconf 85' lang='lat' dir='ltr'><strong>g:</strong></span> <span class='ocrx_word' id='word_1_14' title='bbox 1203 664 1227 720; x_wconf 89' lang='lat' dir='ltr'><strong>si</strong></span> <span class='ocrx_word' id='word_1_15' title='bbox 1241 681 1335 722; x_wconf 89' lang='lat' dir='ltr'><strong>sacer·</strong></span> 
     </span>
     <span class='ocr_line' id='line_1_3' title="bbox 175 757 1334 836; baseline -0.002 -16"><span class='ocrx_word' id='word_1_16' title='bbox 175 784 178 789; x_wconf 94' lang='lat'>·</span> <span class='ocrx_word' id='word_1_17' title='bbox 245 763 297 820; x_wconf 88' lang='lat' dir='ltr'><strong>dos</strong></span> <span class='ocrx_word' id='word_1_18' title='bbox 312 760 404 819; x_wconf 84' lang='lat' dir='ltr'><strong>altaris</strong></span> <span class='ocrx_word' id='word_1_19' title='bbox 418 760 557 836; x_wconf 88' lang='lat' dir='ltr'><strong>portatilis</strong></span> <span class='ocrx_word' id='word_1_20' title='bbox 572 757 722 835; x_wconf 81' lang='lat' dir='ltr'><strong>privilegio</strong></span> <span class='ocrx_word' id='word_1_21' title='bbox 735 757 864 834; x_wconf 79' lang='lat' dir='ltr'>gaudeat,</span> <span class='ocrx_word' id='word_1_22' title='bbox 879 767 908 816; x_wconf 91' lang='lat' dir='ltr'><strong>et</strong></span> <span class='ocrx_word' id='word_1_23' title='bbox 921 760 950 817; x_wconf 91' lang='lat' dir='ltr'><strong>in</strong></span> <span class='ocrx_word' id='word_1_24' title='bbox 963 758 1009 818; x_wconf 92' lang='lat' dir='ltr'><strong>die</strong></span> <span class='ocrx_word' id='word_1_25' title='bbox 1029 759 1102 817; x_wconf 85' lang='lat' dir='ltr'><strong>festo</strong></span> <span class='ocrx_word' id='word_1_26' title='bbox 1121 761 1221 836; x_wconf 85' lang='lat' dir='ltr'><strong>procul</strong></span> <span class='ocrx_word' id='word_1_27' title='bbox 1241 763 1277 818; x_wconf 95' lang='lat' dir='ltr'><strong>sit</strong></span> <span class='ocrx_word' id='word_1_28' title='bbox 1299 763 1334 818; x_wconf 88' lang='lat' dir='ltr'><strong>ab</strong></span> 
     </span>
     <span class='ocr_line' id='line_1_4' title="bbox 243 857 1334 934; baseline -0.002 -14"><span class='ocrx_word' id='word_1_29' title='bbox 243 861 373 925; x_wconf 86' lang='lat' dir='ltr'><strong>ecclesia,</strong></span> <span class='ocrx_word' id='word_1_30' title='bbox 387 857 472 916; x_wconf 88' lang='lat' dir='ltr'><strong>debet</strong></span> <span class='ocrx_word' id='word_1_31' title='bbox 484 858 625 916; x_wconf 88' lang='lat' dir='ltr'><strong>celebrare</strong></span> <span class='ocrx_word' id='word_1_32' title='bbox 646 857 675 914; x_wconf 91' lang='lat' dir='ltr'><strong>in</strong></span> <span class='ocrx_word' id='word_1_33' title='bbox 696 857 782 922; x_wconf 88' lang='lat' dir='ltr'><strong>domo</strong></span> <span class='ocrx_word' id='word_1_34' title='bbox 802 857 919 932; x_wconf 85' lang='lat' dir='ltr'><strong>privata,</strong></span> <span class='ocrx_word' id='word_1_35' title='bbox 939 857 1095 916; x_wconf 91' lang='lat' dir='ltr'><strong>dummodo</strong></span> <span class='ocrx_word' id='word_1_36' title='bbox 1115 859 1211 917; x_wconf 89' lang='lat' dir='ltr'><strong>omnia</strong></span> <span class='ocrx_word' id='word_1_37' title='bbox 1231 870 1334 934; x_wconf 85' lang='lat' dir='ltr'><strong>praesto</strong></span> 
     </span>
     <span class='ocr_line' id='line_1_5' title="bbox 244 955 1334 1019; baseline -0.002 -3"><span class='ocrx_word' id='word_1_38' title='bbox 244 961 301 1019; x_wconf 91' lang='lat' dir='ltr'><strong>sint</strong></span> <span class='ocrx_word' id='word_1_39' title='bbox 314 957 348 1016; x_wconf 90' lang='lat' dir='ltr'><strong>ad</strong></span> <span class='ocrx_word' id='word_1_40' title='bbox 361 956 508 1016; x_wconf 81' lang='lat' dir='ltr'><strong>decentem</strong></span> <span class='ocrx_word' id='word_1_41' title='bbox 522 955 651 1014; x_wconf 87' lang='lat' dir='ltr'><strong>sacrificii</strong></span> <span class='ocrx_word' id='word_1_42' title='bbox 670 955 899 1013; x_wconf 78' lang='lat' dir='ltr'><strong>celebrationem.</strong></span> <span class='ocrx_word' id='word_1_43' title='bbox 941 957 992 1015; x_wconf 82' lang='lat' dir='ltr'><strong>Sic</strong></span> <span class='ocrx_word' id='word_1_44' title='bbox 1005 957 1089 1014; x_wconf 87' lang='lat' dir='ltr'><strong>etiam</strong></span> <span class='ocrx_word' id='word_1_45' title='bbox 1102 965 1211 1014; x_wconf 90' lang='lat' dir='ltr'><strong>tenetur</strong></span> <span class='ocrx_word' id='word_1_46' title='bbox 1224 958 1334 1016; x_wconf 86' lang='lat' dir='ltr'><strong>confes·</strong></span> 
     </span>
     <span class='ocr_line' id='line_1_6' title="bbox 243 1053 1334 1133; baseline 0 -19"><span class='ocrx_word' id='word_1_47' title='bbox 243 1059 334 1116; x_wconf 88' lang='lat' dir='ltr'><strong>sarius</strong></span> <span class='ocrx_word' id='word_1_48' title='bbox 347 1057 498 1133; x_wconf 78' lang='lat' dir='ltr'><strong>privilegio</strong></span> <span class='ocrx_word' id='word_1_49' title='bbox 512 1053 674 1112; x_wconf 86' lang='lat' dir='ltr'><strong>absolvendi</strong></span> <span class='ocrx_word' id='word_1_50' title='bbox 694 1073 710 1110; x_wconf 92' lang='lat' dir='ltr'><strong>a</strong></span> <span class='ocrx_word' id='word_1_51' title='bbox 723 1054 871 1112; x_wconf 84' lang='lat' dir='ltr'><strong>reservatis</strong></span> <span class='ocrx_word' id='word_1_52' title='bbox 889 1055 940 1123; x_wconf 91' lang='lat' dir='ltr'><strong>uti,</strong></span> <span class='ocrx_word' id='word_1_53' title='bbox 961 1064 1027 1132; x_wconf 84' lang='lat' dir='ltr'><strong>post</strong></span> <span class='ocrx_word' id='word_1_54' title='bbox 1040 1055 1163 1114; x_wconf 90' lang='lat' dir='ltr'><strong>auditam</strong></span> <span class='ocrx_word' id='word_1_55' title='bbox 1176 1056 1334 1115; x_wconf 85' lang='lat' dir='ltr'><strong>confessio·</strong></span> 
     </span>
     <span class='ocr_line' id='line_1_7' title="bbox 243 1151 1334 1230; baseline -0.001 -15"><span class='ocrx_word' id='word_1_56' title='bbox 243 1175 320 1223; x_wconf 86' lang='lat' dir='ltr'><strong>nem,</strong></span> <span class='ocrx_word' id='word_1_57' title='bbox 335 1156 360 1212; x_wconf 87' lang='lat' dir='ltr'><strong>si</strong></span> <span class='ocrx_word' id='word_1_58' title='bbox 373 1155 514 1230; x_wconf 84' lang='lat' dir='ltr'><strong>poenitens</strong></span> <span class='ocrx_word' id='word_1_59' title='bbox 527 1153 564 1212; x_wconf 88' lang='lat' dir='ltr'><strong>sit</strong></span> <span class='ocrx_word' id='word_1_60' title='bbox 577 1153 628 1212; x_wconf 89' lang='lat' dir='ltr'><strong>rite</strong></span> <span class='ocrx_word' id='word_1_61' title='bbox 642 1151 813 1229; x_wconf 65' lang='lat' dir='ltr'><strong>dispositum</strong></span> <span class='ocrx_word' id='word_1_62' title='bbox 835 1171 923 1226; x_wconf 89' lang='lat' dir='ltr'><strong>quum</strong></span> <span class='ocrx_word' id='word_1_63' title='bbox 936 1153 1062 1226; x_wconf 88' lang='lat' dir='ltr'><strong>alioquin</strong></span> <span class='ocrx_word' id='word_1_64' title='bbox 1076 1155 1169 1230; x_wconf 82' lang='lat' dir='ltr'><strong>gravis</strong></span> <span class='ocrx_word' id='word_1_65' title='bbox 1183 1154 1334 1214; x_wconf 86' lang='lat' dir='ltr'><strong>inferretur</strong></span> 
     </span>
     <span class='ocr_line' id='line_1_8' title="bbox 245 1253 399 1330; baseline -0.013 -16"><span class='ocrx_word' id='word_1_66' title='bbox 245 1258 273 1314; x_wconf 88' lang='lat' dir='ltr'><strong>ei</strong></span> <span class='ocrx_word' id='word_1_67' title='bbox 286 1253 399 1330; x_wconf 84' lang='lat' dir='ltr'><strong>injuria.</strong></span> 
     </span>
    </p>

    <p class='ocr_par' dir='ltr' id='par_1_3' title="bbox 244 1349 1335 1726">
     <span class='ocr_line' id='line_1_9' title="bbox 284 1349 1333 1431; baseline -0.001 -18"><span class='ocrx_word' id='word_1_68' title='bbox 284 1357 333 1413; x_wconf 91' lang='grc'><strong>66.</strong></span> <span class='ocrx_word' id='word_1_69' title='bbox 355 1353 509 1429; x_wconf 83' lang='lat' dir='ltr'><strong>Privilegia</strong></span> <span class='ocrx_word' id='word_1_70' title='bbox 530 1349 639 1411; x_wconf 77' lang='lat' dir='ltr'><strong>locutio</strong></span> <span class='ocrx_word' id='word_1_71' title='bbox 661 1361 741 1410; x_wconf 85' lang='lat' dir='ltr'><strong>extra</strong></span> <span class='ocrx_word' id='word_1_72' title='bbox 760 1353 929 1410; x_wconf 87' lang='lat' dir='ltr'><strong>territorium</strong></span> <span class='ocrx_word' id='word_1_73' title='bbox 950 1371 1008 1410; x_wconf 92' lang='lat' dir='ltr'><strong>non</strong></span> <span class='ocrx_word' id='word_1_74' title='bbox 1028 1354 1140 1411; x_wconf 87' lang='lat' dir='ltr'><strong>valent:</strong></span> <span class='ocrx_word' id='word_1_75' title='bbox 1157 1352 1333 1431; x_wconf 71' lang='lat' dir='ltr'><strong>personalia</strong></span> 
     </span>
     <span class='ocr_line' id='line_1_10' title="bbox 245 1451 1333 1527; baseline -0.003 -14"><span class='ocrx_word' id='word_1_76' title='bbox 245 1452 312 1513; x_wconf 82' lang='lat' dir='ltr'><strong>verb</strong></span> <span class='ocrx_word' id='word_1_77' title='bbox 327 1451 569 1518; x_wconf 84' lang='lat' dir='ltr'><strong>circumferuntur,</strong></span> <span class='ocrx_word' id='word_1_78' title='bbox 583 1451 609 1508; x_wconf 85' lang='lat' dir='ltr'><strong>si</strong></span> <span class='ocrx_word' id='word_1_79' title='bbox 622 1471 639 1508; x_wconf 92' lang='lat' dir='ltr'><strong>a</strong></span> <span class='ocrx_word' id='word_1_80' title='bbox 651 1469 785 1527; x_wconf 84' lang='lat' dir='ltr'><strong>suprema</strong></span> <span class='ocrx_word' id='word_1_81' title='bbox 798 1451 959 1509; x_wconf 86' lang='lat' dir='ltr'><strong>auctoritate</strong></span> <span class='ocrx_word' id='word_1_82' title='bbox 979 1452 1083 1510; x_wconf 88' lang='lat' dir='ltr'><strong>fuerint</strong></span> <span class='ocrx_word' id='word_1_83' title='bbox 1100 1469 1252 1519; x_wconf 80' lang='lat' dir='ltr'><strong>concessa3</strong></span> <span class='ocrx_word' id='word_1_84' title='bbox 1274 1453 1333 1510; x_wconf 88' lang='lat' dir='ltr'><strong>imo</strong></span> 
     </span>
     <span class='ocr_line' id='line_1_11' title="bbox 244 1548 1334 1626; baseline -0.002 -16"><span class='ocrx_word' id='word_1_85' title='bbox 244 1555 270 1610; x_wconf 87' lang='lat' dir='ltr'><strong>si</strong></span> <span class='ocrx_word' id='word_1_86' title='bbox 283 1553 317 1610; x_wconf 86' lang='lat' dir='ltr'><strong>ab</strong></span> <span class='ocrx_word' id='word_1_87' title='bbox 331 1551 457 1610; x_wconf 85' lang='lat' dir='ltr'><strong>inferiori</strong></span> <span class='ocrx_word' id='word_1_88' title='bbox 470 1549 590 1626; x_wconf 78' lang='lat' dir='ltr'><strong>presule</strong></span> <span class='ocrx_word' id='word_1_89' title='bbox 608 1550 645 1606; x_wconf 92' lang='lat' dir='ltr'><strong>ob</strong></span> <span class='ocrx_word' id='word_1_90' title='bbox 659 1548 812 1626; x_wconf 82' lang='lat' dir='ltr'><strong>specialem</strong></span> <span class='ocrx_word' id='word_1_91' title='bbox 832 1548 1024 1609; x_wconf 83' lang='lat' dir='ltr'><strong>conditionem</strong></span> <span class='ocrx_word' id='word_1_92' title='bbox 1044 1569 1171 1626; x_wconf 80' lang='lat' dir='ltr'><strong>persone</strong></span> <span class='ocrx_word' id='word_1_93' title='bbox 1191 1570 1227 1608; x_wconf 85' lang='lat' dir='ltr'><strong>ex</strong></span> <span class='ocrx_word' id='word_1_94' title='bbox 1247 1554 1334 1622; x_wconf 82' lang='lat' dir='ltr'><strong>sequi·</strong></span> 
     </span>
     <span class='ocr_line' id='line_1_12' title="bbox 245 1641 1335 1726; baseline 0.001 -19"><span class='ocrx_word' id='word_1_95' title='bbox 245 1661 300 1708; x_wconf 92' lang='lat' dir='ltr'><strong>tate</strong></span> <span class='ocrx_word' id='word_1_96' title='bbox 314 1647 435 1721; x_wconf 86' lang='lat' dir='ltr'><strong>quadam</strong></span> <span class='ocrx_word' id='word_1_97' title='bbox 449 1648 507 1705; x_wconf 86' lang='lat' dir='ltr'><strong>vim</strong></span> <span class='ocrx_word' id='word_1_98' title='bbox 521 1641 669 1704; x_wconf 82' lang='lat' dir='ltr'><strong>obtinent.¹</strong></span> <span class='ocrx_word' id='word_1_99' title='bbox 712 1646 769 1713; x_wconf 84' lang='lat' dir='ltr'><strong>Qui</strong></span> <span class='ocrx_word' id='word_1_100' title='bbox 783 1647 814 1704; x_wconf 89' lang='lat' dir='ltr'><strong>in</strong></span> <span class='ocrx_word' id='word_1_101' title='bbox 832 1648 909 1706; x_wconf 89' lang='lat' dir='ltr'><strong>bulla</strong></span> <span class='ocrx_word' id='word_1_102' title='bbox 924 1648 1068 1708; x_wconf 72' lang='lat' dir='ltr'><strong>Cruciatur</strong></span> <span class='ocrx_word' id='word_1_103' title='bbox 1080 1649 1219 1726; x_wconf 84' lang='lat' dir='ltr'><strong>Hispanis</strong></span> <span class='ocrx_word' id='word_1_104' title='bbox 1233 1668 1335 1708; x_wconf 91' lang='lat' dir='ltr'><strong>conoe-</strong></span> 
     </span>
    </p>
   </div>
   <div class='ocr_carea' id='block_1_3' title="bbox 244 1745 1428 1826">
    <p class='ocr_par' dir='ltr' id='par_1_4' title="bbox 244 1745 1428 1826">
     <span class='ocr_line' id='line_1_13' title="bbox 244 1745 1428 1826; baseline -0.001 -20"><span class='ocrx_word' id='word_1_105' title='bbox 244 1748 318 1806; x_wconf 90' lang='lat' dir='ltr'><strong>ditur</strong></span> <span class='ocrx_word' id='word_1_106' title='bbox 327 1747 532 1806; x_wconf 87' lang='lat' dir='ltr'><strong>lacticiniorum</strong></span> <span class='ocrx_word' id='word_1_107' title='bbox 542 1746 571 1804; x_wconf 94' lang='lat' dir='ltr'><strong>in</strong></span> <span class='ocrx_word' id='word_1_108' title='bbox 581 1745 804 1824; x_wconf 80' lang='lat' dir='ltr'><strong>Quadragesima</strong></span> <span class='ocrx_word' id='word_1_109' title='bbox 812 1765 891 1816; x_wconf 84' lang='lat' dir='ltr'><strong>usus,</strong></span> <span class='ocrx_word' id='word_1_110' title='bbox 901 1749 1086 1826; x_wconf 80' lang='lat' dir='ltr'><strong>eleemosyna</strong></span> <span class='ocrx_word' id='word_1_111' title='bbox 1095 1747 1216 1822; x_wconf 88' lang='lat' dir='ltr'><strong>quadam</strong></span> <span class='ocrx_word' id='word_1_112' title='bbox 1228 1750 1259 1807; x_wconf 90' lang='lat' dir='ltr'><strong>in</strong></span> <span class='ocrx_word' id='word_1_113' title='bbox 1271 1750 1336 1824; x_wconf 90' lang='lat' dir='ltr'><strong>pios</strong></span> <span class='ocrx_word' id='word_1_114' title='bbox 1425 1767 1428 1771; x_wconf 88' lang='lat'>·</span> 
     </span>
    </p>
   </div>
   <div class='ocr_carea' id='block_1_4' title="bbox 239 1844 1337 4002">
    <p class='ocr_par' dir='ltr' id='par_1_5' title="bbox 244 1844 1336 2405">
     <span class='ocr_line' id='line_1_14' title="bbox 244 1844 1334 1924; baseline 0 -18"><span class='ocrx_word' id='word_1_115' title='bbox 244 1865 314 1906; x_wconf 89' lang='lat' dir='ltr'><strong>usus</strong></span> <span class='ocrx_word' id='word_1_116' title='bbox 327 1847 461 1923; x_wconf 89' lang='lat' dir='ltr'><strong>injuncta,</strong></span> <span class='ocrx_word' id='word_1_117' title='bbox 475 1844 565 1903; x_wconf 91' lang='lat' dir='ltr'><strong>locale</strong></span> <span class='ocrx_word' id='word_1_118' title='bbox 578 1845 681 1904; x_wconf 89' lang='lat' dir='ltr'><strong>dicitur</strong></span> <span class='ocrx_word' id='word_1_119' title='bbox 700 1865 716 1902; x_wconf 92' lang='lat' dir='ltr'><strong>a</strong></span> <span class='ocrx_word' id='word_1_120' title='bbox 729 1845 864 1904; x_wconf 83' lang='lat' dir='ltr'><strong>Suaresio</strong></span> <span class='ocrx_word' id='word_1_121' title='bbox 885 1847 1075 1924; x_wconf 85' lang='lat' dir='ltr'><strong>privilegium,</strong></span> <span class='ocrx_word' id='word_1_122' title='bbox 1090 1847 1166 1920; x_wconf 91' lang='lat' dir='ltr'><strong>quod</strong></span> <span class='ocrx_word' id='word_1_123' title='bbox 1179 1857 1258 1904; x_wconf 86' lang='lat' dir='ltr'><strong>extra</strong></span> <span class='ocrx_word' id='word_1_124' title='bbox 1270 1847 1334 1906; x_wconf 90' lang='lat' dir='ltr'><strong>diti·</strong></span> 
     </span>
     <span class='ocr_line' id='line_1_15' title="bbox 244 1938 1334 2023; baseline -0.002 -17"><span class='ocrx_word' id='word_1_125' title='bbox 244 1965 330 2006; x_wconf 89' lang='lat' dir='ltr'><strong>onem</strong></span> <span class='ocrx_word' id='word_1_126' title='bbox 351 1945 576 2023; x_wconf 81' lang='lat' dir='ltr'><strong>Hispaniensem</strong></span> <span class='ocrx_word' id='word_1_127' title='bbox 596 1963 654 2002; x_wconf 92' lang='lat' dir='ltr'><strong>non</strong></span> <span class='ocrx_word' id='word_1_128' title='bbox 677 1938 785 2002; x_wconf 79' lang='lat' dir='ltr'><strong>valetr²</strong></span> <span class='ocrx_word' id='word_1_129' title='bbox 804 1946 1012 2022; x_wconf 73' lang='lat' dir='ltr'><strong>quamvisjam</strong></span> <span class='ocrx_word' id='word_1_130' title='bbox 1032 1947 1140 2022; x_wconf 83' lang='lat' dir='ltr'><strong>passim</strong></span> <span class='ocrx_word' id='word_1_131' title='bbox 1160 1946 1334 2004; x_wconf 86' lang='lat' dir='ltr'><strong>abstinentiae</strong></span> 
     </span>
     <span class='ocr_line' id='line_1_16' title="bbox 244 2043 1336 2121; baseline 0 -19"><span class='ocrx_word' id='word_1_132' title='bbox 244 2046 323 2121; x_wconf 80' lang='lat' dir='ltr'><strong>leger</strong></span> <span class='ocrx_word' id='word_1_133' title='bbox 337 2063 372 2102; x_wconf 91' lang='lat' dir='ltr'><strong>eo</strong></span> <span class='ocrx_word' id='word_1_134' title='bbox 386 2055 522 2119; x_wconf 79' lang='lat' dir='ltr'><strong>pretextu</strong></span> <span class='ocrx_word' id='word_1_135' title='bbox 536 2043 684 2101; x_wconf 83' lang='lat' dir='ltr'><strong>violentur.</strong></span> <span class='ocrx_word' id='word_1_136' title='bbox 727 2043 785 2109; x_wconf 84' lang='lat' dir='ltr'><strong>Qui</strong></span> <span class='ocrx_word' id='word_1_137' title='bbox 797 2044 834 2101; x_wconf 91' lang='lat' dir='ltr'><strong>ob</strong></span> <span class='ocrx_word' id='word_1_138' title='bbox 853 2044 994 2103; x_wconf 85' lang='lat' dir='ltr'><strong>infirmam</strong></span> <span class='ocrx_word' id='word_1_139' title='bbox 1006 2043 1194 2102; x_wconf 88' lang='lat' dir='ltr'><strong>valetudinem</strong></span> <span class='ocrx_word' id='word_1_140' title='bbox 1216 2046 1336 2104; x_wconf 88' lang='lat' dir='ltr'><strong>obtinuit</strong></span> 
     </span>
     <span class='ocr_line' id='line_1_17' title="bbox 244 2140 1335 2218; baseline 0.001 -18"><span class='ocrx_word' id='word_1_141' title='bbox 244 2143 389 2201; x_wconf 90' lang='lat' dir='ltr'><strong>licentiam</strong></span> <span class='ocrx_word' id='word_1_142' title='bbox 403 2143 532 2199; x_wconf 84' lang='lat' dir='ltr'><strong>carnibus</strong></span> <span class='ocrx_word' id='word_1_143' title='bbox 545 2140 689 2209; x_wconf 85' lang='lat' dir='ltr'><strong>vescendi,</strong></span> <span class='ocrx_word' id='word_1_144' title='bbox 711 2142 813 2218; x_wconf 90' lang='lat' dir='ltr'><strong>poterit</strong></span> <span class='ocrx_word' id='word_1_145' title='bbox 831 2161 865 2199; x_wconf 92' lang='lat' dir='ltr'><strong>ea</strong></span> <span class='ocrx_word' id='word_1_146' title='bbox 882 2143 989 2215; x_wconf 91' lang='lat' dir='ltr'><strong>ubique</strong></span> <span class='ocrx_word' id='word_1_147' title='bbox 1007 2144 1059 2210; x_wconf 88' lang='lat' dir='ltr'><strong>nti,</strong></span> <span class='ocrx_word' id='word_1_148' title='bbox 1081 2141 1133 2200; x_wconf 92' lang='lat' dir='ltr'><strong>sed</strong></span> <span class='ocrx_word' id='word_1_149' title='bbox 1145 2142 1335 2202; x_wconf 84' lang='lat' dir='ltr'><strong>offensionem</strong></span> 
     </span>
     <span class='ocr_line' id='line_1_18' title="bbox 244 2239 1333 2319; baseline 0.002 -21"><span class='ocrx_word' id='word_1_150' title='bbox 244 2240 372 2300; x_wconf 90' lang='lat' dir='ltr'><strong>fidelium</strong></span> <span class='ocrx_word' id='word_1_151' title='bbox 387 2240 473 2298; x_wconf 90' lang='lat' dir='ltr'><strong>vitare</strong></span> <span class='ocrx_word' id='word_1_152' title='bbox 486 2239 578 2306; x_wconf 85' lang='lat' dir='ltr'><strong>debet,</strong></span> <span class='ocrx_word' id='word_1_153' title='bbox 592 2248 620 2296; x_wconf 89' lang='lat' dir='ltr'><strong>et</strong></span> <span class='ocrx_word' id='word_1_154' title='bbox 632 2239 780 2298; x_wconf 84' lang='lat' dir='ltr'><strong>ordinariis</strong></span> <span class='ocrx_word' id='word_1_155' title='bbox 799 2240 927 2300; x_wconf 89' lang='lat' dir='ltr'><strong>locorum</strong></span> <span class='ocrx_word' id='word_1_156' title='bbox 944 2241 1054 2300; x_wconf 86' lang='lat' dir='ltr'><strong>deferre</strong></span> <span class='ocrx_word' id='word_1_157' title='bbox 1074 2243 1266 2310; x_wconf 87' lang='lat' dir='ltr'><strong>reverentiam,</strong></span> <span class='ocrx_word' id='word_1_158' title='bbox 1281 2261 1333 2319; x_wconf 90' lang='lat' dir='ltr'><strong>pe·</strong></span> 
     </span>
     <span class='ocr_line' id='line_1_19' title="bbox 245 2333 983 2405; baseline -0.001 -9"><span class='ocrx_word' id='word_1_159' title='bbox 245 2340 294 2396; x_wconf 88' lang='lat' dir='ltr'><strong>tita</strong></span> <span class='ocrx_word' id='word_1_160' title='bbox 307 2341 399 2405; x_wconf 80' lang='lat' dir='ltr'><strong>venia,</strong></span> <span class='ocrx_word' id='word_1_161' title='bbox 414 2339 438 2396; x_wconf 86' lang='lat' dir='ltr'><strong>si</strong></span> <span class='ocrx_word' id='word_1_162' title='bbox 452 2339 488 2396; x_wconf 89' lang='lat' dir='ltr'><strong>sit</strong></span> <span class='ocrx_word' id='word_1_163' title='bbox 501 2338 612 2396; x_wconf 81' lang='lat' dir='ltr'><strong>occasio</strong></span> <span class='ocrx_word' id='word_1_164' title='bbox 626 2338 727 2397; x_wconf 86' lang='lat' dir='ltr'><strong>facilis.</strong></span> <span class='ocrx_word' id='word_1_165' title='bbox 980 2333 983 2340; x_wconf 75' lang='grc'><strong>’</strong></span> 
     </span>
    </p>

    <p class='ocr_par' dir='ltr' id='par_1_6' title="bbox 239 2436 1337 4002">
     <span class='ocr_line' id='line_1_20' title="bbox 284 2436 1332 2514; baseline 0.006 -20"><span class='ocrx_word' id='word_1_166' title='bbox 284 2439 333 2494; x_wconf 81' lang='grc'><strong>67.</strong></span> <span class='ocrx_word' id='word_1_167' title='bbox 355 2436 540 2513; x_wconf 81' lang='lat' dir='ltr'><strong>Privilegium</strong></span> <span class='ocrx_word' id='word_1_168' title='bbox 553 2445 645 2493; x_wconf 86' lang='lat' dir='ltr'><strong>cessat</strong></span> <span class='ocrx_word' id='word_1_169' title='bbox 655 2437 737 2512; x_wconf 90' lang='lat' dir='ltr'><strong>lapsu</strong></span> <span class='ocrx_word' id='word_1_170' title='bbox 752 2438 896 2514; x_wconf 85' lang='lat' dir='ltr'><strong>temporis,</strong></span> <span class='ocrx_word' id='word_1_171' title='bbox 911 2440 1024 2512; x_wconf 90' lang='lat' dir='ltr'><strong>quando</strong></span> <span class='ocrx_word' id='word_1_172' title='bbox 1041 2451 1133 2499; x_wconf 86' lang='lat' dir='ltr'><strong>certus</strong></span> <span class='ocrx_word' id='word_1_173' title='bbox 1152 2443 1287 2500; x_wconf 86' lang='lat' dir='ltr'><strong>terminus</strong></span> <span class='ocrx_word' id='word_1_174' title='bbox 1301 2444 1332 2514; x_wconf 86' lang='lat' dir='ltr'><strong>in</strong></span> 
     </span>
     <span class='ocr_line' id='line_1_21' title="bbox 244 2534 1334 2617; baseline 0.004 -23"><span class='ocrx_word' id='word_1_175' title='bbox 244 2534 353 2594; x_wconf 88' lang='lat' dir='ltr'><strong>indulto</strong></span> <span class='ocrx_word' id='word_1_176' title='bbox 367 2534 450 2593; x_wconf 86' lang='lat' dir='ltr'><strong>luerit</strong></span> <span class='ocrx_word' id='word_1_177' title='bbox 462 2535 645 2592; x_wconf 87' lang='lat' dir='ltr'><strong>constitutus:</strong></span> <span class='ocrx_word' id='word_1_178' title='bbox 667 2545 695 2594; x_wconf 95' lang='lat' dir='ltr'><strong>et</strong></span> <span class='ocrx_word' id='word_1_179' title='bbox 713 2536 799 2594; x_wconf 87' lang='lat' dir='ltr'><strong>etiam</strong></span> <span class='ocrx_word' id='word_1_180' title='bbox 818 2538 977 2598; x_wconf 88' lang='lat' dir='ltr'><strong>cessatione</strong></span> <span class='ocrx_word' id='word_1_181' title='bbox 996 2558 1088 2598; x_wconf 76' lang='lat' dir='ltr'><strong>cause</strong></span> <span class='ocrx_word' id='word_1_182' title='bbox 1102 2540 1204 2608; x_wconf 87' lang='lat' dir='ltr'><strong>finalis,</strong></span> <span class='ocrx_word' id='word_1_183' title='bbox 1219 2551 1334 2617; x_wconf 90' lang='lat' dir='ltr'><strong>propter</strong></span> 
     </span>
     <span class='ocr_line' id='line_1_22' title="bbox 245 2633 1333 2709; baseline 0.004 -17"><span class='ocrx_word' id='word_1_184' title='bbox 245 2653 330 2707; x_wconf 89' lang='lat' dir='ltr'><strong>quam</strong></span> <span class='ocrx_word' id='word_1_185' title='bbox 343 2651 512 2692; x_wconf 86' lang='lat' dir='ltr'><strong>concessum</strong></span> <span class='ocrx_word' id='word_1_186' title='bbox 525 2643 592 2701; x_wconf 86' lang='lat' dir='ltr'><strong>erat,</strong></span> <span class='ocrx_word' id='word_1_187' title='bbox 606 2635 631 2692; x_wconf 88' lang='lat' dir='ltr'><strong>si</strong></span> <span class='ocrx_word' id='word_1_188' title='bbox 651 2653 684 2694; x_wconf 88' lang='lat' dir='ltr'><strong>ea</strong></span> <span class='ocrx_word' id='word_1_189' title='bbox 704 2644 849 2709; x_wconf 87' lang='lat' dir='ltr'><strong>tamquam</strong></span> <span class='ocrx_word' id='word_1_190' title='bbox 866 2637 1028 2696; x_wconf 89' lang='lat' dir='ltr'><strong>conditione</strong></span> <span class='ocrx_word' id='word_1_191' title='bbox 1049 2633 1183 2704; x_wconf 69' lang='lat' dir='ltr'><strong>nitaturr³</strong></span> <span class='ocrx_word' id='word_1_192' title='bbox 1202 2657 1285 2698; x_wconf 87' lang='lat' dir='ltr'><strong>secus</strong></span> <span class='ocrx_word' id='word_1_193' title='bbox 1308 2640 1333 2696; x_wconf 87' lang='lat' dir='ltr'><strong>si</strong></span> 
     </span>
     <span class='ocr_line' id='line_1_23' title="bbox 245 2733 1333 2813; baseline 0.003 -22"><span class='ocrx_word' id='word_1_194' title='bbox 245 2735 394 2794; x_wconf 83' lang='lat' dir='ltr'><strong>concessio</strong></span> <span class='ocrx_word' id='word_1_195' title='bbox 407 2733 492 2792; x_wconf 84' lang='lat' dir='ltr'><strong>suerit</strong></span> <span class='ocrx_word' id='word_1_196' title='bbox 505 2733 640 2803; x_wconf 86' lang='lat' dir='ltr'><strong>absoluta,</strong></span> <span class='ocrx_word' id='word_1_197' title='bbox 654 2735 695 2794; x_wconf 90' lang='lat' dir='ltr'><strong>nti</strong></span> <span class='ocrx_word' id='word_1_198' title='bbox 708 2735 806 2811; x_wconf 92' lang='lat' dir='ltr'><strong>opinio</strong></span> <span class='ocrx_word' id='word_1_199' title='bbox 818 2735 899 2794; x_wconf 84' lang='lat' dir='ltr'><strong>valde</strong></span> <span class='ocrx_word' id='word_1_200' title='bbox 913 2736 1065 2813; x_wconf 86' lang='lat' dir='ltr'><strong>probabilis</strong></span> <span class='ocrx_word' id='word_1_201' title='bbox 1078 2733 1148 2794; x_wconf 84' lang='lat' dir='ltr'><strong>cst⁴</strong></span> <span class='ocrx_word' id='word_1_202' title='bbox 1188 2738 1333 2796; x_wconf 87' lang='lat' dir='ltr'><strong>Amittitur</strong></span> 
     </span>
     <span class='ocr_line' id='line_1_24' title="bbox 244 2833 1334 2913; baseline 0.003 -24"><span class='ocrx_word' id='word_1_203' title='bbox 244 2833 1281 2913; x_wconf 80' lang='lat' dir='ltr'><strong>perusumcontrarium‚velnonusum‚perspatiumadpraeecriptionem</strong></span> <span class='ocrx_word' id='word_1_204' title='bbox 1291 2854 1334 2892; x_wconf 89' lang='lat' dir='ltr'><strong>re·</strong></span> 
     </span>
     <span class='ocr_line' id='line_1_25' title="bbox 244 2930 1333 3012; baseline 0.006 -26"><span class='ocrx_word' id='word_1_205' title='bbox 244 2931 389 3000; x_wconf 86' lang='lat' dir='ltr'><strong>quisitum,</strong></span> <span class='ocrx_word' id='word_1_206' title='bbox 399 2931 424 2986; x_wconf 92' lang='lat' dir='ltr'><strong>si</strong></span> <span class='ocrx_word' id='word_1_207' title='bbox 434 2930 614 3006; x_wconf 83' lang='lat' dir='ltr'><strong>privilegium</strong></span> <span class='ocrx_word' id='word_1_208' title='bbox 621 2932 683 2989; x_wconf 87' lang='lat' dir='ltr'><strong>aliis</strong></span> <span class='ocrx_word' id='word_1_209' title='bbox 692 2934 730 2989; x_wconf 92' lang='lat' dir='ltr'><strong>sit</strong></span> <span class='ocrx_word' id='word_1_210' title='bbox 736 2932 922 2991; x_wconf 84' lang='lat' dir='ltr'><strong>detrimento:</strong></span> <span class='ocrx_word' id='word_1_211' title='bbox 934 2942 1106 3010; x_wconf 88' lang='lat' dir='ltr'><strong>quapropter</strong></span> <span class='ocrx_word' id='word_1_212' title='bbox 1114 2936 1268 3012; x_wconf 77' lang='lat' dir='ltr'><strong>templariis</strong></span> <span class='ocrx_word' id='word_1_213' title='bbox 1277 2936 1333 2993; x_wconf 87' lang='lat' dir='ltr'><strong>sibi</strong></span> 
     </span>
     <span class='ocr_line' id='line_1_26' title="bbox 243 3025 1331 3102; baseline 0.008 -20"><span class='ocrx_word' id='word_1_214' title='bbox 243 3025 449 3084; x_wconf 84' lang='lat' dir='ltr'><strong>vindicantibus</strong></span> <span class='ocrx_word' id='word_1_215' title='bbox 462 3027 669 3086; x_wconf 82' lang='lat' dir='ltr'><strong>immunitatem</strong></span> <span class='ocrx_word' id='word_1_216' title='bbox 687 3050 703 3087; x_wconf 87' lang='lat' dir='ltr'><strong>a</strong></span> <span class='ocrx_word' id='word_1_217' title='bbox 722 3028 840 3091; x_wconf 81' lang='lat' dir='ltr'><strong>decimis</strong></span> <span class='ocrx_word' id='word_1_218' title='bbox 854 3031 967 3091; x_wconf 85' lang='lat' dir='ltr'><strong>cuidam</strong></span> <span class='ocrx_word' id='word_1_219' title='bbox 986 3035 1157 3092; x_wconf 85' lang='lat' dir='ltr'><strong>monasterio</strong></span> <span class='ocrx_word' id='word_1_220' title='bbox 1178 3033 1331 3102; x_wconf 85' lang='lat' dir='ltr'><strong>solvendis,</strong></span> 
     </span>
     <span class='ocr_line' id='line_1_27' title="bbox 239 3123 1332 3208; baseline 0.009 -28"><span class='ocrx_word' id='word_1_221' title='bbox 239 3123 327 3198; x_wconf 86' lang='lat' dir='ltr'><strong>jussit</strong></span> <span class='ocrx_word' id='word_1_222' title='bbox 339 3123 521 3181; x_wconf 84' lang='lat' dir='ltr'><strong>innocentius</strong></span> <span class='ocrx_word' id='word_1_223' title='bbox 535 3124 590 3184; x_wconf 91' lang='grc' dir='ltr'><strong>ΙΙΙ.</strong></span> <span class='ocrx_word' id='word_1_224' title='bbox 606 3144 655 3184; x_wconf 86' lang='lat' dir='ltr'><strong>eos</strong></span> <span class='ocrx_word' id='word_1_225' title='bbox 670 3126 705 3184; x_wconf 86' lang='lat' dir='ltr'><strong>ad</strong></span> <span class='ocrx_word' id='word_1_226' title='bbox 717 3128 887 3189; x_wconf 88' lang='lat' dir='ltr'><strong>solvendum</strong></span> <span class='ocrx_word' id='word_1_227' title='bbox 900 3131 1053 3208; x_wconf 87' lang='lat' dir='ltr'><strong>cogendos,</strong></span> <span class='ocrx_word' id='word_1_228' title='bbox 1072 3134 1097 3190; x_wconf 88' lang='lat' dir='ltr'><strong>si</strong></span> <span class='ocrx_word' id='word_1_229' title='bbox 1118 3143 1268 3200; x_wconf 86' lang='lat' dir='ltr'><strong>constaret,</strong></span> <span class='ocrx_word' id='word_1_230' title='bbox 1282 3151 1332 3190; x_wconf 83' lang='lat' dir='ltr'><strong>ex-</strong></span> 
     </span>
     <span class='ocr_line' id='line_1_28' title="bbox 243 3221 1333 3307; baseline 0.009 -27"><span class='ocrx_word' id='word_1_231' title='bbox 243 3221 336 3280; x_wconf 86' lang='lat' dir='ltr'><strong>amine</strong></span> <span class='ocrx_word' id='word_1_232' title='bbox 350 3223 487 3290; x_wconf 81' lang='lat' dir='ltr'><strong>instituto,</strong></span> <span class='ocrx_word' id='word_1_233' title='bbox 502 3239 551 3283; x_wconf 90' lang='lat' dir='ltr'><strong>eos</strong></span> <span class='ocrx_word' id='word_1_234' title='bbox 565 3243 616 3302; x_wconf 92' lang='lat' dir='ltr'><strong>per</strong></span> <span class='ocrx_word' id='word_1_235' title='bbox 629 3225 813 3304; x_wconf 82' lang='lat' dir='ltr'><strong>quadraginta</strong></span> <span class='ocrx_word' id='word_1_236' title='bbox 832 3248 921 3288; x_wconf 87' lang='lat' dir='ltr'><strong>annos</strong></span> <span class='ocrx_word' id='word_1_237' title='bbox 939 3231 1073 3307; x_wconf 74' lang='lat' dir='ltr'><strong>&#39;proxime</strong></span> <span class='ocrx_word' id='word_1_238' title='bbox 1094 3232 1206 3307; x_wconf 87' lang='lat' dir='ltr'><strong>elapsos</strong></span> <span class='ocrx_word' id='word_1_239' title='bbox 1227 3233 1333 3303; x_wconf 86' lang='lat' dir='ltr'><strong>absque</strong></span> 
     </span>
     <span class='ocr_line' id='line_1_29' title="bbox 243 3321 1334 3407; baseline 0.007 -27"><span class='ocrx_word' id='word_1_240' title='bbox 243 3322 293 3380; x_wconf 90' lang='lat' dir='ltr'><strong>lite</strong></span> <span class='ocrx_word' id='word_1_241' title='bbox 317 3321 454 3380; x_wconf 88' lang='lat' dir='ltr'><strong>solvisse:</strong></span> <span class='ocrx_word' id='word_1_242' title='bbox 477 3330 572 3382; x_wconf 89' lang='lat' dir='ltr'><strong>“cum</strong></span> <span class='ocrx_word' id='word_1_243' title='bbox 592 3326 669 3384; x_wconf 91' lang='lat' dir='ltr'><strong>enim</strong></span> <span class='ocrx_word' id='word_1_244' title='bbox 690 3335 765 3385; x_wconf 89' lang='lat' dir='ltr'><strong>tanto</strong></span> <span class='ocrx_word' id='word_1_245' title='bbox 788 3337 915 3404; x_wconf 89' lang='lat' dir='ltr'><strong>tempore</strong></span> <span class='ocrx_word' id='word_1_246' title='bbox 938 3339 1034 3388; x_wconf 90' lang='lat' dir='ltr'><strong>contra</strong></span> <span class='ocrx_word' id='word_1_247' title='bbox 1055 3329 1164 3389; x_wconf 89' lang='lat' dir='ltr'><strong>indulta</strong></span> <span class='ocrx_word' id='word_1_248' title='bbox 1186 3330 1334 3407; x_wconf 83' lang='lat' dir='ltr'><strong>privilegia</strong></span> 
     </span>
     <span class='ocr_line' id='line_1_30' title="bbox 244 3415 1334 3504; baseline 0.008 -26"><span class='ocrx_word' id='word_1_249' title='bbox 244 3419 369 3479; x_wconf 85' lang='lat' dir='ltr'><strong>decimas</strong></span> <span class='ocrx_word' id='word_1_250' title='bbox 383 3421 527 3490; x_wconf 86' lang='lat' dir='ltr'><strong>solverint,</strong></span> <span class='ocrx_word' id='word_1_251' title='bbox 541 3424 583 3480; x_wconf 86' lang='lat' dir='ltr'><strong>eis</strong></span> <span class='ocrx_word' id='word_1_252' title='bbox 600 3425 775 3484; x_wconf 86' lang='lat' dir='ltr'><strong>renuntiasse</strong></span> <span class='ocrx_word' id='word_1_253' title='bbox 789 3415 878 3483; x_wconf 64' lang='lat' dir='ltr'><strong>‘tacite</strong></span> <span class='ocrx_word' id='word_1_254' title='bbox 898 3426 1154 3504; x_wconf 82' lang='lat' dir='ltr'><strong>praesumnnmr.”⁵</strong></span> <span class='ocrx_word' id='word_1_255' title='bbox 1168 3435 1175 3444; x_wconf 88' lang='grc'><em>“</em></span> <span class='ocrx_word' id='word_1_256' title='bbox 1194 3429 1227 3486; x_wconf 84' lang='lat' dir='ltr'><strong>Si</strong></span> <span class='ocrx_word' id='word_1_257' title='bbox 1240 3438 1334 3487; x_wconf 89' lang='lat' dir='ltr'><strong>antem</strong></span> 
     </span>
     <span class='ocr_line' id='line_1_31' title="bbox 246 3519 1334 3604; baseline 0.005 -25"><span class='ocrx_word' id='word_1_258' title='bbox 246 3521 427 3599; x_wconf 81' lang='lat' dir='ltr'><strong>privilegium</strong></span> <span class='ocrx_word' id='word_1_259' title='bbox 441 3519 559 3580; x_wconf 86' lang='lat' dir='ltr'><strong>aliorum</strong></span> <span class='ocrx_word' id='word_1_260' title='bbox 568 3523 633 3599; x_wconf 87' lang='lat' dir='ltr'><strong>jura</strong></span> <span class='ocrx_word' id='word_1_261' title='bbox 646 3543 704 3582; x_wconf 94' lang='lat' dir='ltr'><strong>non</strong></span> <span class='ocrx_word' id='word_1_262' title='bbox 715 3523 807 3594; x_wconf 78' lang='lat' dir='ltr'><strong>ledat,</strong></span> <span class='ocrx_word' id='word_1_263' title='bbox 828 3544 886 3584; x_wconf 91' lang='lat' dir='ltr'><strong>non</strong></span> <span class='ocrx_word' id='word_1_264' title='bbox 906 3527 1039 3585; x_wconf 83' lang='lat' dir='ltr'><strong>amittitur</strong></span> <span class='ocrx_word' id='word_1_265' title='bbox 1058 3546 1110 3604; x_wconf 89' lang='lat' dir='ltr'><strong>per</strong></span> <span class='ocrx_word' id='word_1_266' title='bbox 1129 3547 1213 3586; x_wconf 89' lang='lat' dir='ltr'><strong>usum</strong></span> <span class='ocrx_word' id='word_1_267' title='bbox 1226 3537 1334 3585; x_wconf 89' lang='lat' dir='ltr'><strong>contra·</strong></span> 
     </span>
     <span class='ocr_line' id='line_1_32' title="bbox 242 3612 1337 3703; baseline 0.005 -27"><span class='ocrx_word' id='word_1_268' title='bbox 242 3619 325 3676; x_wconf 87' lang='lat' dir='ltr'><strong>rium.</strong></span> <span class='ocrx_word' id='word_1_269' title='bbox 368 3619 447 3677; x_wconf 89' lang='lat' dir='ltr'><strong>Hinc</strong></span> <span class='ocrx_word' id='word_1_270' title='bbox 467 3621 513 3678; x_wconf 90' lang='lat' dir='ltr'><strong>eui</strong></span> <span class='ocrx_word' id='word_1_271' title='bbox 525 3623 610 3679; x_wconf 90' lang='lat' dir='ltr'><strong>breve</strong></span> <span class='ocrx_word' id='word_1_272' title='bbox 629 3625 745 3682; x_wconf 88' lang='lat' dir='ltr'><strong>recitare</strong></span> <span class='ocrx_word' id='word_1_273' title='bbox 766 3612 1074 3694; x_wconf 48' lang='lat' dir='ltr'><strong>cfficiumlconcessum</strong></span> <span class='ocrx_word' id='word_1_274' title='bbox 1093 3637 1145 3694; x_wconf 91' lang='lat' dir='ltr'><strong>cst,</strong></span> <span class='ocrx_word' id='word_1_275' title='bbox 1159 3635 1253 3703; x_wconf 87' lang='lat' dir='ltr'><strong>potest</strong></span> <span class='ocrx_word' id='word_1_276' title='bbox 1264 3625 1337 3684; x_wconf 88' lang='lat' dir='ltr'><strong>illud</strong></span> 
     </span>
     <span class='ocr_line' id='line_1_33' title="bbox 248 3714 1335 3802; baseline 0.011 -31"><span class='ocrx_word' id='word_1_277' title='bbox 248 3714 353 3782; x_wconf 86' lang='lat' dir='ltr'><strong>dicere,</strong></span> <span class='ocrx_word' id='word_1_278' title='bbox 369 3716 422 3773; x_wconf 87' lang='lat' dir='ltr'><strong>etsi</strong></span> <span class='ocrx_word' id='word_1_279' title='bbox 435 3733 486 3790; x_wconf 90' lang='lat' dir='ltr'><strong>per</strong></span> <span class='ocrx_word' id='word_1_280' title='bbox 499 3718 637 3793; x_wconf 89' lang='lat' dir='ltr'><strong>plurimos</strong></span> <span class='ocrx_word' id='word_1_281' title='bbox 651 3740 741 3779; x_wconf 86' lang='lat' dir='ltr'><strong>annos</strong></span> <span class='ocrx_word' id='word_1_282' title='bbox 754 3722 867 3800; x_wconf 86' lang='lat' dir='ltr'><strong>longius</strong></span> <span class='ocrx_word' id='word_1_283' title='bbox 887 3723 1023 3792; x_wconf 84' lang='lat' dir='ltr'><strong>officium,</strong></span> <span class='ocrx_word' id='word_1_284' title='bbox 1043 3725 1186 3802; x_wconf 80' lang='lat' dir='ltr'><strong>privilegii</strong></span> <span class='ocrx_word' id='word_1_285' title='bbox 1198 3723 1275 3782; x_wconf 92' lang='lat' dir='ltr'><strong>hand</strong></span> <span class='ocrx_word' id='word_1_286' title='bbox 1287 3743 1335 3783; x_wconf 87' lang='lat' dir='ltr'><strong>so·</strong></span> 
     </span>
     <span class='ocr_line' id='line_1_34' title="bbox 242 3813 1334 3901; baseline 0.01 -30"><span class='ocrx_word' id='word_1_287' title='bbox 242 3813 521 3884; x_wconf 83' lang='lat' dir='ltr'><strong>licitus,reoitave&#39;rit.</strong></span> <span class='ocrx_word' id='word_1_288' title='bbox 542 3817 657 3875; x_wconf 84' lang='lat' dir='ltr'><strong>Abusus</strong></span> <span class='ocrx_word' id='word_1_289' title='bbox 667 3819 809 3897; x_wconf 85' lang='lat' dir='ltr'><strong>privilegii</strong></span> <span class='ocrx_word' id='word_1_290' title='bbox 813 3823 920 3898; x_wconf 84' lang='lat' dir='ltr'><strong>justam</strong></span> <span class='ocrx_word' id='word_1_291' title='bbox 930 3824 1036 3899; x_wconf 78' lang='lat' dir='ltr'><strong>prebet</strong></span> <span class='ocrx_word' id='word_1_292' title='bbox 1052 3823 1201 3901; x_wconf 86' lang='lat' dir='ltr'><strong>Superiori</strong></span> <span class='ocrx_word' id='word_1_293' title='bbox 1218 3841 1334 3882; x_wconf 82' lang='lat' dir='ltr'><strong>causum</strong></span> 
     </span>
     <span class='ocr_line' id='line_1_35' title="bbox 242 3912 1333 4002; baseline 0.008 -31"><span class='ocrx_word' id='word_1_294' title='bbox 242 3913 318 4002; x_wconf 88' lang='lat' dir='ltr'><strong>illud</strong></span> <span class='ocrx_word' id='word_1_295' title='bbox 326 3912 485 3983; x_wconf 86' lang='lat' dir='ltr'><strong>auferendi,</strong></span> <span class='ocrx_word' id='word_1_296' title='bbox 500 3915 568 3988; x_wconf 89' lang='lat' dir='ltr'><strong>quia</strong></span> <span class='ocrx_word' id='word_1_297' title='bbox 587 3922 607 3950; x_wconf 79' lang='lat'><strong>‘⁴</strong></span> <span class='ocrx_word' id='word_1_298' title='bbox 619 3917 799 3994; x_wconf 76' lang='lat' dir='ltr'><strong>priuilegium</strong></span> <span class='ocrx_word' id='word_1_299' title='bbox 818 3929 942 3979; x_wconf 89' lang='lat' dir='ltr'><strong>meretur</strong></span> <span class='ocrx_word' id='word_1_300' title='bbox 963 3922 1099 3991; x_wconf 86' lang='lat' dir='ltr'><strong>amittere,</strong></span> <span class='ocrx_word' id='word_1_301' title='bbox 1121 3923 1171 3996; x_wconf 91' lang='lat' dir='ltr'><strong>qui</strong></span> <span class='ocrx_word' id='word_1_302' title='bbox 1191 3922 1333 4000; x_wconf 89' lang='lat' dir='ltr'><strong>permissa</strong></span> 
     </span>
    </p>
   </div>
   <div class='ocr_carea' id='block_1_5' title="bbox 279 4111 1135 4268">
    <p class='ocr_par' dir='ltr' id='par_1_7' title="bbox 279 4111 1135 4268">
     <span class='ocr_line' id='line_1_36' title="bbox 279 4111 1135 4184; baseline 0.009 -24"><span class='ocrx_word' id='word_1_303' title='bbox 279 4111 321 4176; x_wconf 92' lang='lat' dir='ltr'><strong>(l)</strong></span> <span class='ocrx_word' id='word_1_304' title='bbox 336 4111 427 4161; x_wconf 78' lang='lat' dir='ltr'><strong>Sumen</strong></span> <span class='ocrx_word' id='word_1_305' title='bbox 439 4111 469 4161; x_wconf 86' lang='lat' dir='ltr'><strong>de</strong></span> <span class='ocrx_word' id='word_1_306' title='bbox 477 4114 523 4174; x_wconf 78' lang='lat' dir='ltr'><strong>leg.</strong></span> <span class='ocrx_word' id='word_1_307' title='bbox 532 4115 548 4163; x_wconf 90' lang='lat' dir='ltr'><strong>l.</strong></span> <span class='ocrx_word' id='word_1_308' title='bbox 559 4115 610 4165; x_wconf 81' lang='lat' dir='ltr'><strong>viii.</strong></span> <span class='ocrx_word' id='word_1_309' title='bbox 621 4131 643 4166; x_wconf 92' lang='lat' dir='ltr'><strong>c.</strong></span> <span class='ocrx_word' id='word_1_310' title='bbox 655 4117 722 4167; x_wconf 82' lang='lat' dir='ltr'><strong>xxvi.</strong></span> <span class='ocrx_word' id='word_1_311' title='bbox 734 4133 760 4168; x_wconf 91' lang='lat' dir='ltr'><strong>n.</strong></span> <span class='ocrx_word' id='word_1_312' title='bbox 769 4117 808 4167; x_wconf 88' lang='lat'><strong>15.</strong></span> <span class='ocrx_word' id='word_1_313' title='bbox 975 4120 1014 4184; x_wconf 77' lang='lat'><strong>(2)</strong></span> <span class='ocrx_word' id='word_1_314' title='bbox 1035 4117 1135 4170; x_wconf 85' lang='lat' dir='ltr'><strong>Ibidem.</strong></span> 
     </span>
     <span class='ocr_line' id='line_1_37' title="bbox 281 4191 1019 4268; baseline -0.005 -14"><span class='ocrx_word' id='word_1_315' title='bbox 281 4193 324 4257; x_wconf 81' lang='lat'><strong>(3)</strong></span> <span class='ocrx_word' id='word_1_316' title='bbox 337 4191 367 4240; x_wconf 75' lang='lat'><strong>⁰·</strong></span> <span class='ocrx_word' id='word_1_317' title='bbox 379 4191 440 4253; x_wconf 72' lang='lat'><strong>1¹08·</strong></span> <span class='ocrx_word' id='word_1_318' title='bbox 451 4195 554 4260; x_wconf 77' lang='lat' dir='ltr'><strong>quotie,</strong></span> <span class='ocrx_word' id='word_1_319' title='bbox 566 4197 596 4247; x_wconf 89' lang='lat' dir='ltr'><strong>de</strong></span> <span class='ocrx_word' id='word_1_320' title='bbox 607 4199 719 4263; x_wconf 85' lang='lat' dir='ltr'><strong>precibus</strong></span> <span class='ocrx_word' id='word_1_321' title='bbox 729 4201 868 4268; x_wconf 84' lang='lat' dir='ltr'><strong>imperatori</strong></span> <span class='ocrx_word' id='word_1_322' title='bbox 880 4201 1019 4252; x_wconf 79' lang='lat' dir='ltr'><strong>offerendis.</strong></span> 
     </span>
    </p>
   </div>
   <div class='ocr_carea' id='block_1_6' title="bbox 280 4273 1215 4352">
    <p class='ocr_par' dir='ltr' id='par_1_8' title="bbox 280 4273 1215 4352">
     <span class='ocr_line' id='line_1_38' title="bbox 280 4273 1215 4352; baseline 0.017 -32"><span class='ocrx_word' id='word_1_323' title='bbox 280 4273 323 4338; x_wconf 86' lang='lat'><strong>(4)</strong></span> <span class='ocrx_word' id='word_1_324' title='bbox 338 4273 363 4321; x_wconf 80' lang='lat' dir='ltr'><strong>S.</strong></span> <span class='ocrx_word' id='word_1_325' title='bbox 377 4273 452 4338; x_wconf 79' lang='lat' dir='ltr'><strong>Alpb.</strong></span> <span class='ocrx_word' id='word_1_326' title='bbox 463 4290 517 4340; x_wconf 82' lang='lat' dir='ltr'><strong>epp.</strong></span> <span class='ocrx_word' id='word_1_327' title='bbox 529 4277 554 4326; x_wconf 85' lang='lat' dir='ltr'><strong>ii.</strong></span> <span class='ocrx_word' id='word_1_328' title='bbox 565 4277 595 4330; x_wconf 85' lang='lat' dir='ltr'><strong>de</strong></span> <span class='ocrx_word' id='word_1_329' title='bbox 601 4282 671 4346; x_wconf 82' lang='lat' dir='ltr'><strong>priv.</strong></span> <span class='ocrx_word' id='word_1_330' title='bbox 681 4299 707 4334; x_wconf 88' lang='lat' dir='ltr'><strong>n.</strong></span> <span class='ocrx_word' id='word_1_331' title='bbox 718 4285 753 4334; x_wconf 85' lang='lat' dir='ltr'><strong>xi.</strong></span> <span class='ocrx_word' id='word_1_332' title='bbox 916 4287 956 4352; x_wconf 83' lang='lat'><strong>(5)</strong></span> <span class='ocrx_word' id='word_1_333' title='bbox 972 4285 1033 4351; x_wconf 77' lang='lat' dir='ltr'><strong>Gap.</strong></span> <span class='ocrx_word' id='word_1_334' title='bbox 1046 4301 1086 4335; x_wconf 83' lang='lat' dir='ltr'><strong>xv.</strong></span> <span class='ocrx_word' id='word_1_335' title='bbox 1099 4285 1129 4335; x_wconf 86' lang='lat' dir='ltr'><strong>de</strong></span> <span class='ocrx_word' id='word_1_336' title='bbox 1137 4285 1215 4352; x_wconf 86' lang='lat' dir='ltr'><strong>privil.</strong></span> 
     </span>
    </p>
   </div>
   <div class='ocr_carea' id='block_1_7' title="bbox 0 0 1542 5258">
    <p class='ocr_par' dir='ltr' id='par_1_9' title="bbox 0 0 1542 5258">
     <span class='ocr_line' id='line_1_39' title="bbox 0 0 1542 5258; baseline 0 0"><span class='ocrx_word' id='word_1_337' title='bbox 0 0 1542 5258; x_wconf 95' lang='lat' dir='ltr'><strong> </strong></span> 
     </span>
    </p>
   </div>
  </div>
 </body>
</html>
