3076 5260
308 471 365 530 nn
388 429 748 531 onnrcnrronmus
768 470 1101 532 nnnrcrososuu.
1191 475 1250 532 ssa

162 653 302 712 pauperes
316 655 374 694 non
388 644 463 703 sunt,
476 635 632 712 largiendo.
674 636 741 703 Qui,
756 655 792 696 ex
813 636 1000 713 Superiorum
1014 638 1136 705 licentis,
1151 649 1251 696 vacant

163 735 358 803 missionibus,
373 735 460 792 simili
471 744 539 792 sunt
551 734 723 802 conditione,
738 734 789 792 sed
808 734 977 794 attendenda
996 745 1063 794 sunt
1083 735 1251 798 documenta

162 835 282 912 singulis
297 834 369 892 data.

201 937 251 992 74.
274 935 342 992 Non
355 935 422 991 licet
434 931 582 1010 Religioso
596 933 725 1009 professo
739 932 846 1005 aliquid
860 935 998 1010 accipere,
1010 935 1125 1001 donare,
1139 955 1252 1012 permu-

163 1041 231 1100 tare,
246 1033 292 1090 vel
305 1034 334 1090 in
347 1049 415 1089 suos
429 1051 498 1090 usus
511 1050 646 1108 usurpare
660 1033 765 1104 absque
785 1033 947 1109 Superioris
961 1028 1067 1102 venia,¹
1081 1051 1144 1104 que
1158 1045 1253 1094 tamen

163 1133 194 1188 in
206 1133 291 1190 rebus
301 1131 498 1189 minutioribus
512 1139 540 1187 et
553 1130 790 1202 frequentioribus
805 1131 955 1205 aliquando
968 1133 1158 1208 presumitur.
1194 1134 1253 1200 Qui

165 1240 259 1289 autem
270 1231 363 1288 celant
374 1248 419 1286 res
428 1230 482 1286 sibi
490 1229 617 1300 donnus,
625 1229 777 1288 ostendunt
786 1231 892 1289 nullam
903 1232 958 1288 sibi
968 1231 1130 1308 Superioris
1140 1235 1253 1292 veniam

164 1329 332 1407 suffragari.
363 1327 511 1401 Quidquid
534 1329 683 1404 Religioso
703 1330 827 1397 obvenit,
841 1330 888 1388 vel
900 1328 1062 1398 donatione,
1076 1333 1123 1390 vel
1136 1331 1254 1390 heredi·

165 1437 230 1496 tate,
241 1429 286 1486 vel
299 1428 353 1486 alio
367 1429 469 1501 quovis
484 1427 574 1494 nuto,
589 1446 646 1485 non
669 1428 706 1495 ei,
721 1428 773 1485 sed
792 1426 896 1489 Ordini
914 1429 998 1497 cedit,
1012 1429 1122 1487 etiarnsi
1136 1429 1254 1488 donator

164 1527 284 1586 voluerit
297 1527 366 1586 illud
379 1528 406 1584 ei
419 1527 579 1604 specialiter
590 1525 676 1592 dare;
697 1545 762 1584 nam
777 1537 843 1584 voto
856 1529 1029 1604 paupertatis
1043 1527 1074 1584 fit
1085 1538 1117 1586 ut
1129 1539 1253 1602 nequeat

166 1625 273 1699 aliquid
286 1627 339 1684 sibi
353 1627 508 1698 acquirere.
550 1626 686 1683 Peccaret
706 1626 791 1702 igitur
807 1627 929 1703 graviter
946 1629 996 1704 jus
1016 1645 1099 1685 suum
1123 1628 1151 1686 in
1165 1628 1253 1688 alium

168 1725 369 1792 transferendo,
384 1726 429 1784 vel
442 1724 519 1784 aliud
529 1723 657 1782 faciendo
671 1742 727 1796 quc
741 1727 941 1784 monasterinm
951 1727 1016 1803 jure
1025 1744 1062 1783 ex
1076 1727 1254 1803 professione

167 1834 229 1882 orto
248 1820 425 1902 spoliaretur.
919 1826 924 1836 '

208 1928 257 1983 ⁷5.
279 1925 336 1990 Qui
351 1911 540 2001 superflua'in
553 1923 732 2001 supellectili,
746 1926 882 1992 vestibus,
896 1925 970 1984 victu
985 1935 1123 1998 querunt,
1138 1943 1256 2002 pauper·

169 2024 218 2080 tati
231 2024 370 2100 religiosae
384 2023 502 2082 desunt:
523 2042 582 2095 quo
602 2031 685 2099 pacto
705 2024 788 2081 facile
807 2035 927 2100 peccant
946 2024 1084 2102 Religiosi
1098 2035 1178 2083 extra
1190 2043 1256 2082 con·

170 2132 284 2182 ventum
298 2133 453 2190 versantes,
467 2141 540 2180 curre
562 2124 718 2180 animarum
742 2122 839 2181 dediti.
882 2124 946 2180 Nec
967 2123 1082 2201 prodest
1095 2125 1257 2200 Superioris

168 2221 295 2280 licentia:
311 2241 377 2280 nam
388 2222 420 2279 S.
433 2220 625 2298 congregatio
639 2219 773 2289 Consilii,
782 2221 951 2280 Tridentino
965 2222 1077 2282 decreto
1090 2219 1257 2291 inherens,²

167 2321 319 2380 declaravit
340 2330 359 2356 ‘⁶
371 2320 527 2398 Regulares
550 2330 650 2397 praeter
671 2321 964 2397 supellectilemque
986 2324 1071 2382 statui
1085 2323 1255 2399 paupertatis

169 2423 305 2496 regularis
327 2422 469 2487 convenit,
491 2438 550 2477 non
572 2437 657 2495 posse
678 2419 714 2478 de
733 2421 849 2478 licentia
868 2440 985 2480 suorum
1005 2423 1182 2498 superiorum
1204 2423 1258 2480 alia

169 2522 244 2578 bona
256 2521 372 2580 mobilia
385 2518 539 2596 superflua,
554 2530 582 2576 et
594 2518 788 2596 dependenter
800 2540 818 2577 a
839 2520 980 2579 voluntate
1001 2521 1155 2580 eorundem
1175 2540 1258 2596 supe·

168 2621 285 2688 riorum,
299 2629 328 2678 et
339 2619 374 2676 ad
387 2619 480 2677 solum
494 2636 577 2676 usum
591 2619 738 2696 proprium
752 2617 898 2695 possidere
921 2637 971 2678 seu
991 2620 1122 2687 retinere,
1142 2629 1171 2678 et
1192 2638 1257 2695 pos-

168 2719 295 2778 sidentes
318 2719 363 2776 vel
382 2727 507 2776 tenentes
521 2718 636 2775 mobilia
655 2717 800 2794 superflua
817 2736 873 2775 non
894 2719 1025 2776 excusari
1039 2727 1154 2794 prepter
1171 2718 1259 2775 licen·

167 2821 237 2877 tiam
252 2818 428 2893 superiorum
443 2837 459 2876 a
472 2817 555 2894 culpa
568 2826 596 2874 et
605 2812 737 2892 poena.'²³

208 2922 259 2978 76.
281 2918 457 2984 Procurator,
472 2933 648 2983 (economus,
662 2926 690 2974 et
712 2916 760 2974 alii
773 2915 876 2988 quibus
898 2916 1036 2974 bonorum
1051 2915 1255 2974 administratio

170 3016 365 3084 committitur,
379 3015 481 3074 debent
494 3015 610 3072 instituti
625 3015 747 3092 regulas,
760 3026 790 3074 et
802 3015 981 3092 superiorum
1001 3025 1142 3092 precepta
1154 3017 1183 3074 in
1204 3035 1258 3076 suo
1280 3071 1283 3076 .

171 3135 287 3176 munere
301 3133 412 3174 servare
425 3135 432 3172 :
447 3116 561 3192 ipsique
572 3115 678 3190 praelati
692 3134 750 3173 non
764 3115 982 3189 debentaliquid
997 3115 1111 3183 donare,
1123 3117 1259 3176 selbonis

171 3217 222 3284 uti,
236 3217 291 3274 nisi
297 3215 381 3292 juxta
395 3214 563 3281 institutum,
578 3215 648 3272 etin
662 3214 725 3289 pios
739 3206 834 3271 usus.⁴

519 3480 602 3555 §IV.
635 3479 683 3537 Da
698 3478 905 3537 Oasnrnnnrn.

210 3687 259 3741 77.
275 3679 382 3738 Votum
393 3679 560 3739 obedientiae
574 3691 701 3739 servatur
710 3678 931 3756 obtemperando
945 3677 1092 3755 Superiori
1105 3675 1262 3735 secundum

173 3782 298 3858 regulam
314 3780 499 3856 precipienti.
542 3780 626 3847 Quod
640 3782 666 3838 si
679 3781 777 3858 regula
790 3780 852 3856 ipsa
865 3779 917 3835 sub
931 3778 1014 3854 culpa
1027 3798 1084 3837 non
1098 3777 1214 3853 obliget,
1226 3793 1264 3834 ex

173 3878 328 3938 fundatoris
349 3879 502 3947 voluntate,
529 3881 590 3957 ejus
612 3880 797 3956 transgressio
822 3897 880 3936 non
900 3887 943 3934 est
962 3887 1059 3936 contra
1084 3886 1191 3942 votum,
1212 3873 1263 3932 sed

173 3998 263 4056 poenae
278 3998 363 4052 quam
377 3978 474 4056 regula
487 3980 583 4036 statuit
595 3998 673 4037 reum
688 3979 755 4038 facit
776 3978 942 4038 obnoxium.
985 3977 1043 4043 Qui
1057 3973 1264 4051 transgrediun-

207 4218 248 4283 (l)
268 4217 294 4267 S.
306 4217 382 4267 Basil.
396 4215 502 4269 constit.
514 4225 618 4266 monast.
631 4234 651 4266 c.
664 4216 745 4266 xxxiv.
763 4216 849 4266 innoc.
862 4215 908 4266 lll.
921 4215 983 4281 Gap.
998 4216 1066 4266 Cum
1078 4213 1113 4265 ad
1122 4219 1255 4266 monaster.

206 4303 249 4368 (2)
268 4302 332 4353 Sors.
343 4319 400 4353 xxv.
412 4319 463 4368 cap.
475 4303 498 4352 ii.
511 4303 541 4352 de
553 4302 613 4364 sag.
717 4303 759 4369 (8)
779 4301 854 4366 Apud
867 4302 1014 4366 Fagnannm
1025 4303 1050 4352 in
1065 4300 1127 4367 Cap.
1140 4298 1265 4352 Moncrlri.

207 4388 250 4454 (4)
271 4385 333 4452 Gap.
346 4387 370 4436 ii.
382 4387 413 4438 de
424 4386 604 4438 donationibus
