3076 5260
343 557 399 615 DE
422 553 779 614 OBLIGA'PIONIBUS
801 547 1090 613 CLERICORUM.
1201 555 1256 612 341

170 725 319 788 diaconus,
333 722 378 779 vel
392 721 523 779 sacerdos
543 729 682 788 exerceat,
697 739 760 794 quae
782 720 959 778 adustionem
974 718 1019 776 vel
1032 718 1200 778 incisionem
1215 720 1257 777 in·

172 815 295 882 ducit.''¹
335 821 399 878 Imo
412 829 520 878 vetatur
532 821 568 878 iis
582 819 713 877 medendi
728 829 815 878 artem
823 809 984 877 exercere.²

211 925 261 978 29.
283 919 447 996 Negotiatio
462 920 571 976 clericis
586 939 644 978 non
656 919 723 978 licet
733 911 756 986 ;3
778 919 809 976 fit
822 929 913 976 autem
922 919 990 975 dum
998 935 1042 975 res
1054 918 1156 974 emitur
1163 917 1258 974 animo

174 1039 236 1078 eam
249 1021 388 1094 integram
402 1027 430 1075 et
442 1019 616 1076 immutatam
630 1018 781 1085 vendendi,
806 1019 850 1074 vel
869 1015 1058 1094 permutandi,
1072 1035 1137 1074 cum
1157 1016 1255 1073 lucro:

174 1129 193 1154 “
209 1117 374 1176 Secundum
388 1117 513 1174 instituta
532 1117 772 1193 predecessorum
792 1127 952 1174 nostrorum
966 1117 1018 1172 sub
1032 1116 1257 1173 interminatione

175 1217 359 1276 anathematis
382 1215 576 1290 prohibemus,
590 1235 626 1272 ne
638 1217 771 1274 monachi
790 1215 835 1272 vel
848 1215 943 1273 clerici
958 1233 1043 1272 causa
1062 1209 1134 1270 lucri
1153 1214 1260 1289 negoti-

173 1310 303 1375 entur.''⁴
342 1313 522 1372 lta'deerevit
534 1311 697 1372 Alexander
710 1315 764 1374 111.
808 1315 872 1372 Nec
882 1315 1007 1390 licetper
1017 1315 1102 1370 alium
1114 1312 1260 1388 negotiari,

173 1416 308 1474 societate
327 1431 391 1470 cum
414 1424 568 1471 mercatore
589 1415 673 1471 inita:
697 1433 763 1471 nam
783 1414 953 1470 Benedictus
973 1411 1057 1469 XIV.
1080 1411 1205 1467 extendit
1218 1429 1261 1466 ca·

174 1531 282 1573 nonum
295 1531 393 1587 paenas
408 1511 442 1568 ad
461 1531 511 1570 eos
535 1515 585 1586 qui
606 1513 732 1594 “illicite
752 1513 804 1568 sub
823 1511 916 1568 alieno
937 1511 1053 1569 nomine
1074 1511 1260 1586 negotiantur,

172 1611 289 1690 perinde
303 1629 335 1666 ac
348 1612 373 1668 si
386 1629 438 1686 per
451 1612 572 1686 seipsos,
588 1631 620 1668 ae
634 1614 750 1688 proprio
764 1596 862 1669 eorum
876 1611 1004 1674 nomine,
1019 1609 1131 1685 negotia
1152 1608 1199 1665 illa
1212 1625 1259 1662 ex-

173 1701 348 1770 ercerent.”⁵
387 1709 533 1782 Equidem
553 1729 610 1767 non
631 1711 713 1768 decet
732 1711 850 1767 clericos
873 1709 951 1766 lucro
976 1709 1094 1775 inhiare,
1110 1707 1154 1763 vel
1174 1707 1258 1763 rebus

172 1809 346 1868 terrestribus
360 1827 468 1876 vacare,
483 1829 571 1881 quum
585 1810 642 1866 sint
655 1809 719 1867 Deo
733 1809 894 1884 mancipati.
938 1805 1082 1865 Oaeterum
1092 1825 1149 1863 nou
1163 1805 1260 1861 dieun-

174 1922 217 1968 tur
231 1907 366 1984 negotiari
380 1908 429 1979 qui
443 1925 559 1965 suorum
579 1886 750 1984 praediorum
763 1908 881 1974 fructus,
896 1907 940 1964 vel
961 1906 1029 1964 alias
1049 1923 1094 1961 res
1115 1921 1180 1961 suas
1195 1921 1261 1959 ven·

175 2009 252 2066 dunt.
305 2005 429 2082 Negotia
450 2007 594 2064 saecularia
620 2008 775 2065 universim
801 2009 836 2065 iis
863 2015 1009 2063 vetantur:
1039 2002 1176 2061 “Clerici
1203 2000 1263 2059 offi-

175 2109 219 2166 cia
244 2105 288 2162 vel
309 2108 484 2163 commercia
505 2106 648 2163 saecularia
668 2126 725 2164 non
745 2115 904 2172 exerceant,
920 2105 1044 2162 maxime
1058 2093 1262 2161 inhonesta:”⁶

172 2206 292 2276 ideoque
315 2215 461 2277 nequeunt
486 2221 618 2262 exercere
642 2205 767 2262 officiunt
787 2205 925 2272 advocati,
949 2203 1148 2279 procuratoris
1176 2200 1260 2258 tabel-

173 2307 270 2364 lionis.
312 2302 346 2360 ln
360 2305 482 2380 propriis
496 2305 599 2371 causis,
615 2305 688 2361 sicut
701 2313 729 2360 et
749 2304 777 2359 in
798 2322 955 2380 pauperum
969 2303 1085 2378 gratiam
1099 2301 1164 2358 licet
1177 2298 1261 2356 advo-

176 2406 230 2462 cati
244 2421 360 2460 munere
374 2401 464 2478 fungi.

214 2507 266 2560 30.
284 2499 382 2559 Ludus
397 2502 520 2558 alearum
542 2501 649 2557 clericis
665 2510 780 2558 vetatur.
823 2507 841 2536 ‘⁶
854 2499 995 2558 Clerici..
1009 2542 1015 2556 .
1028 2500 1063 2556 ad
1076 2499 1150 2556 aleas
1165 2505 1192 2554 et
1205 2508 1263 2555 tax·

175 2603 239 2660 illos
254 2618 310 2656 uon
322 2598 428 2667 ludant,
444 2618 496 2656 nec
509 2599 675 2676 hujusmodi
688 2599 762 2656 ludis
785 2597 945 2656 intersint.”
988 2599 1030 2654 lta
1050 2598 1162 2654 concilii
1182 2597 1263 2654 Late·

174 2699 304 2758 ranensis
324 2696 377 2754 IV.
393 2691 512 2775 patres⁷
553 2697 706 2774 Religiosis
730 2698 841 2772 gravior
862 2707 905 2752 est
927 2695 1061 2770 obligatio
1082 2695 1117 2750 oh
1139 2695 1262 2751 studium

175 2796 359 2874 perfectionis
373 2797 407 2854 ad
420 2797 575 2868 quod'vote
589 2797 760 2872 obligantur:
783 2797 892 2852 caeteris
904 2793 1012 2851 clericis
1027 2792 1129 2850 alicubi
1143 2793 1171 2849 in
1185 2811 1263 2850 more

176 2905 220 2954 est
234 2895 384 2966 aliquando
396 2895 491 2952 ludere
505 2895 608 2953 chartis
622 2893 657 2951 ad
670 2895 756 2951 animi
770 2894 907 2960 solamen,
922 2893 958 2951 ob
968 2910 1083 2968 parvam
1095 2893 1263 2968 pecuniam

176 2995 304 3053 moribus
318 3003 410 3052 autem
423 2995 525 3052 nostris
539 2995 660 3051 strictior
673 2993 823 3069 disciplina
842 2991 985 3059 convenit,
1000 3009 1088 3065 quum
1102 2989 1265 3050 scandalum

177 3114 213 3152 ex
228 3095 323 3166 aliquo
336 3092 502 3170 hujusmodi
514 3093 578 3150 lusu
592 3092 672 3150 facile
687 3094 800 3159 orianir,
815 3093 969 3169 praesertim
984 3091 1059 3168 apud
1072 3101 1172 3148 sectas.

216 3197 264 3252 31.
281 3200 299 3226 “
312 3192 422 3259 Mimis,
433 3191 647 3269 joculatoribus,
662 3201 689 3247 et
702 3191 883 3247 histrionibus
898 3209 956 3248 non
970 3189 1126 3253 intendant,
1139 3201 1167 3245 et
1180 3192 1266 3248 taber·

179 3311 229 3348 nas
242 3309 358 3368 prorsus
372 3291 485 3356 evitent,
497 3291 552 3347 nisi
563 3289 632 3346 sorte
641 3307 725 3345 causa
739 3289 914 3344 necessitatis
928 3287 958 3344 in
968 3281 1266 3346 itinere‚constituti.'’⁸

180 3389 252 3448 Haec
265 3400 420 3461 caeteraque
434 3389 620 3447 conciliorum
634 3387 813 3458 antiquorum
827 3396 854 3442 et
868 3385 1033 3462 pontificum
1053 3383 1165 3440 decreta
1188 3387 1267 3442 inuo-

179 3491 253 3545 vavit
275 3489 426 3548 concilium
450 3487 663 3554 Tridentinum,
686 3496 821 3552 statuens,
844 3494 906 3542 “ut
925 3501 988 3556 quae
1012 3482 1079 3539 alias
1106 3501 1122 3538 a
1148 3485 1268 3542 summis

178 3588 368 3663 pontificibus,
383 3595 411 3644 et
424 3607 439 3644 a
453 3588 539 3644 sacris
554 3586 683 3645 conciliis
694 3584 729 3642 de
749 3584 915 3642 clericorum
930 3583 995 3649 vita,
1009 3581 1168 3647 honestate,
1182 3581 1268 3647 cultu,
1288 3657 1292 3676 1

227 3779 252 3844 l)
271 3779 334 3843 Cap.
348 3777 509 3834 Sententiam,
523 3778 557 3826 ix.
590 3776 630 3826 Ne
642 3776 730 3835 clerici,
742 3777 779 3824 vel
789 3775 910 3824 monaehi.

247 3867 257 3927 )
278 3863 341 3913 Vide
353 3863 459 3912 Ferraria
469 3861 644 3911 Bibliothecenr
658 3863 710 3910 Art.
718 3861 827 3920 clericus,
838 3877 863 3910 n.
876 3864 917 3910 38.

248 3953 258 4012 )
279 3947 341 4012 Cep.
352 3965 392 3997 xv.
405 3948 435 3996 de
447 3948 495 3997 rita
507 3956 531 3997 et
544 3947 675 4004 honestate,
688 3954 710 3995 et
722 3945 842 3996 Clement.
853 3947 870 3995 i.
881 3945 933 3994 eod.
946 3945 981 3993 tit.

246 4034 257 4093 )
278 4031 340 4096 Cap.
353 4033 383 4081 vi.
418 4031 444 4080 N
446 4047 459 4080 e
471 4031 551 4081 cleriei
563 4031 601 4078 rel
613 4029 733 4078 monachi.

248 4119 257 4178 )
277 4118 363 4165 Coust.
372 4129 427 4178 quae
439 4114 530 4179 incipit,
544 4111 692 4180 Apostolus
703 4113 839 4162 servitutis.

217 4199 258 4261 (6)
278 4197 355 4246 Cone.
366 4196 420 4246 Lat.
434 4196 465 4246 iv.
477 4213 531 4246 cau.
542 4197 590 4246 xri.
626 4195 662 4244 Ne
673 4193 755 4244 elerici
765 4191 803 4244 vel
812 4191 935 4242 urcnuchi.

217 4283 259 4346 (t)
280 4280 341 4345 Gap.
354 4280 453 4340 Clerici,
464 4281 494 4331 de
506 4280 555 4330 rita
566 4289 590 4328 at
602 4279 735 4337 honestate,
744 4286 768 4326 et
781 4293 833 4340 cap.
846 4275 861 4323 i.
883 4275 937 4325 diat.
950 4293 1024 4326 xxxv.
1037 4285 1060 4326 et
1078 4291 1131 4340 cap.
1143 4277 1175 4330 ai.
1187 4277 1217 4326 de
1236 4293 1276 4325 en-

183 4366 293 4416 cessibus
305 4367 399 4429 praelat.

216 4452 258 4521 (8)
279 4450 354 4500 Cone.
367 4448 422 4503 Lat.
434 4449 468 4498 iv.
480 4465 535 4499 cau.
548 4447 596 4498 xvi.
616 4447 678 4496 Vide
686 4455 710 4494 et
718 4445 774 4495 dist.
787 4444 843 4494 xliv.

707 4546 764 4600 30l

215 3784 223 3838 (

216 3863 226 3926 (

216 3950 227 4012 (

216 4033 226 4096 (

216 4117 226 4179 (

229 3867 243 3910 2

230 3951 245 3995 3

228 4034 244 4079 4

229 4119 244 4162 5
