3146 5266
273 481 312 534 42
412 476 469 536 DE
491 475 784 540 CONSOIENTIA
803 480 917 541 VERA
936 483 994 544 ET
1014 485 1229 549 ERRONEA.

313 645 342 698 3.
364 640 464 711 Error,
479 643 554 701 sicut
573 654 602 703 et
613 645 784 723 ignorantia,
804 652 957 716 vincibilis
971 653 1084 721 dicitur,
1098 671 1150 713 seu
1162 652 1362 713 invincibilia.

274 738 307 795 Si
321 740 398 808 uinci
407 759 467 799 non
476 745 609 818 potuerit,
624 747 671 804 vel
680 765 739 808 non
753 749 892 823 debuerit,
903 755 1000 816 habita
1011 754 1120 811 ratione
1130 752 1245 822 indolis,
1255 753 1364 812 domm-

274 855 329 909 que
343 857 484 914 persouae,
498 843 654 903 etaliorum
667 846 873 925 adjunctorum,
885 857 933 928 qui
946 853 1075 926 sequitur
1084 853 1268 912 conscientiae
1278 852 1364 911 dicta·

273 954 341 994 men
350 955 409 996 non
419 949 530 1015 peccat,
540 943 648 1020 utijam
659 947 836 1006 ostendimus
847 951 882 1010 de
893 953 1053 1030 ignorantia
1061 952 1231 1010 invincibili.
1262 951 1319 1018 Qui
1327 971 1364 1011 ex

273 1035 439 1110 hujusmodi
448 1056 543 1098 errore
550 1045 660 1118 putavit
670 1055 802 1122 oportere
812 1049 933 1111 invitum
944 1054 973 1112 in
984 1052 1063 1110 exitu
1074 1052 1138 1109 vitm
1148 1051 1303 1127 baptizare,
1315 1071 1364 1110 ex·

273 1135 427 1205 ousabitur,
442 1141 574 1210 quamvis
588 1142 714 1215 alioquin
728 1147 818 1204 invito
831 1149 1006 1226 baptismum
1015 1151 1134 1227 injicere
1144 1151 1183 1208 sit
1194 1153 1363 1208 sacramenti

272 1232 389 1310 indigna
402 1240 540 1296 tractmio.
583 1239 641 1306 Qui
655 1245 714 1320 agit
725 1254 825 1304 contra
834 1251 1038 1308 conscientiam
1050 1267 1165 1326 semper
1174 1257 1284 1326 peccat,
1299 1251 1364 1321 quia

272 1332 360 1390 violat
384 1333 479 1410 legem
505 1338 560 1395 sibi
586 1343 771 1417 propositam,
799 1356 828 1404 et
852 1366 904 1405 sua
929 1351 1074 1407 voluntate
1100 1348 1179 1426 eligit
1204 1357 1362 1425 peccatum.

275 1438 294 1464 “
307 1431 429 1496 Quando
442 1437 512 1493 ratio
526 1455 624 1497 errans
637 1442 772 1518 proponit
784 1446 893 1518 aliquid
905 1456 937 1506 ut
946 1457 1119 1525 praeceptum
1133 1446 1200 1516 Dei,
1211 1456 1278 1506 tunc
1287 1447 1364 1506 idem

273 1538 317 1584 est
329 1539 512 1592 contemnere
526 1535 667 1597 dictamen
680 1543 798 1601 rationis
812 1554 841 1602 et
853 1545 910 1604 Dei
924 1546 1131 1623 praeceptum.”
1172 1546 1216 1604 Ita
1235 1546 1268 1602 S.
1283 1545 1364 1605 Tho·

273 1624 362 1685 mas.l
402 1631 549 1703 Equidem
562 1637 624 1711 ipse
637 1639 794 1715 Apostolus
808 1643 916 1703 Paulus
939 1644 974 1704 de
998 1646 1216 1704 manducatione
1236 1647 1363 1704 carnium

273 1723 358 1783 idolis
372 1729 581 1790 immolatarum
594 1756 692 1813 agens,
704 1740 893 1802 certissimum
903 1744 959 1803 hoc
968 1746 1049 1820 ponit
1059 1745 1241 1822 principium,
1252 1747 1364 1820 peccari

274 1827 385 1894 quoties
400 1829 463 1900 quis
478 1841 576 1890 contra
588 1838 692 1894 mentis
711 1839 852 1915 judiciuin
875 1844 951 1920 agit:
975 1845 1113 1902 “Beatus
1128 1845 1177 1918 qui
1190 1862 1246 1900 non
1255 1841 1365 1919 judicat

273 1926 461 2002 semetipsum
485 1931 515 1988 in
538 1950 582 2000 eo,
598 1936 675 2008 quod
697 1939 808 2012 probat.
852 1943 909 2008 Qui
923 1954 1017 2001 autem
1037 1943 1183 2011 discernit,
1198 1943 1223 1999 si
1244 1941 1364 2000 mandu-

273 2026 388 2092 caverit,
404 2026 552 2086 damnatus
567 2041 628 2090 est:
651 2036 719 2106 quia
738 2056 796 2095 non
816 2059 853 2097 ex
873 2040 939 2098 fide.
982 2040 1076 2099 Omne
1097 2052 1201 2110 autem,
1216 2041 1292 2113 quod
1305 2059 1363 2100 nou

273 2129 317 2176 est
330 2140 367 2179 ex
380 2123 447 2192 fide,
471 2137 619 2201 peccatum
641 2126 734 2190 est.”²
773 2135 862 2213 Igitur
876 2141 924 2211 qui
943 2158 1043 2202 carnes
1062 2137 1221 2208 manducat,
1231 2139 1363 2216 judicans

274 2237 323 2275 eas
338 2220 393 2277 sibi
406 2224 515 2293 vetitas,
530 2245 565 2283 eo
579 2229 657 2299 quod
670 2233 749 2308 prius
764 2235 848 2294 idolis
861 2237 974 2296 suerent
992 2239 1154 2308 immolata,
1169 2249 1277 2314 peccat,
1299 2239 1365 2311 quia

274 2328 371 2375 contra
383 2319 471 2380 fidem
485 2325 560 2401 agit:
583 2335 602 2362 “
611 2326 698 2388 fidem
711 2333 779 2391 verb
793 2333 912 2395 hicnon
926 2357 990 2396 eam
1004 2338 1083 2406 dicit,
1099 2357 1162 2411 quae
1176 2337 1212 2395 ad
1231 2338 1365 2414 dogmata

273 2417 405 2490 pertinet,
416 2419 467 2477 sed
481 2441 543 2495 quae
557 2430 695 2503 propositi
711 2442 755 2490 est
768 2432 975 2510 argumenti‚’'³
993 2439 1034 2495 uti
1047 2439 1152 2512 optime
1166 2437 1366 2494 animadvertit

274 2513 514 2591 chrysostomus.
562 2525 743 2601 “Quidquid
764 2532 797 2589 fit
824 2544 922 2594 contra
947 2535 1159 2601 conscientiam,
1183 2533 1302 2592 aedificat
1329 2535 1365 2592 ad

272 2614 484 2690 gehennam.”⁴
522 2620 566 2679 lta
579 2622 698 2686 habetur
710 2631 740 2688 in
750 2632 826 2708 jure.
861 2659 865 2669 ·

312 2718 341 2771 4.
364 2714 484 2780 Quoties
498 2740 576 2780 error
589 2734 635 2782 est
646 2727 796 2798 vincibilis,
811 2741 945 2808 peccatur
957 2735 1041 2791 etiam
1056 2731 1202 2804 sequendo
1217 2734 1364 2790 conscien-

273 2814 359 2881 tiam;
381 2817 410 2874 in
424 2838 509 2877 causa
527 2823 604 2880 enim
627 2828 711 2905 culpa
733 2829 823 2887 adest.
866 2833 915 2890 Sic
930 2834 979 2904 qui
993 2831 1143 2891 Christum
1164 2831 1365 2890 crucifixerunt

272 2913 374 2984 procul
388 2914 474 2974 dubio
497 2932 659 2992 peccarunt,
673 2927 741 2984 licet
755 2926 904 2990 Christum
927 2931 1076 2989 crederent
1097 2949 1163 2988 esse
1179 2932 1238 3008 legi
1261 2931 1363 2989 diviuae

273 3008 476 3081 adversarium,
491 3025 520 3072 et
542 3020 686 3081 turbarum
706 3035 860 3086 auctorem.
904 3031 962 3096 Qui
974 3031 1132 3106 Apostolos
1145 3033 1286 3104 persecuti
1299 3041 1365 3086 sunt

274 3109 468 3169 existimantes
502 3118 704 3192 “obsequium
727 3144 758 3182 se
784 3137 918 3203 praestare
941 3125 1056 3198 Deo‚''⁵
1080 3139 1198 3206 peccato
1220 3131 1363 3187 immunes

273 3205 371 3264 haberi
394 3223 550 3284 nequeunt,
566 3237 663 3290 quum,
678 3225 878 3301 cupiditatibus
902 3240 930 3286 et
956 3227 1023 3287 odio
1045 3229 1184 3297 obsecuti,
1208 3249 1259 3286 sua
1281 3229 1364 3304 culpa

273 3307 402 3365 errarint.
445 3311 549 3372 Merito
563 3318 650 3394 igitur
670 3320 900 3400 chrysostomus
925 3329 980 3386 ait:
1005 3329 1109 3386 “Sunt
1128 3329 1206 3386 enim
1219 3328 1301 3385 multi
1314 3328 1364 3399 qui

310 3511 350 3576 (l)
373 3515 394 3560 1.
415 3518 459 3564 zm.
473 3533 514 3581 qu.
527 3520 577 3570 xix.
590 3531 633 3572 nrt.
646 3542 667 3572 v.
680 3528 709 3576 ad
722 3527 752 3578 ll.
787 3531 905 3581 ieremias
923 3531 1016 3597 Taylor
1027 3531 1174 3598 principium
1194 3530 1241 3580 boc
1260 3531 1364 3581 illustrat

272 3598 398 3660 exemplo:
416 3607 431 3631 “
439 3602 480 3651 He
491 3604 544 3656 that
555 3609 627 3659 omits
639 3619 663 3660 to
675 3613 733 3664 beer
744 3613 835 3666 Divino
846 3618 936 3668 service
948 3635 981 3668 on
993 3634 1008 3667 a
1018 3614 1126 3684 festival
1134 3616 1208 3666 when
1219 3615 1252 3664 he
1262 3615 1322 3665 bath
1332 3633 1364 3666 no

270 3682 409 3730 reasonable
425 3683 590 3751 impediment‚
608 3696 656 3745 end
674 3697 705 3746 hs
722 3701 778 3749 who
796 3699 868 3750 omits
885 3703 904 3751 it
920 3718 989 3766 upon
1006 3718 1021 3751 a
1037 3717 1152 3752 common
1169 3701 1226 3765 day,
1237 3701 1320 3751 which
1331 3701 1364 3750 he

271 3768 426 3830 erroneously
438 3785 555 3836 supposes
567 3785 591 3827 to
608 3781 638 3829 be
656 3782 781 3844 asestival,
798 3784 858 3834 beth
869 3787 967 3850 equally
978 3788 1141 3851 prevaricatad
1158 3787 1199 3838 the
1216 3788 1264 3837 lew
1281 3787 1309 3836 os
1322 3785 1363 3835 tha

274 3844 382 3911 Ohurcb,
401 3853 450 3902 and
466 3855 507 3905 the
520 3863 624 3928 analogy
637 3867 665 3914 of
677 3867 719 3915 the
735 3869 934 3920 commandment
951 3873 979 3920 of
993 3871 1047 3922 God
1066 3889 1099 3922 on
1116 3872 1198 3924 which
1215 3871 1264 3922 this
1281 3873 1309 3923 of
1322 3871 1364 3920 the

273 3929 374 3984 Ohuroh
387 3937 407 3986 is
418 3940 551 3993 founded.''
585 3948 679 3998 Ductor
690 3949 870 4014 Dubitantium,
882 3955 897 4004 l.
909 3956 925 4004 i.
937 3956 976 4006 ch.
988 3959 1011 4004 3.
1030 3956 1093 4008 Rule
1103 3961 1127 4017 3,
1138 3974 1161 4022 p.
1177 3958 1229 4006 111.

308 4018 348 4082 (2)
369 4020 439 4072 Rom.
451 4027 501 4076 xiv.
519 4031 558 4080 22.
593 4033 622 4080 In
641 4033 778 4085 Pontifiouli
796 4037 907 4088 Romano
927 4043 999 4090 verba
1018 4043 1130 4107 Apostoli
1149 4044 1364 4094 accommodantur

160 4119 169 4122 ·
270 4100 327 4150 fidei
340 4103 481 4171 Catholicae,
500 4115 539 4162 cui
551 4116 668 4179 quidquid
686 4118 832 4182 adversatur,
850 4129 864 4154 “
873 4124 1055 4176 schismaticum
1072 4134 1116 4187 est,
1127 4134 1152 4178 et
1165 4136 1232 4178 entra
1244 4128 1362 4179 unitatem

271 4184 389 4239 Ecclesiae
401 4192 461 4243 est.'’
496 4196 524 4245 ln
537 4198 613 4247 ordin.
626 4201 776 4254 subdiaconi.

309 4272 351 4338 (3)
369 4275 446 4326 Hom.
457 4281 522 4329 xxvi.
534 4281 559 4330 in
572 4299 608 4346 ep.
623 4285 652 4333 ad
665 4285 736 4338 Rom.

308 4357 350 4423 (4)
369 4359 431 4425 Cap.
442 4364 494 4413 xiii.
506 4365 536 4414 de
547 4375 603 4418 rest.
614 4371 708 4433 spoliet.
890 4379 931 4444 (5)
950 4377 1023 4429 Joan·
1035 4383 1083 4430 xvi·
1097 4385 1120 4430 2·
1174 4439 1175 4442 ,
1250 4431 1251 4435 ,
