3078 5258
514 485 570 546 DE
592 487 717 546 Mlssn
737 487 968 550 AUDIENDA.
1230 495 1286 551 let

191 657 255 733 gia:
276 654 328 712 sed
350 671 403 730 per
428 669 564 729 magnum
587 671 644 724 quo
666 665 830 731 separantur
848 655 984 731 temporis
1010 653 1189 715 intervallum
1208 656 1286 716 haud

196 753 268 810 adeo
281 754 382 829 agnitae
396 761 472 820 sum,
486 760 515 808 et
526 753 620 827 reipsa
632 763 753 831 pergunt
765 753 880 830 negligi.

234 855 263 909 6.
283 853 465 927 Praeceptnm
488 850 611 908 Missam
628 852 760 910 audiendi
783 851 881 910 diebus
902 849 1054 910 dominicis
1081 861 1110 908 et
1129 855 1283 930 precipuis

192 951 273 1008 festis
287 951 520 1024 antiquissimum
532 958 585 1017 est,
599 957 628 1005 et
639 969 677 1008 ex
687 959 822 1026 perpetua
835 949 1040 1008 consuetudine
1054 958 1082 1006 et
1095 967 1181 1010 sensu
1193 955 1284 1011 omni·

191 1067 243 1106 um
256 1048 384 1106 fidelium
398 1049 560 1106 innotescit.
602 1047 723 1107 Moralis
744 1058 772 1105 et
790 1048 915 1107 humana
927 1047 1076 1124 presentia
1087 1051 1238 1121 requiritur
1254 1061 1285 1109 ut

193 1148 259 1205 huic
273 1155 415 1223 precepto
428 1147 564 1212 satisfiat3
585 1164 639 1203 nec
652 1148 729 1204 enim
742 1145 877 1206 Ecclesia
896 1148 1014 1222 exigere
1033 1148 1178 1206 censenda
1197 1158 1285 1208 estut

193 1246 257 1318 quis
271 1245 372 1313 adstet,
385 1245 442 1302 nisi
462 1246 492 1302 in
505 1243 562 1301 Dei
574 1245 744 1317 obsequium
758 1255 788 1303 et
806 1245 922 1304 culmm.
965 1244 1109 1303 eaerum
1121 1247 1206 1306 nulla
1221 1265 1283 1322 spe-

192 1344 282 1401 ciales
296 1343 515 1419 prescribantur
528 1342 701 1401 adstantibus
715 1361 814 1420 preces
824 1341 984 1402 recitandae.
1027 1343 1079 1400 Nil
1088 1345 1174 1421 igitur
1186 1345 1284 1413 officit,

190 1443 276 1518 juxta
287 1442 486 1517 plerorumque
500 1441 697 1517 theologorum
710 1444 889 1509 sententiam,
900 1443 925 1499 si
938 1443 1002 1513 quis
1010 1441 1135 1501 officium
1146 1442 1284 1511 divinum,

193 1541 241 1598 rel
267 1541 462 1615 paenitentiam
488 1559 505 1596 a
528 1539 706 1599 confessario
731 1541 896 1617 injunctam,
923 1537 969 1597 vel
994 1540 1063 1598 alias
1090 1557 1284 1612 quascumque

194 1655 295 1714 preces
307 1639 413 1706 recitet,
427 1657 508 1697 sacro
522 1637 646 1707 adstans,
661 1657 727 1696 nam
740 1641 770 1697 in
783 1639 840 1696 Dei
852 1638 959 1697 cultum
973 1637 1142 1715 diriguntur,
1151 1657 1204 1697 nec
1215 1637 1284 1711 quid

193 1737 301 1794 habent
313 1747 452 1813 praecepto
465 1735 626 1795 adversum.
669 1737 715 1794 Ea
734 1747 829 1796 tamen
848 1755 907 1814 pra
927 1738 1036 1795 caeteris
1057 1737 1285 1798 commendanda

193 1825 260 1893 sunt
273 1833 431 1894 devotionis
444 1836 580 1894 exercitia
592 1853 656 1907 quae
671 1835 706 1892 ad
719 1837 815 1912 ipsum
828 1836 998 1894 sacrificium
1017 1836 1184 1895 refemntur.
1226 1837 1284 1901 Qui

192 1934 351 1991 inserviunt
376 1935 488 2004 Missae,
511 1943 686 2010 proeceptum
712 1935 841 2010 implent,
862 1935 916 1991 etsi
941 1933 1061 2009 speciali
1081 1935 1136 1992 sibi
1155 1933 1284 2010 injuncto

192 2031 290 2089 officio
303 2033 443 2108 precipue
457 2042 568 2100 vacent,
577 2033 623 2090 vel
631 2032 778 2108 paululum
790 2031 923 2090 recedant
936 2050 952 2088 a
964 2031 1082 2108 templo,
1093 2033 1159 2091 thus
1170 2029 1282 2090 aliudve

194 2131 386 2189 necessarium
400 2131 520 2189 allaturi.
562 2131 714 2188 Pulsantcs
727 2149 876 2208 organum,
890 2141 919 2188 et
938 2129 1057 2198 Musici,
1071 2133 1097 2189 si
1110 2131 1145 2189 ad
1158 2129 1282 2189 Missam

193 2228 282 2286 simul
295 2229 446 2297 attendant,
461 2229 638 2287 satisfaciunt
647 2239 800 2305 precepto.

233 2333 263 2385 7.
284 2326 398 2405 Integra
411 2329 507 2386 Missa
520 2345 557 2385 ex
577 2336 722 2404 praecepto
742 2325 881 2386 audienda
900 2335 962 2385 est:
985 2335 1157 2404 quapropter
1175 2335 1285 2403 peccat,

194 2425 293 2482 saltem
305 2427 462 2493 venialiter,
477 2426 528 2498 qui
541 2427 665 2498 aliquam
684 2427 746 2503 ejus
767 2435 875 2502 partem
896 2421 993 2484 andire
1012 2425 1140 2502 negligit.
1183 2425 1287 2483 Gravis

194 2532 290 2581 autem
309 2535 355 2582 est
375 2524 460 2601 culpa
480 2525 635 2612 notabilem
656 2533 765 2600 partem
787 2527 925 2583 omittere.
968 2525 1040 2589 Quae
1063 2543 1129 2599 pars
1150 2523 1284 2583 notabilis

193 2621 327 2682 habenda
335 2624 381 2689 sit,
394 2622 539 2698 disputant
551 2623 695 2699 theologi:
717 2623 785 2680 satis
795 2623 955 2681 communis
963 2631 1009 2679 est
1021 2623 1161 2678 sententia
1169 2638 1285 2696 gravem

195 2735 263 2775 esse
273 2720 387 2792 culpam
399 2721 525 2777 omittere
538 2721 650 2778 initium
670 2720 771 2779 Missae
784 2739 877 2793 usque
897 2719 933 2776 ad
952 2718 1104 2793 epistolam
1124 2718 1284 2774 inclusive:

195 2813 312 2873 videtur
323 2817 399 2874 enim
408 2835 472 2891 pars
484 2819 615 2876 notabilis
624 2819 770 2894 Liturgiae.
811 2815 871 2874 Sed
879 2817 904 2874 si
915 2817 980 2888 quis
991 2814 1026 2871 ab
1034 2813 1178 2871 offertorio
1188 2813 1286 2879 adstet,

193 2931 255 2972 non
268 2913 435 2972 auderemus
448 2931 514 2974 eum
527 2917 621 2992 gravis
630 2933 747 2991 arguere
757 2915 859 2991 cuipae.
902 2915 974 2979 Quae
983 2911 1289 2988 postcommunionem

194 3013 350 3070 recitantur
361 3013 500 3081 omittere,
515 3015 609 3090 gravis
623 3014 708 3089 culpa
717 3031 775 3071 non
782 3014 909 3080 habetur,
918 3014 971 3072 etsi
985 3012 1050 3083 quis
1064 3012 1148 3069 etiam
1162 3011 1289 3069 omiserit

194 3110 293 3169 audire
307 3129 369 3184 quae
383 3112 534 3186 epistolam
546 3111 726 3187 precedunt:
748 3113 846 3169 abesse
865 3121 961 3169 autem
973 3109 1042 3168 dum
1059 3110 1091 3166 fit
1103 3111 1288 3176 consecratio,

196 3219 225 3266 et
237 3209 307 3267 dum
320 3210 486 3268 communio
507 3229 523 3266 a
535 3210 695 3267 celebrante
708 3211 837 3277 sumitur,
858 3211 976 3266 habetur
989 3226 1091 3284 grave:
1113 3207 1207 3265 sedin
1220 3226 1286 3265 con-

195 3309 332 3366 troversia
344 3309 459 3384 ponitur
480 3317 576 3366 utrum
598 3327 682 3384 grave
704 3310 742 3366 sit
761 3308 920 3365 alterutram
942 3314 1050 3363 tantum
1073 3307 1213 3362 omittere.
1255 3303 1289 3359 Si

196 3408 261 3478 quis
275 3405 382 3480 absque
396 3407 481 3483 culpa
493 3405 622 3475 abluerit,
636 3423 728 3481 usque
748 3405 817 3463 dum
830 3405 967 3480 inceperit
979 3421 1081 3469 canon,
1095 3401 1206 3459 videtur
1219 3400 1288 3457 obii·

196 3515 277 3580 gatus
291 3504 326 3560 ad
339 3505 477 3578 reliquam
496 3514 606 3582 partem
619 3505 720 3565 Missae
734 3502 913 3568 audiendam,
928 3519 1016 3573 quum
1036 3499 1188 3556 essentiam
1202 3497 1288 3554 sacri·

196 3601 254 3660 ticii
280 3602 492 3678 complectatur.
535 3603 593 3660 Sed
620 3605 646 3662 si
668 3602 814 3661 advenerit
838 3607 953 3676 peracta
973 3599 1035 3675 jam
1061 3597 1285 3662 consecratione,

197 3701 370 3775 probabilius
384 3700 496 3760 videtur
508 3701 544 3758 ad
556 3702 667 3774 reliqua
679 3699 820 3758 audienda
831 3697 908 3756 haud
920 3697 1019 3766 teneri,
1033 3697 1063 3754 in
1083 3715 1118 3753 ea
1136 3697 1214 3754 enirn
1228 3693 1289 3771 plu·

196 3799 262 3854 rimi
288 3801 442 3858 essentiam
468 3799 601 3857 sacrificii
627 3801 810 3858 constituunt.
853 3796 998 3856 Caeterum
1019 3814 1108 3870 quum
1125 3793 1289 3852 commuuio

197 3895 351 3952 sacerdotis
365 3897 401 3954 ad
413 3898 690 3956 consummationem
703 3899 849 3974 pertineat,
861 3897 909 3954 alii
922 3894 1097 3954 contendunt
1106 3910 1173 3950 eum
1187 3887 1290 3947 debere

200 3995 229 4051 ei
244 3993 364 4052 adstare.
426 4043 428 4050 .

200 4179 244 4228 the
255 4180 340 4237 tomb;
357 4177 415 4243 they
435 4180 547 4232 followed
558 4179 607 4230 His
619 4180 763 4239 ascension3
781 4179 839 4243 they
850 4177 953 4228 aveited
964 4176 1003 4228 his
1022 4182 1105 4226 retum
1125 4179 1151 4225 to
1167 4173 1244 4238 jndge
1254 4171 1296 4222 the

202 4263 279 4327 quick
290 4263 339 4312 and
351 4263 421 4323 dead,
434 4265 482 4315 and
494 4272 520 4315 to
530 4266 624 4316 receive
636 4265 703 4316 thom
714 4272 740 4315 to
751 4264 799 4314 His
808 4261 950 4325 kingdom.”
989 4262 1063 4312 lieet
1074 4260 1124 4310 No.
1136 4261 1177 4319 6⁷,
1188 4275 1221 4309 0¹¹
1230 4258 1298 4323 Bap-

202 4347 274 4407 liam,
284 4363 308 4414 p.
320 4349 380 4397 141.
