3046 5262
426 495 486 555 DE
505 493 715 556 puccium
736 494 1024 556 CAPITALIBUS.
1203 497 1261 555 309

210 665 259 719 eo.
282 660 363 719 Filia
377 660 481 719 acediae
495 661 627 720 dicuntur
639 661 756 731 malitia,
770 661 942 739 desperatio,
956 661 1186 739 pusillanimitas,
1200 679 1261 721 ran·

168 778 231 828 cor,
244 769 350 836 torpor,
366 761 493 837 evagatio
506 763 620 820 mentis.
654 760 766 819 Malitia
778 771 823 818 est
835 781 921 838 prava
934 761 1022 820 animi
1035 761 1195 837 dispositio,
1205 777 1262 833 qua

169 857 231 916 odit
242 859 319 916 bona
330 858 497 934 spiritualia,
517 869 548 918 et
559 861 645 920 vellet
659 878 694 917 ea
712 879 771 918 non
790 877 865 918 esse.
907 861 957 918 Sic
971 860 1020 932 qni
1039 859 1125 918 taedio
1144 877 1262 917 suorum

170 974 324 1014 mmmm
336 966 416 1032 optat
428 957 608 1017 Gamcucam
620 959 708 1018 fidem
721 977 779 1016 non
791 977 887 1027 nosse,
901 959 1008 1017 malitia
1020 968 1118 1035 peccat
1130 957 1260 1034 graviter,

170 1057 196 1113 s'i
209 1055 296 1132 plena
308 1055 453 1114 voluntate
472 1057 512 1120 itu
524 1066 612 1135 optet.
652 1058 821 1134 Desperatio
835 1057 990 1116 voluntaria
1003 1067 1047 1114 cst
1059 1059 1143 1116 etiam
1157 1057 1261 1134 gravis

89 1149 93 1157 ’
171 1155 277 1212 simum
291 1164 459 1230 peccatum
480 1155 532 1212 scd
551 1157 655 1231 aaepius
676 1157 718 1233 pii
737 1157 825 1214 animi
846 1165 996 1234 anguntur,
1017 1165 1046 1214 et
1058 1157 1113 1215 sibi
1132 1155 1262 1214 videntur

170 1270 253 1328 spem
267 1253 382 1328 penitus
397 1253 536 1322 amisisse,
551 1254 664 1327 quando
678 1256 793 1314 nonnisi
813 1255 961 1331 phantasia
974 1255 1161 1313 obnubilatur.
1204 1253 1260 1314 Pu·

169 1351 363 1410 sillanimitate
377 1350 522 1420 deficiunt,
536 1355 585 1425 qui
605 1353 671 1412 Deo
689 1353 766 1412 haud
785 1355 855 1411 satis
867 1354 978 1421 confisi,
992 1355 1067 1411 vires
1080 1371 1113 1410 se
1126 1353 1202 1412 haud
1214 1353 1263 1411 ha-

169 1449 241 1508 bere
261 1458 359 1524 putant
378 1449 415 1507 ad
436 1453 597 1510 necessaria
609 1440 717 1510 'munia
739 1452 850 1526 pietatis
872 1452 1012 1509 obeunda.
1054 1451 1169 1510 Ranoor
1188 1453 1262 1527 apud

170 1546 341 1624 Theologos
354 1559 470 1607 vocatrn
481 1549 637 1627 indignatio
657 1567 744 1625 quam
762 1550 899 1609 desidiosi
920 1550 1017 1608 fovent
1031 1557 1129 1610 comta
1148 1555 1262 1626 eosqui

168 1647 288 1706 student
297 1665 347 1706 eos
361 1647 397 1706 ad
409 1648 541 1707 summm
560 1650 725 1708 exercitium
747 1649 879 1708 excitare.
921 1650 1052 1726 'l'crpore
1067 1650 1194 1708 laborant
1212 1654 1262 1725 qui

169 1748 305 1805 virtutum
318 1763 404 1822 opera
415 1747 548 1823 languide
569 1749 739 1824 suscipiunt,
760 1757 789 1806 et
807 1749 949 1807 incuriose
962 1757 1109 1824 peragunt.
1152 1750 1260 1809 Mentis

169 1846 336 1922 evagatione
347 1845 498 1918 aliquando
505 1847 627 1923 graviter
640 1856 783 1924 peccatur,
794 1847 907 1919 quando
921 1847 1029 1904 scilicet
1038 1847 1195 1906 voluntaria
1208 1859 1260 1916 est,

171 1954 201 2002 et
221 1943 364 2012 diuturna,
384 1943 453 2002 dum
473 1955 616 2022 praeccpta
635 1965 699 2020 qum
720 1947 848 2004 animum
871 1953 1005 2003 attentum
1018 1947 1162 2020 postulant
1175 1947 1262 2005 adim·

75 2045 79 2049 ’
168 2042 275 2120 plenda
286 2043 359 2100 sint:
381 2043 548 2118 plerumque
562 2053 607 2102 oet
624 2045 761 2104 venialis:
782 2044 860 2103 nulla
873 2051 967 2102 autem
980 2055 1025 2102 est
1033 2044 1118 2120 culpa
1131 2046 1260 2122 evagatio

171 2141 222 2200 illa
235 2159 322 2213 quam
334 2142 400 2214 quis
413 2143 519 2201 invitus
532 2145 645 2220 patitur.

210 2243 261 2300 67.
282 2240 312 2298 N
314 2240 467 2317 egligentia
480 2240 588 2310 salutis
612 2251 642 2299 et
659 2241 819 2300 officiorum
836 2258 900 2314 quar
923 2240 959 2298 ad
978 2259 1041 2300 eam
1055 2241 1262 2316 assequendam

171 2341 361 2411 requiruntur,
375 2349 523 2416 peccatum
542 2358 627 2416 gnava
646 2340 752 2400 acediae
771 2349 833 2398 estc
854 2358 922 2398 nam
943 2348 1049 2398 temese
1063 2341 1128 2413 quis
1141 2343 1262 2400 salntem

169 2439 308 2511 consequi
332 2447 437 2516 sperat,
460 2439 495 2498 iis
521 2439 647 2498 omissis.
688 2440 869 2515 Quapropter
891 2438 1042 2498 solicitudo
1063 2449 1094 2497 et
1114 2440 1261 2519 diligentia

169 2537 254 2594 nobie
274 2536 525 2596 commendantur:
548 2545 568 2578 “
580 2537 751 2598 Contendite
771 2541 877 2596 intrare
894 2555 948 2612 per
964 2551 1112 2614 angustam
1131 2549 1260 2616 portam:

171 2635 239 2706 quia
251 2636 342 2703 multi,
357 2634 422 2694 dico
435 2636 527 2704 vobis,
542 2646 668 2708 querant
685 2638 800 2705 intrare,
820 2643 850 2693 ot
861 2653 919 2692 non
932 2628 1112 2709 poterunt.”¹
1153 2646 1172 2672 “
1184 2637 1262 2694 Sata·

168 2733 229 2809 gite
242 2742 276 2790 ut
288 2750 339 2809 per
350 2733 424 2792 bona
436 2751 523 2809 opera
535 2745 641 2794 certam
655 2743 777 2792 vestram
797 2733 976 2790 vocationem
995 2741 1024 2788 et
1041 2733 1210 2790 electionem
1222 2733 1261 2790 la·

169 2824 303 2890 ciatis.’'⁸
341 2830 400 2897 Qui
411 2832 550 2892 rictomm
559 2851 591 2890 se
603 2839 706 2910 putans
718 2833 862 2898 animum,
872 2848 931 2888 non
944 2829 1042 2906 vigilat
1053 2849 1092 2890 nc
1103 2841 1261 2907 erumpant,

169 2934 199 2986 ct
210 2931 241 2988 in
254 2930 387 2988 virtutium
400 2932 501 2988 semita
519 2931 655 3006 proficere
669 2949 727 2990 non
746 2939 833 2999 curat,
848 2947 954 3006 magno
967 2929 998 2986 in
1010 2929 1174 2990 discrimine
1188 2930 1263 2989 salu·

170 3027 207 3086 tis
233 3037 369 3088 versatur.
412 3029 658 3098 “Quantumlibet
680 3031 711 3088 in
733 3031 789 3088 hoe
812 3047 931 3106 corpore
953 3047 1072 3088 manens
1095 3030 1261 3106 profeceris,

171 3143 259 3194 erras,
273 3127 298 3185 si
311 3128 379 3186 vitia
391 3137 473 3205 putas
486 3146 551 3186 essa
570 3138 689 3196 mortua,
703 3139 732 3186 et
743 3148 802 3186 non
820 3129 914 3205 magis
928 3124 1133 3204 suppressa.”³
1173 3130 1216 3188 Ita
1229 3129 1262 3186 S.

170 3223 343 3294 Bemmdns,
354 3227 405 3300 qui
416 3227 545 3286 nolentes
559 3227 691 3304 progredi
702 3228 808 3303 arguit:
832 3235 851 3262 “
863 3227 933 3285 Non
947 3227 989 3283 vis
1003 3228 1165 3300 proficeret
1180 3228 1260 3286 Non.

171 3323 227 3382 Vis
239 3343 309 3400 crgo
322 3323 463 3384 deiicerel
497 3326 698 3399 Nequaquam.
740 3324 817 3392 Quid
839 3324 929 3400 ergol
958 3324 1017 3392 Sic,
1039 3325 1146 3397 inquis,
1166 3325 1261 3383 vivere

170 3423 247 3490 velo,
261 3432 290 3480 et
301 3443 415 3482 manere
428 3425 459 3482 in
478 3443 536 3498 quo
549 3427 686 3501 perveni3
707 3444 760 3482 nec
780 3425 861 3500 pejor
880 3424 942 3481 lieri
964 3424 1064 3498 patior,
1088 3442 1142 3480 nec
1161 3422 1263 3484 melior

170 3523 265 3597 cupio.
309 3522 375 3580 Hoc
388 3541 456 3599 ergo
467 3525 521 3592 vis,
533 3524 610 3596 quod
623 3543 688 3583 esse
702 3542 762 3582 non
771 3531 872 3598 potest.
914 3521 992 3589 Quid
1005 3523 1082 3580 enirn
1096 3531 1150 3578 stat
1162 3524 1193 3580 in
1205 3521 1261 3580 hoc

170 3619 276 3679 saecralo
287 3616 337 3676 ³⁹⁹⁴
356 3622 487 3680 Maxime
501 3632 620 3699 peccant
638 3623 737 3682 acedia
755 3623 805 3694 qui
818 3623 888 3680 vitia
906 3621 1101 3693 derelinquere
1114 3629 1143 3678 et
1155 3621 1191 3678 ad
1203 3619 1263 3680 Do·

171 3721 284 3778 minum
297 3721 424 3780 converti
437 3720 583 3790 diffamet,
596 3739 667 3794 quos
681 3730 779 3780 monet
792 3721 1032 3780 Ecclesiasticus:
1055 3729 1078 3758 “¹
1086 3721 1116 3778 N
1118 3740 1156 3779 on
1170 3721 1262 3778 tardes

170 3819 297 3877 converti
310 3818 346 3875 ad
358 3819 527 3888 Dominum,
541 3829 570 3878 et
582 3840 618 3879 ne
636 3819 750 3879 differas
770 3821 805 3880 de
826 3821 871 3879 die
893 3823 922 3880 in
942 3821 1030 3878 diem.
1071 3821 1174 3879 Subito
1186 3819 1263 3877 enim

173 3917 253 3976 venit
274 3917 317 3974 ira
335 3918 423 3986 illins,
442 3928 471 3976 ot
490 3919 521 3977 in
542 3928 669 3995 ternpore
689 3920 821 3978 vindicta
841 3919 986 3996 disperdet
1006 3911 1080 3975 ta.”⁵
1121 3917 1265 3976 Ceterum

169 4033 230 4074 non
242 4016 349 4088 quaevis
363 4035 452 4085 mora,
466 4017 517 4076 sed
529 4017 671 4088 diuturna,
692 4018 739 4076 vel
757 4037 822 4078 cum
837 4016 972 4093 peccandi
986 4015 1088 4074 affectu
1101 4017 1262 4094 conjuncta,

169 4131 258 4190 grave
271 4122 315 4172 ost
327 4125 486 4192 peccatum.

208 4299 249 4364 (l)
263 4298 325 4350 Luc.
338 4300 390 4350 xiii.
400 4300 440 4350 at.
528 4301 569 4369 (2)
584 4303 654 4352 arcs
667 4304 685 4352 i.
697 4301 736 4352 10.
848 4305 889 4368 (3)
903 4302 980 4352 Sena.
992 4302 1050 4353 lviii.
1063 4303 1089 4352 iu
1102 4301 1198 4352 Contio.

207 4383 248 4449 (4)
263 4383 311 4449 up.
323 4385 392 4434 ccliv.
404 4384 434 4434 ad
446 4385 569 4437 Garinum
581 4387 692 4437 abbatem
703 4386 845 4450 Alpcnsem.
914 4389 954 4454 (d)
968 4389 1037 4439 Elecl.
1050 4403 1073 4437 r.
1082 4386 1105 4436 8.
