3078 5258
692 1239 833 1304 CAPUT
855 1241 894 1301 V.

581 1457 619 1498 DE
640 1457 840 1499 conuentum:
861 1452 1017 1498 PASOHALI.

296 1655 331 1708 31
355 1651 527 1710 Pomosrro
541 1645 692 1706 conflandi
711 1647 787 1706 aliud
808 1647 1006 1707 eucharistiam
1025 1643 1181 1722 recipiendi
1200 1643 1343 1704 adrrexum

254 1761 317 1807 est:
341 1758 360 1785 ‘⁶
375 1751 535 1826 suscipiens
549 1757 709 1805 reverenter
728 1741 763 1804 ad
784 1745 879 1806 minus
892 1747 922 1803 in
935 1743 1041 1822 pascha
1060 1746 1235 1803 eucharistiae
1253 1763 1345 1802 sacra-

258 1859 396 1918 mentum,
411 1849 466 1906 nisi
476 1849 546 1905 sorte
560 1845 595 1904 de
608 1846 717 1924 proprii
737 1844 890 1903 sacerdotis
910 1844 1029 1902 consilio
1042 1845 1078 1901 ob
1092 1844 1213 1916 aliquam
1226 1845 1345 1900 rationa-

261 1949 347 2006 bilem
361 1965 475 2006 causam
489 1946 524 2003 ad
537 1956 650 2021 tempus
664 1947 698 2002 ab
708 1940 873 2021 hujusmodi
886 1943 1067 2019 perceptione
1081 1941 1193 2003 duxerit
1205 1942 1346 2000 abstinen-

260 2046 345 2103 dum:
368 2045 494 2116 alioquin
506 2053 534 2100 et
546 2047 647 2101 vivens
661 2045 695 2101 ab
715 2045 842 2120 ingressu
864 2042 1003 2100 Ecclesiae
1025 2051 1160 2108 arceatur,
1174 2049 1202 2097 et
1220 2041 1345 2098 moriens

260 2143 414 2200 christiana
427 2149 520 2198 eareat
533 2137 724 2218 sepultura.”¹
767 2141 904 2206 Quamvis
923 2149 1074 2214 utrumque
1086 2148 1260 2216 praeceptum
1279 2158 1347 2198 corr·

256 2243 401 2318 jungatur,
417 2242 605 2300 communiter
617 2249 712 2297 tamen
726 2247 821 2297 tenent
833 2239 958 2315 theologi
978 2239 1061 2296 citius
1074 2239 1191 2314 obligari
1204 2256 1347 2311 quemque

260 2339 295 2394 ad
308 2339 511 2404 confitendum,
532 2357 617 2412 quarn
638 2338 673 2395 ad
693 2337 903 2412 suscipiendam
924 2337 1132 2405 eucharistiam,
1153 2354 1237 2410 quum
1257 2337 1346 2414 hujus

260 2437 427 2494 sacramenti
441 2435 562 2510 dignitas
572 2437 628 2512 maj
633 2455 710 2493 orem
721 2435 809 2492 animi
818 2437 1061 2512 praeparationem,
1072 2446 1101 2495 et
1112 2437 1267 2512 pleniorem
1280 2434 1348 2494 doc·

260 2536 337 2592 trinae
363 2536 490 2593 notitiam
517 2535 650 2612 postulet.
692 2535 718 2591 A
745 2533 882 2593 decennio
910 2535 945 2592 ad
971 2535 1183 2609 quatuordecim
1209 2552 1346 2592 annorum

261 2643 369 2692 aetaoem
383 2634 510 2711 plerique
525 2642 642 2694 censent
661 2641 773 2710 tempus
787 2633 879 2709 prima
898 2635 960 2691 vice
981 2633 1134 2693 accedendi
1148 2633 1184 2691 ad
1205 2633 1346 2692 eucharis·

260 2737 327 2793 tiam
342 2735 442 2793 variari
457 2750 541 2809 posse
556 2754 607 2812 pro
627 2751 780 2810 puerorum
800 2733 895 2790 indole
915 2741 943 2788 et
960 2726 1089 2807 pietate.2
1128 2733 1213 2798 Quod
1233 2733 1258 2790 si
1276 2749 1347 2807 puer

259 2836 316 2891 vita
329 2835 512 2908 periclitetur,
533 2849 612 2891 sacra
630 2831 800 2890 eucharistia
818 2833 897 2895 refici
916 2832 1029 2907 poterit,
1044 2833 1069 2889 si
1082 2849 1173 2910 capax
1186 2833 1223 2888 sit
1235 2831 1345 2891 confes·

259 2932 359 2996 sionis,
374 2939 402 2986 et
414 2931 537 3000 aliquam
557 2931 734 2988 eucharistiae
754 2929 855 2986 habeat
873 2929 1010 2997 notitiam,
1032 2939 1059 2987 et
1072 2949 1188 2990 sensum
1208 2921 1348 3007 pietatis.³

260 3029 384 3083 Peccant
397 3035 491 3082 autern
505 3035 634 3102 parentes
649 3030 698 3098 qui
716 3046 820 3103 pueros
840 3046 907 3086 suos
926 3028 963 3086 ad
983 3029 1180 3089 eucharistiam
1193 3030 1349 3104 suscipien-

258 3125 332 3189 dam,
348 3140 436 3196 quum
447 3125 574 3202 primum
586 3124 698 3183 licuerit
717 3144 782 3183 cum
802 3125 891 3185 sructu
912 3126 1055 3195 accedere,
1076 3145 1174 3203 parare
1190 3127 1346 3204 negligunt.

258 3221 402 3299 Culpandi
422 3224 507 3280 etiarn
527 3233 594 3281 sunt
615 3225 771 3283 animarum
793 3234 920 3301 pastores
942 3227 990 3297 qui
1012 3225 1135 3286 studium
1156 3226 1347 3284 necessarium

258 3321 332 3380 haud
347 3333 456 3398 ponunt
474 3323 504 3381 in
523 3325 621 3398 pueris
642 3333 736 3382 tenera
755 3333 834 3380 aetate
854 3323 889 3380 ad
905 3343 969 3382 eam
988 3325 1184 3401 disponendis
1199 3345 1286 3398 quum
1306 3326 1348 3381 sic

260 3431 335 3480 tanto
355 3431 468 3480 careant
486 3441 615 3491 munere,
637 3433 666 3480 et
686 3441 790 3499 magno
811 3422 969 3480 discrimini
989 3424 1018 3481 in
1032 3398 1099 3482 vitia
1120 3423 1231 3482 labendi
1251 3424 1349 3500 objici·

262 3531 350 3579 antur.

299 3625 348 3677 32.
379 3619 528 3678 Paschatis
549 3629 663 3697 tempus
688 3621 866 3678 eucharistia
886 3621 1076 3697 suscipiendae
1097 3619 1273 3699 adsignatum
1294 3629 1347 3685 est,

259 3727 289 3773 ut
301 3716 424 3774 victime
436 3735 488 3793 pro
501 3718 582 3774 nobis
597 3719 696 3776 oblatae
718 3720 783 3795 ipso
797 3738 854 3790 quo
874 3719 1018 3777 immolata
1037 3729 1082 3778 est
1100 3729 1226 3796 tempore
1239 3720 1350 3796 partici-

258 3835 310 3893 pes
324 3833 462 3884 essemus,
475 3817 688 3873 resurrectionis
711 3818 774 3893 ejus
794 3818 880 3876 suturi
899 3828 1056 3876 consortes.
1098 3818 1236 3878 Paschale
1257 3827 1350 3875 autem

258 3925 381 3992 tempus,
397 3915 473 3989 quod
487 3913 522 3972 ad
535 3915 662 3973 muneris
678 3915 763 3992 hujus
784 3916 979 3991 impletionem
994 3918 1101 3985 attinet,
1116 3917 1275 3990 quindenos
1289 3916 1350 3972 dies

260 4033 275 4068 a
289 4013 431 4072 dominica
444 4015 601 4091 palmarum
617 4015 652 4071 ad
667 4013 839 4074 dominicam
858 4016 889 4074 in
909 4016 980 4074 albis
993 4016 1131 4074 inclusive
1145 4015 1351 4092 complectitur,

319 4264 324 4278 Ι
390 4200 431 4264 (l)
451 4200 526 4250 Cone·
539 4201 601 4252 Gerr.
614 4201 668 4252 Lat.
681 4203 712 4251 iv.
725 4202 786 4266 Gap.
801 4201 897 4255 Omnis.
908 4201 938 4251 de
949 4200 1032 4268 poenit.
1044 4210 1068 4252 et
1079 4202 1171 4253 remiss.

391 4281 432 4346 (9)
450 4283 559 4334 Aetolae
572 4286 653 4336 Tmen
665 4287 695 4335 de
707 4285 789 4337 Euoh.
800 4303 821 4336 c.
832 4287 856 4336 ii.
869 4303 909 4350 qu.
925 4290 948 4336 1ae
958 4302 1019 4351 resp.
1032 4290 1056 4335 2.

393 4368 433 4431 (3)
456 4369 554 4418 Ibidem.
588 4369 685 4420 Videat
696 4369 822 4422 Benedict.
834 4372 882 4421 xiv.
896 4371 1035 4438 desynodo‚
1046 4373 1061 4420 l.
1070 4371 1110 4422 vii.
1121 4388 1142 4421 c.
1154 4371 1187 4422 ix.
