3078 5258
283 480 340 536 too
550 473 606 532 DE
627 471 779 532 LEGUM
801 469 1104 531 OBLIGATIONE.

280 641 406 716 injuncta
418 637 597 714 impleantur,
612 647 689 696 certo
703 637 732 694 in
746 655 812 694 eum
826 637 913 694 finem
927 645 1029 694 statuto
1043 644 1181 710 tempore,
1196 654 1260 708 que
1274 637 1373 712 procul

281 737 366 796 dubio
386 739 505 813 graviter
525 735 613 813 ligant
632 737 755 793 animam
767 729 788 792 :¹
811 735 908 808 quales
927 745 994 792 sunt
1012 743 1155 810 precepta
1174 733 1209 791 de
1230 735 1371 793 audienda

283 837 385 903 Missa,
406 835 487 894 etde
510 833 700 913 suscipiendis
723 835 907 892 sacramentis
921 834 1092 908 paenitentia
1113 843 1142 889 et
1162 833 1371 891 Eucharistiae:

283 935 345 992 aliae
359 934 450 992 cultus
459 933 592 992 decorem
604 941 742 1011 spectant,
754 953 816 1006 quae
828 931 922 1005 quoad
932 933 1043 1007 singula
1056 950 1112 988 non
1127 939 1233 989 tantam
1246 934 1376 990 obtinent

282 1035 357 1092 vim:
372 1033 433 1090 aliae
444 1031 572 1092 ordinem
581 1032 764 1110 judiciorum,
774 1033 848 1109 jura,
859 1030 1016 1109 privilegia,
1031 1040 1060 1088 et
1071 1030 1199 1105 politiam
1208 1031 1372 1089 universam

287 1141 421 1200 statuunt,
438 1149 556 1203 quarum
570 1133 613 1188 vis
630 1133 752 1208 plurima
771 1140 815 1188 est
836 1139 973 1204 qnatenus
988 1131 1104 1187 interest
1112 1130 1241 1204 justitiae,
1256 1131 1373 1196 ordinis,

283 1241 312 1289 et
323 1231 451 1289 utilitatis
465 1229 594 1305 publicae,
608 1231 763 1306 praesertim
786 1231 960 1306 gravissimis
974 1228 1068 1305 poenis
1089 1228 1232 1285 intentatis
1253 1245 1302 1285 eas
1316 1230 1373 1286 vio·

219 1391 221 1395 ,
283 1330 369 1388 lanti:
391 1330 516 1402 alioquin
529 1329 605 1387 haud
618 1330 689 1389 adeo
702 1330 824 1406 graviter
837 1330 935 1406 ligant.

327 1433 373 1487 18.
396 1429 500 1486 Gravis
512 1429 584 1505 legis
598 1431 732 1506 obligatio
746 1429 851 1504 pendet
864 1441 924 1487 tum
937 1447 974 1486 ex
987 1429 1027 1486 rei
1049 1447 1134 1500 quarn
1150 1428 1267 1502 respicit
1287 1429 1375 1504 gravi·

285 1538 349 1596 tate,
365 1537 423 1588 tum
437 1546 474 1585 ex
488 1529 627 1588 voluntate
640 1531 735 1606 legem
749 1529 875 1586 ferentis.
918 1528 977 1585 Res
998 1545 1048 1603 per
1068 1544 1098 1582 se
1118 1526 1191 1583 levis
1210 1528 1312 1597 nequit
1325 1528 1377 1584 sub

284 1629 362 1702 gravi
375 1635 492 1701 peccato
505 1628 630 1702 praecipi,
645 1629 690 1685 vel
703 1627 857 1702 prohiberi,
872 1629 928 1686 nisi
949 1628 985 1684 iis
1005 1627 1034 1683 in
1057 1625 1196 1702 adjunctis
1219 1627 1249 1684 in
1272 1627 1375 1698 quibus

285 1726 382 1800 magni
396 1725 427 1782 tit
440 1726 585 1782 momenti.
607 1727 676 1785 Non
689 1726 794 1784 valeret
805 1726 853 1783 lex
866 1727 1012 1785 hodiernis
1026 1725 1272 1800 temporibusque
1285 1726 1375 1782 tabaci

285 1842 354 1882 usus
368 1826 489 1902 graviter
501 1835 640 1888 vetaretur
651 1825 791 1884 sacerdoti
805 1827 928 1884 Missam
940 1825 1110 1883 celebranti:
1126 1842 1189 1895 quae
1204 1832 1299 1880 tamen
1314 1824 1381 1880 olim

287 1924 431 1991 valuisset,
445 1943 511 1982 nam
524 1943 613 1998 quum
625 1928 750 2002 primum
763 1923 942 1984 induceretur
954 1942 1017 1982 mos
1040 1922 1108 1979 illud
1122 1920 1265 1989 sumendi,
1282 1922 1378 1979 fideles

291 2023 372 2080 valde
386 2023 572 2082 abhorrebant
584 2027 620 2094 ab
641 2026 717 2082 illins
740 2043 793 2081 usu
813 2025 843 2081 in
863 2026 951 2082 sacris
974 2022 1150 2080 muneribus.
1191 2019 1237 2078 De
1258 2041 1290 2078 re
1305 2023 1381 2098 gravi

286 2120 334 2176 lex
348 2129 442 2194 potest
452 2121 518 2177 ferri
531 2123 583 2178 sub
597 2123 680 2197 culpa
691 2123 800 2190 leviori,
812 2123 836 2180 si
847 2125 885 2181 ita
897 2121 1025 2180 videatur
1036 2122 1130 2196 legem
1143 2119 1245 2177 ferenti
1261 2141 1269 2188 ;
1295 2140 1382 2194 quum

286 2218 364 2275 enim
378 2237 415 2276 ex
429 2219 490 2294 ejus
504 2218 645 2278 voluntate
666 2219 790 2297 pendeat
809 2230 865 2278 tota
885 2221 1029 2296 obligatio,
1051 2219 1142 2295 ipsius
1164 2228 1207 2276 est
1229 2218 1382 2277 decernere

287 2335 345 2388 quo
370 2335 461 2390 usqne
489 2313 680 2376 extendatur.²
720 2320 770 2377 Sic
797 2330 894 2395 posset
919 2319 1076 2396 praecipere
1100 2317 1253 2394 episcopus
1277 2328 1382 2377 statuto

286 2413 446 2473 dioecesano
460 2425 491 2472 ut
504 2417 697 2476 confessiones
711 2418 862 2476 mulierum
875 2419 991 2476 nonnisi
1005 2420 1035 2476 in
1058 2417 1262 2475 confessionali
1275 2418 1308 2474 in
1320 2419 1383 2476 loeo

288 2513 401 2590 publico
414 2525 443 2574 et
455 2516 562 2590 patenti
575 2518 669 2591 posito
680 2517 710 2573 in
724 2517 852 2575 ecclesiia
867 2519 1055 2593 excipiantur,
1072 2513 1149 2588 quod
1158 2516 1219 2591 jam
1234 2517 1263 2573 in
1273 2517 1382 2575 Rituali

290 2612 432 2682 Romano,
452 2624 481 2671 et
501 2615 621 2674 coneilio
636 2615 836 2674 Baltimorenei
850 2624 1024 2693 preceptum
1038 2625 1091 2684 eat,
1106 2623 1134 2671 et
1146 2632 1197 2689 per
1216 2633 1248 2671 se
1265 2627 1312 2673 est
1325 2635 1382 2692 gra-

289 2713 439 2772 vissimum
465 2713 500 2772 ad
526 2733 641 2774 ornnem
668 2716 735 2772 mali
759 2716 886 2792 speciem
909 2723 937 2771 et
958 2715 1152 2791 suspicionem
1176 2714 1381 2772 amovendam:

288 2813 480 2872 simulantem
494 2815 643 2892 injungere
657 2816 710 2873 sub
724 2825 841 2891 peceato
861 2814 965 2873 veniali
985 2812 1235 2871 confessionalium
1255 2832 1343 2870 usum
1356 2815 1384 2872 in

289 2911 359 2965 locis
373 2913 403 2968 in
424 2913 525 2983 quibus
539 2916 661 2971 eeclesia
674 2923 766 2970 erecta
788 2922 911 2981 nonest,
934 2910 1101 2970 declarando
1124 2930 1156 2968 se
1170 2911 1245 2968 nolle
1260 2914 1384 2988 graviter

291 3007 415 3082 obligare
429 3011 465 3066 ob
475 3007 667 3067 difficultatem
681 3030 743 3083 quae
757 3012 787 3068 in
806 3013 869 3088 lege
890 3011 1059 3084 exequenda
1079 3011 1108 3066 in
1121 3010 1308 3068 missionibus
1322 3030 1385 3069 rure

292 3103 385 3162 adhuc
405 3107 551 3182 reperitur.
593 3107 845 3185 Cappnecinorum
871 3111 1001 3183 quaedam
1027 3111 1242 3167 constitutiones
1269 3112 1386 3168 nonnisi

289 3202 383 3260 levem
396 3205 509 3282 culpam
523 3207 692 3266 violantibus
714 3207 858 3267 inducunt.
900 3210 1021 3275 Quoties
1040 3228 1087 3266 res
1108 3225 1160 3284 per
1173 3227 1203 3265 se
1216 3218 1260 3265 est
1273 3212 1381 3284 gravis,

288 3302 341 3359 snb
353 3305 431 3379 gravi
444 3316 563 3382 peccato
583 3317 713 3364 censetur
732 3308 795 3384 lege
816 3310 934 3385 praecipi
951 3310 997 3367 vel
1014 3309 1120 3366 vetari:
1142 3307 1193 3365 sed
1213 3309 1384 3384 plerumque

290 3403 375 3460 verba
396 3405 562 3481 gravissima
581 3406 748 3465 adhibentur
769 3425 806 3464 ex
826 3409 928 3480 quibus
948 3427 1029 3467 mens
1048 3407 1143 3484 legem
1163 3408 1280 3465 ferentis
1302 3409 1384 3466 inno·

323 3625 365 3688 (l)
386 3625 506 3675 Audintur
517 3625 630 3676 Hoolrar:
649 3633 663 3658 “
673 3629 699 3678 Is
710 3627 729 3676 it
739 3643 753 3676 a
764 3628 837 3677 small
849 3626 941 3678 offenee
953 3633 978 3677 to
990 3627 1084 3691 despise
1096 3625 1138 3676 the
1149 3625 1242 3676 ehurch
1259 3625 1287 3674 of
1305 3626 1380 3676 Godl

288 3709 348 3769 ‘My
360 3723 413 3764 son,
424 3708 485 3772 lreep
497 3709 540 3771 thy
549 3710 647 3760 tather's
659 3710 873 3770 commandment,'
885 3712 948 3761 saith
960 3712 1086 3770 Solomon,
1101 3712 1166 3760 ‘and
1186 3711 1263 3773 sorget
1274 3719 1319 3761 not
1337 3713 1382 3775 thy

288 3790 403 3842 mother's
414 3792 570 3852 instruction;
587 3795 646 3843 bind
657 3795 723 3844 them
732 3797 791 3845 both
802 3797 894 3860 always
906 3797 980 3846 about
992 3796 1036 3860 thy
1050 3796 1133 3846 heart'
1151 3797 1173 3846 lt
1184 3794 1243 3846 doth
1255 3804 1300 3846 not
1308 3796 1380 3846 stand

287 3876 349 3926 with
360 3875 402 3926 the
413 3877 473 3942 duty
484 3876 566 3928 which
583 3893 620 3927 we
632 3894 685 3927 owe
696 3886 721 3927 to
730 3895 775 3929 our
793 3879 922 3944 Heavenly
933 3880 1031 3939 Father,
1041 3880 1092 3930 that
1104 3888 1129 3930 to
1141 3881 1182 3930 the
1196 3879 1341 3930 ordinances
1354 3882 1383 3929 ol

288 3977 333 4014 our
344 3963 441 4014 Mether
452 3963 493 4015 the
504 3963 596 4016 chureh
607 3980 644 4014 we
655 3964 744 4016 should
755 3965 829 4024 show,
837 3966 959 4016 eumelvas
970 3966 1126 4016 disobedient.
1163 3965 1210 4015 Let
1225 3981 1255 4014 ns
1272 3973 1317 4014 not
1336 3981 1381 4028 say

288 4062 326 4096 we
337 4049 398 4112 keep
410 4051 451 4100 the
464 4052 673 4102 commandments
684 4052 712 4100 ol
725 4051 766 4102 the
786 4067 841 4110 one,
860 4051 932 4101 when
943 4067 982 4101 we
993 4053 1065 4101 break
1077 4051 1119 4102 the
1130 4052 1177 4101 law
1189 4051 1217 4099 os
1230 4050 1272 4100 the
1295 4050 1382 4100 other:

289 4131 325 4180 lor
336 4133 419 4181 unless
430 4150 467 4183 we
478 4137 577 4186 observa
588 4139 654 4197 both,
668 4153 704 4187 we
716 4140 777 4202 obey
789 4137 890 4188 neither.
908 4170 914 4183 .
932 4172 939 4187 .
957 4170 964 4182 .
982 4137 1043 4194 Yea,
1054 4136 1107 4184 that
1125 4134 1207 4185 which
1218 4135 1239 4184 is
1251 4151 1326 4194 more,
1337 4135 1379 4184 the

291 4216 350 4263 lnws
358 4214 415 4263 thus
427 4217 496 4266 made
508 4218 563 4268 God
573 4221 673 4270 himself
684 4222 743 4271 doth
755 4223 781 4272 in
793 4221 854 4271 such
867 4227 917 4268 sort
928 4220 1052 4269 authorize
1064 4218 1116 4268 that
1132 4227 1157 4268 to
1168 4217 1264 4282 despise
1274 4217 1383 4277 themu
1429 4232 1431 4238 ·

290 4307 315 4347 to
326 4296 420 4360 despise
431 4298 457 4346 in
470 4298 536 4350 thern
553 4299 640 4352 Htm.·’
675 4304 797 4355 Hooker'a
810 4303 989 4354 Ecclesiastieal
1001 4301 1091 4366 Polity,
1100 4301 1115 4352 l·
1127 4301 1161 4351 iii.
1173 4316 1200 4352 n.
1215 4303 1240 4350 9.

327 4383 366 4446 (2)
384 4381 412 4430 S.
424 4382 575 4447 Alphonsus,
592 4387 607 4436 l.
619 4388 636 4436 i.
653 4403 680 4437 n.
693 4387 748 4435 14³.
