3076 5260
722 1388 864 1450 CAPUT
885 1388 923 1447 V.

637 1605 676 1645 DE
697 1606 802 1646 PRAVIS
821 1605 1001 1646 aestuatum.

318 1791 385 1846 110.
407 1785 602 1846 Dnarouarun
623 1784 670 1844 hic
688 1783 818 1842 dicituro
837 1783 977 1860 theologie
997 1782 1128 1840 voluntas
1149 1791 1299 1858 peccatum
1319 1803 1370 1860 pa-

278 1889 378 1947 trandi.
401 1885 522 1945 Constat
534 1903 596 1942 eam
610 1901 674 1942 esee
686 1883 814 1961 ejusdem
829 1882 936 1959 speciei
946 1891 1126 1958 peccatorum
1140 1901 1256 1957 acopos
1270 1883 1370 1959 ipsum

277 1988 405 2053 vetitum,
432 2004 498 2044 nam
525 1982 658 2040 Christus
684 1981 768 2041 docet
792 1981 918 2040 mulieris
949 1979 1120 2038 desiderium
1146 1981 1277 2038 moechiae
1304 1999 1370 2038 esse

276 2080 412 2142 crimen.¹
453 2080 598 2156 Equidem
611 2097 700 2154 quum
724 2099 772 2139 cor
792 2089 885 2156 pateat
904 2079 978 2146 Deo,
1001 2080 1179 2154 propositum
1194 2080 1240 2136 vel
1263 2079 1369 2156 cupido

275 2183 431 2241 voluntaria
445 2182 533 2239 instar
545 2197 665 2257 operum
679 2180 716 2237 sit
727 2197 845 2236 necesse
859 2188 911 2236 eet.
953 2176 1039 2244 Quod
1058 2179 1083 2235 ai
1103 2175 1228 2236 conditio
1242 2197 1367 2255 appona-

274 2289 328 2345 tur,
344 2283 384 2338 ita
395 2289 427 2338 ut
439 2278 544 2356 cupido
556 2297 615 2338 non
628 2277 814 2346 stramenta,
836 2277 970 2349 queritur
989 2283 1082 2334 utrum
1095 2276 1238 2335 censenda
1251 2279 1289 2334 sit
1301 2295 1368 2353 pec·

273 2387 367 2435 catum
381 2376 452 2434 adeo
465 2395 562 2452 grave.
603 2376 638 2434 In
659 2377 695 2433 iis
717 2394 781 2448 qua
804 2393 842 2432 ex
862 2375 926 2452 lege
948 2373 1073 2452 pendent
1085 2375 1216 2452 positiva,
1241 2375 1368 2435 conditio

273 2494 331 2535 non
345 2483 493 2552 repugnat,
507 2473 630 2548 ideoque
650 2474 760 2532 nullum
773 2483 818 2530 eat
836 2483 985 2549 peccatum
1004 2475 1043 2532 ite
1055 2476 1150 2532 animo
1163 2485 1277 2550 paratus
1290 2493 1365 2532 esse:

272 2595 371 2634 carnee
392 2572 572 2634 comederem
586 2572 632 2631 dic
646 2573 780 2642 Veneria,
801 2573 858 2631 nisi
871 2573 1012 2632 Eccleeiae
1026 2574 1148 2630 obstaret
1160 2566 1306 2632 vetimm.²
1330 2573 1366 2632 Iu

273 2677 357 2734 rebus
372 2685 465 2734 autem
479 2692 542 2746 quae
557 2672 650 2751 adjus
670 2681 776 2732 nature
793 2681 930 2748 spectant,
951 2671 1076 2730 conditio
1095 2692 1154 2732 uon
1174 2673 1247 2730 tollit
1259 2672 1365 2730 foedita-

272 2784 328 2833 tem
350 2775 425 2834 actui
449 2774 572 2841 insitam,
596 2771 718 2846 ideoque
741 2770 912 2830 desiderium
934 2781 1014 2847 turpe
1038 2771 1174 2829 habetur:
1197 2789 1245 2828 ex.
1270 2791 1319 2848 gr:
1338 2773 1363 2828 si

249 2969 394 3042 ‚minatus
417 2968 518 3025 fuisset
540 2977 657 3024 eternas
679 2969 885 3044 peccatoribus.
928 2967 1070 3026 Caeterum
1092 2971 1160 3027 satis
1183 2969 1363 3045 probabiliter

271 3065 398 3124 sentiunt
410 3065 507 3142 plures
521 3063 657 3140 theologi,
680 3075 698 3102 ‘⁶
710 3064 797 3138 quod,
812 3085 878 3125 oum
892 3068 1020 3126 voluntas
1035 3067 1175 3126 desiderat
1187 3068 1306 3141 aliquod
1317 3069 1362 3126 ob-

266 3167 376 3245 jectum
390 3165 497 3223 malum
510 3165 699 3242 impossibile,
714 3165 767 3223 sub
779 3165 942 3224 conditione
956 3167 981 3223 ei
1002 3167 1109 3234 liceret,
1133 3185 1291 3239 numquam
1305 3167 1361 3224 effi·

271 3267 373 3326 oaoiter
386 3266 415 3323 in
429 3263 498 3323 illud
511 3259 705 3322 conaenait.”⁸
744 3264 895 3323 Desideria
914 3275 1007 3324 tanmn
1021 3266 1186 3342 hujusmodi
1200 3267 1287 3342 plena
1299 3275 1360 3326 sunt

268 3365 397 3444 periculi,
412 3374 469 3422 eta
482 3362 587 3421 veniali
600 3364 685 3440 culpa
697 3363 858 3422 nullatenus
872 3364 1045 3422 excusanda.

310 3467 378 3522 111.
399 3463 556 3522 Delectatio
570 3472 706 3539 concepta
723 3461 758 3519 de
772 3463 847 3520 malo
861 3481 957 3538 opere,
978 3462 1140 3521 conditione
1153 3464 1221 3522 licet
1242 3464 1356 3540 adjecta,

269 3566 294 3622 si
306 3565 415 3630 liceret,
430 3581 517 3639 prava
527 3571 581 3628 est,
592 3571 622 3619 et
631 3563 704 3620 inter
715 3561 831 3620 lethalia
839 3571 954 3638 peccata
964 3561 1146 3630 recensenda,
1158 3564 1226 3635 quie
1241 3572 1357 3636 “quam-

302 3769 345 3834 (l)
364 3765 435 3815 Man.
447 3780 470 3814 v.
482 3768 523 3814 28.

297 3856 340 3920 (2)
356 3853 423 3902 Idem
436 3851 467 3902 de
477 3849 636 3900 delectatione
653 3851 683 3900 da
696 3867 720 3899 ra
737 3861 834 3914 peracta
851 3852 999 3903 dicendum:
1018 3851 1081 3902 “He
1098 3853 1150 3902 that
1162 3855 1242 3903 eetcth
1255 3854 1314 3902 heah
1331 3854 1354 3902 in

266 3938 331 3988 Lent
342 3939 368 3987 in
381 3939 449 3988 those
474 3938 553 4002 placer
571 3936 619 3984 and
637 3936 825 3986 circumstances
837 3937 918 3987 where
936 3939 955 3987 it
966 3938 988 3988 ia
1005 3937 1138 3996 forbidden,
1156 3939 1203 3987 and
1217 3940 1258 3988 did
1270 3949 1312 3990 not
1324 3955 1355 3988 ra·

265 4024 373 4072 member
384 4022 403 4071 it
413 4036 465 4071 was
476 4021 548 4080 Lent,
562 4037 589 4070 or
600 4020 641 4070 did
653 4029 696 4070 not
707 4022 782 4070 know
792 4022 818 4080 it,
833 4022 879 4071 and
892 4023 924 4086 by
932 4039 959 4072 ao
971 4023 1047 4084 doing
1059 4023 1176 4072 resreahea
1188 4024 1290 4073 himself
1296 4023 1354 4080 well,

265 4105 313 4154 and
326 4105 384 4154 does
398 4105 533 4168 advantage
544 4115 569 4154 to
581 4106 619 4154 hia
632 4105 722 4165 health,
741 4121 797 4170 may
815 4113 859 4156 not
870 4107 900 4156 be
912 4107 1014 4156 accueed
1033 4107 1116 4171 easily,
1134 4107 1155 4156 if
1168 4108 1199 4156 he
1211 4107 1314 4170 delighta
1329 4107 1351 4156 iu

263 4188 304 4239 the
314 4185 397 4252 whole
408 4188 495 4248 action,
508 4207 534 4239 aa
542 4190 559 4239 it
568 4190 636 4255 joina
648 4190 689 4240 the
702 4205 766 4240 error
779 4190 826 4239 and
839 4190 880 4241 tha
893 4189 1053 4252 advantage.'’
1070 4192 1085 4240 J
1088 4207 1168 4256 erenry
1181 4191 1351 4256 Taylor,Duo·

266 4283 302 4324 tor
313 4271 492 4332 Dubitandum,
501 4274 540 4322 lfa
550 4291 572 4324 c.
585 4277 609 4322 3.
627 4275 691 4324 Rula
699 4290 720 4326 v.
730 4291 753 4340 p.
770 4277 824 4325 113.

300 4355 343 4424 (3)
357 4354 383 4404 S.
395 4354 496 4419 Alph.1.
508 4372 531 4403 v.
543 4373 564 4406 c.
579 4361 600 4404 1.
609 4357 666 4407 dub.
678 4359 702 4407 ii.
715 4367 757 4410 art.
770 4359 785 4407 i.
796 4375 821 4408 n.
835 4361 874 4410 la.
