<?xml version="1.0" encoding="UTF-8"?>
<!DOCTYPE html PUBLIC "-//W3C//DTD XHTML 1.0 Transitional//EN"
    "http://www.w3.org/TR/xhtml1/DTD/xhtml1-transitional.dtd">
<html xmlns="http://www.w3.org/1999/xhtml" xml:lang="en" lang="en">
 <head>
  <title>
</title>
<meta http-equiv="Content-Type" content="text/html;charset=utf-8" />
  <meta name='ocr-system' content='tesseract 3.04.00' />
  <meta name='ocr-capabilities' content='ocr_page ocr_carea ocr_par ocr_line ocrx_word'/>
</head>
<body>
  <div class='ocr_page' id='page_1' title='image "./theologiaemoral03kenrgoog_0306.png"; bbox 0 0 3046 5262; ppageno 0'>
   <div class='ocr_carea' id='block_1_1' title="bbox 342 475 1249 556">
    <p class='ocr_par' dir='ltr' id='par_1_1' title="bbox 342 475 1249 556">
     <span class='ocr_line' id='line_1_1' title="bbox 342 475 1249 556; baseline 0.006 -16"><span class='ocrx_word' id='word_1_1' title='bbox 342 479 400 540; x_wconf 83' lang='lat' dir='ltr'>DE</span> <span class='ocrx_word' id='word_1_2' title='bbox 423 475 719 539; x_wconf 75' lang='lat' dir='ltr'>Pnconuouun</span> <span class='ocrx_word' id='word_1_3' title='bbox 740 477 1061 542; x_wconf 78' lang='lat' dir='ltr'>DISTlNOTIONE.</span> <span class='ocrx_word' id='word_1_4' title='bbox 1125 539 1135 556; x_wconf 82' lang='grc'><strong>,</strong></span> <span class='ocrx_word' id='word_1_5' title='bbox 1189 489 1249 545; x_wconf 78' lang='grc'>287</span> 
     </span>
    </p>
   </div>
   <div class='ocr_carea' id='block_1_2' title="bbox 145 644 1318 4504">
    <p class='ocr_par' dir='ltr' id='par_1_2' title="bbox 148 644 1251 2010">
     <span class='ocr_line' id='line_1_2' title="bbox 148 644 1250 722; baseline 0.004 -17"><span class='ocrx_word' id='word_1_6' title='bbox 148 646 378 722; x_wconf 73' lang='lat' dir='ltr'><strong>multiplicantur</strong></span> <span class='ocrx_word' id='word_1_7' title='bbox 390 663 444 722; x_wconf 88' lang='lat' dir='ltr'>pro</span> <span class='ocrx_word' id='word_1_8' title='bbox 455 645 565 704; x_wconf 89' lang='lat' dir='ltr'>ratione</span> <span class='ocrx_word' id='word_1_9' title='bbox 586 644 763 720; x_wconf 75' lang='lat' dir='ltr'>singulam</span> <span class='ocrx_word' id='word_1_10' title='bbox 784 653 898 702; x_wconf 77' lang='lat' dir='ltr'>actuum</span> <span class='ocrx_word' id='word_1_11' title='bbox 917 646 1079 714; x_wconf 83' lang='lat' dir='ltr'>voluntatis,</span> <span class='ocrx_word' id='word_1_12' title='bbox 1096 649 1164 720; x_wconf 91' lang='lat' dir='ltr'>quia</span> <span class='ocrx_word' id='word_1_13' title='bbox 1176 669 1250 709; x_wconf 84' lang='lat' dir='ltr'>unus</span> 
     </span>
     <span class='ocr_line' id='line_1_3' title="bbox 151 742 1251 822; baseline 0.005 -19"><span class='ocrx_word' id='word_1_14' title='bbox 151 746 191 804; x_wconf 84' lang='lat' dir='ltr'>ab</span> <span class='ocrx_word' id='word_1_15' title='bbox 205 745 261 805; x_wconf 86' lang='lat' dir='ltr'>alio</span> <span class='ocrx_word' id='word_1_16' title='bbox 273 765 329 806; x_wconf 91' lang='lat' dir='ltr'>non</span> <span class='ocrx_word' id='word_1_17' title='bbox 345 743 460 822; x_wconf 84' lang='lat' dir='ltr'><strong>pendet.</strong></span> <span class='ocrx_word' id='word_1_18' title='bbox 504 743 582 802; x_wconf 89' lang='lat' dir='ltr'>Hinc</span> <span class='ocrx_word' id='word_1_19' title='bbox 596 743 645 815; x_wconf 92' lang='lat' dir='ltr'>qui</span> <span class='ocrx_word' id='word_1_20' title='bbox 662 742 796 802; x_wconf 75' lang='lat' dir='ltr'>heresim</span> <span class='ocrx_word' id='word_1_21' title='bbox 815 745 911 805; x_wconf 81' lang='lat' dir='ltr'>animo</span> <span class='ocrx_word' id='word_1_22' title='bbox 931 744 1017 813; x_wconf 80' lang='lat' dir='ltr'>fovet,</span> <span class='ocrx_word' id='word_1_23' title='bbox 1031 765 1138 806; x_wconf 82' lang='lat' dir='ltr'>norom</span> <span class='ocrx_word' id='word_1_24' title='bbox 1152 748 1251 808; x_wconf 87' lang='lat' dir='ltr'>admit·</span> 
     </span>
     <span class='ocr_line' id='line_1_4' title="bbox 152 842 1249 921; baseline 0.005 -19"><span class='ocrx_word' id='word_1_25' title='bbox 152 845 188 902; x_wconf 87' lang='lat' dir='ltr'>tit</span> <span class='ocrx_word' id='word_1_26' title='bbox 199 855 359 921; x_wconf 89' lang='lat' dir='ltr'>peccatum,</span> <span class='ocrx_word' id='word_1_27' title='bbox 373 843 486 916; x_wconf 91' lang='lat' dir='ltr'>quoties</span> <span class='ocrx_word' id='word_1_28' title='bbox 500 842 673 902; x_wconf 76' lang='lat' dir='ltr'>deliberante</span> <span class='ocrx_word' id='word_1_29' title='bbox 687 843 782 900; x_wconf 89' lang='lat' dir='ltr'>animo</span> <span class='ocrx_word' id='word_1_30' title='bbox 795 861 903 900; x_wconf 82' lang='lat' dir='ltr'>novum</span> <span class='ocrx_word' id='word_1_31' title='bbox 916 860 1039 904; x_wconf 86' lang='lat' dir='ltr'>errorem</span> <span class='ocrx_word' id='word_1_32' title='bbox 1052 855 1150 906; x_wconf 84' lang='lat' dir='ltr'>contm</span> <span class='ocrx_word' id='word_1_33' title='bbox 1162 847 1249 907; x_wconf 86' lang='lat' dir='ltr'>fidem</span> 
     </span>
     <span class='ocr_line' id='line_1_5' title="bbox 151 940 1249 1021; baseline 0.005 -19"><span class='ocrx_word' id='word_1_34' title='bbox 151 944 336 1021; x_wconf 80' lang='lat' dir='ltr'>pertinaciter</span> <span class='ocrx_word' id='word_1_35' title='bbox 349 941 536 1019; x_wconf 81' lang='lat' dir='ltr'>amplectitur,</span> <span class='ocrx_word' id='word_1_36' title='bbox 551 941 598 998; x_wconf 81' lang='lat' dir='ltr'>vel</span> <span class='ocrx_word' id='word_1_37' title='bbox 610 940 706 999; x_wconf 91' lang='lat' dir='ltr'>eidem</span> <span class='ocrx_word' id='word_1_38' title='bbox 723 960 800 999; x_wconf 86' lang='lat' dir='ltr'>novo</span> <span class='ocrx_word' id='word_1_39' title='bbox 820 951 882 1002; x_wconf 87' lang='lat' dir='ltr'>actu</span> <span class='ocrx_word' id='word_1_40' title='bbox 898 940 1029 1005; x_wconf 82' lang='lat' dir='ltr'>adhaeret</span> <span class='ocrx_word' id='word_1_41' title='bbox 1071 944 1124 1002; x_wconf 87' lang='lat' dir='ltr'>llla</span> <span class='ocrx_word' id='word_1_42' title='bbox 1136 957 1249 1007; x_wconf 80' lang='lat' dir='ltr'>actuum</span> 
     </span>
     <span class='ocr_line' id='line_1_6' title="bbox 151 1039 1250 1120; baseline 0.003 -18"><span class='ocrx_word' id='word_1_43' title='bbox 151 1041 353 1119; x_wconf 80' lang='lat' dir='ltr'>multiplicatio</span> <span class='ocrx_word' id='word_1_44' title='bbox 366 1041 396 1103; x_wconf 81' lang='lat' dir='ltr'>in</span> <span class='ocrx_word' id='word_1_45' title='bbox 409 1041 590 1100; x_wconf 80' lang='lat' dir='ltr'>consessione</span> <span class='ocrx_word' id='word_1_46' title='bbox 601 1039 771 1115; x_wconf 85' lang='lat' dir='ltr'>explicanda</span> <span class='ocrx_word' id='word_1_47' title='bbox 783 1049 836 1110; x_wconf 86' lang='lat' dir='ltr'>cst,</span> <span class='ocrx_word' id='word_1_48' title='bbox 848 1059 911 1114; x_wconf 78' lang='lat' dir='ltr'>quc</span> <span class='ocrx_word' id='word_1_49' title='bbox 925 1050 1019 1100; x_wconf 88' lang='lat' dir='ltr'>tamen</span> <span class='ocrx_word' id='word_1_50' title='bbox 1032 1043 1199 1120; x_wconf 86' lang='lat' dir='ltr'>plerumque</span> <span class='ocrx_word' id='word_1_51' title='bbox 1212 1065 1250 1104; x_wconf 84' lang='lat' dir='ltr'>ex</span> 
     </span>
     <span class='ocr_line' id='line_1_7' title="bbox 153 1139 1250 1218; baseline 0.003 -19"><span class='ocrx_word' id='word_1_52' title='bbox 153 1141 294 1217; x_wconf 88' lang='lat' dir='ltr'>temporis</span> <span class='ocrx_word' id='word_1_53' title='bbox 308 1139 436 1198; x_wconf 76' lang='lat' dir='ltr'>diuturni</span> <span class='ocrx_word' id='word_1_54' title='bbox 448 1141 592 1200; x_wconf 83' lang='lat' dir='ltr'>mentione</span> <span class='ocrx_word' id='word_1_55' title='bbox 604 1150 634 1197; x_wconf 89' lang='lat' dir='ltr'>et</span> <span class='ocrx_word' id='word_1_56' title='bbox 645 1139 802 1212; x_wconf 80' lang='lat' dir='ltr'>frequentin</span> <span class='ocrx_word' id='word_1_57' title='bbox 815 1149 929 1198; x_wconf 92' lang='lat' dir='ltr'>actuum</span> <span class='ocrx_word' id='word_1_58' title='bbox 942 1151 987 1200; x_wconf 88' lang='lat' dir='ltr'>ost</span> <span class='ocrx_word' id='word_1_59' title='bbox 998 1142 1178 1218; x_wconf 81' lang='lat' dir='ltr'>colligenda:</span> <span class='ocrx_word' id='word_1_60' title='bbox 1200 1145 1250 1202; x_wconf 82' lang='lat' dir='ltr'>vix</span> 
     </span>
     <span class='ocr_line' id='line_1_8' title="bbox 152 1238 1249 1319; baseline 0.003 -21"><span class='ocrx_word' id='word_1_61' title='bbox 152 1241 231 1300; x_wconf 90' lang='lat' dir='ltr'>enim</span> <span class='ocrx_word' id='word_1_62' title='bbox 246 1239 310 1312; x_wconf 89' lang='lat' dir='ltr'>quis</span> <span class='ocrx_word' id='word_1_63' title='bbox 324 1238 401 1297; x_wconf 89' lang='lat' dir='ltr'>valet</span> <span class='ocrx_word' id='word_1_64' title='bbox 419 1238 548 1316; x_wconf 81' lang='lat' dir='ltr'>singulos</span> <span class='ocrx_word' id='word_1_65' title='bbox 569 1248 647 1296; x_wconf 79' lang='lat' dir='ltr'>actius</span> <span class='ocrx_word' id='word_1_66' title='bbox 660 1238 775 1298; x_wconf 82' lang='lat' dir='ltr'>referre.</span> <span class='ocrx_word' id='word_1_67' title='bbox 804 1239 866 1300; x_wconf 75' lang='lat' dir='ltr'>,Sic</span> <span class='ocrx_word' id='word_1_68' title='bbox 881 1240 997 1315; x_wconf 81' lang='lat' dir='ltr'>juvenis</span> <span class='ocrx_word' id='word_1_69' title='bbox 1024 1241 1075 1314; x_wconf 85' lang='lat' dir='ltr'>qui</span> <span class='ocrx_word' id='word_1_70' title='bbox 1095 1242 1249 1319; x_wconf 87' lang='lat' dir='ltr'>cupiditate</span> 
     </span>
     <span class='ocr_line' id='line_1_9' title="bbox 151 1338 1248 1415; baseline 0.003 -17"><span class='ocrx_word' id='word_1_71' title='bbox 151 1357 294 1398; x_wconf 86' lang='lat' dir='ltr'>accensus</span> <span class='ocrx_word' id='word_1_72' title='bbox 308 1339 495 1415; x_wconf 80' lang='lat' dir='ltr'>cogitationes</span> <span class='ocrx_word' id='word_1_73' title='bbox 512 1347 609 1415; x_wconf 87' lang='lat' dir='ltr'>turpes</span> <span class='ocrx_word' id='word_1_74' title='bbox 629 1357 695 1396; x_wconf 86' lang='lat' dir='ltr'>curn</span> <span class='ocrx_word' id='word_1_75' title='bbox 708 1338 851 1414; x_wconf 88' lang='lat' dir='ltr'>voluptate</span> <span class='ocrx_word' id='word_1_76' title='bbox 864 1356 916 1415; x_wconf 90' lang='lat' dir='ltr'>per</span> <span class='ocrx_word' id='word_1_77' title='bbox 929 1357 1019 1398; x_wconf 89' lang='lat' dir='ltr'>annos</span> <span class='ocrx_word' id='word_1_78' title='bbox 1032 1340 1142 1412; x_wconf 79' lang='lat' dir='ltr'>aliquot</span> <span class='ocrx_word' id='word_1_79' title='bbox 1152 1343 1248 1401; x_wconf 87' lang='lat' dir='ltr'>fovere</span> 
     </span>
     <span class='ocr_line' id='line_1_10' title="bbox 151 1436 1247 1513; baseline 0.005 -18"><span class='ocrx_word' id='word_1_80' title='bbox 151 1437 315 1505; x_wconf 88' lang='lat' dir='ltr'>consuevit,</span> <span class='ocrx_word' id='word_1_81' title='bbox 330 1446 358 1494; x_wconf 95' lang='lat' dir='ltr'>et</span> <span class='ocrx_word' id='word_1_82' title='bbox 369 1436 510 1496; x_wconf 86' lang='lat' dir='ltr'>desideria</span> <span class='ocrx_word' id='word_1_83' title='bbox 522 1438 606 1495; x_wconf 84' lang='lat' dir='ltr'>etiam</span> <span class='ocrx_word' id='word_1_84' title='bbox 617 1455 714 1513; x_wconf 86' lang='lat' dir='ltr'>prava,</span> <span class='ocrx_word' id='word_1_85' title='bbox 728 1437 865 1495; x_wconf 77' lang='lat' dir='ltr'>sadsiacit</span> <span class='ocrx_word' id='word_1_86' title='bbox 877 1438 902 1494; x_wconf 84' lang='lat' dir='ltr'>si</span> <span class='ocrx_word' id='word_1_87' title='bbox 911 1439 1077 1496; x_wconf 81' lang='lat' dir='ltr'>confiteatur</span> <span class='ocrx_word' id='word_1_88' title='bbox 1089 1440 1167 1500; x_wconf 90' lang='lat' dir='ltr'>illam</span> <span class='ocrx_word' id='word_1_89' title='bbox 1177 1459 1247 1500; x_wconf 87' lang='lat' dir='ltr'>oon·</span> 
     </span>
     <span class='ocr_line' id='line_1_11' title="bbox 151 1535 1249 1613; baseline 0.003 -18"><span class='ocrx_word' id='word_1_90' title='bbox 151 1536 345 1604; x_wconf 75' lang='lat' dir='ltr'>suetudinem,</span> <span class='ocrx_word' id='word_1_91' title='bbox 356 1545 385 1594; x_wconf 92' lang='lat' dir='ltr'>et</span> <span class='ocrx_word' id='word_1_92' title='bbox 394 1535 479 1594; x_wconf 91' lang='lat' dir='ltr'>simul</span> <span class='ocrx_word' id='word_1_93' title='bbox 488 1535 614 1612; x_wconf 81' lang='lat' dir='ltr'>explicet</span> <span class='ocrx_word' id='word_1_94' title='bbox 626 1544 739 1594; x_wconf 79' lang='lat' dir='ltr'>actuum</span> <span class='ocrx_word' id='word_1_95' title='bbox 750 1536 938 1608; x_wconf 85' lang='lat' dir='ltr'>frequentiam</span> <span class='ocrx_word' id='word_1_96' title='bbox 951 1537 1088 1613; x_wconf 90' lang='lat' dir='ltr'>majorem</span> <span class='ocrx_word' id='word_1_97' title='bbox 1100 1538 1147 1595; x_wconf 89' lang='lat' dir='ltr'>vel</span> <span class='ocrx_word' id='word_1_98' title='bbox 1159 1540 1249 1598; x_wconf 89' lang='lat' dir='ltr'>mino·</span> 
     </span>
     <span class='ocr_line' id='line_1_12' title="bbox 151 1631 1248 1714; baseline 0.005 -21"><span class='ocrx_word' id='word_1_99' title='bbox 151 1654 225 1694; x_wconf 91' lang='lat' dir='ltr'>rem.</span> <span class='ocrx_word' id='word_1_100' title='bbox 267 1634 430 1707; x_wconf 83' lang='lat' dir='ltr'>Aliquando</span> <span class='ocrx_word' id='word_1_101' title='bbox 442 1645 522 1693; x_wconf 87' lang='lat' dir='ltr'>actus</span> <span class='ocrx_word' id='word_1_102' title='bbox 541 1634 582 1693; x_wconf 92' lang='lat' dir='ltr'>illi</span> <span class='ocrx_word' id='word_1_103' title='bbox 596 1631 750 1693; x_wconf 84' lang='lat' dir='ltr'>interni&#39;ex</span> <span class='ocrx_word' id='word_1_104' title='bbox 761 1635 847 1694; x_wconf 90' lang='lat' dir='ltr'>unico</span> <span class='ocrx_word' id='word_1_105' title='bbox 859 1635 1019 1711; x_wconf 78' lang='lat' dir='ltr'>cupiditatis</span> <span class='ocrx_word' id='word_1_106' title='bbox 1033 1637 1141 1714; x_wconf 89' lang='lat' dir='ltr'>impetu</span> <span class='ocrx_word' id='word_1_107' title='bbox 1153 1639 1248 1698; x_wconf 86' lang='lat' dir='ltr'>orion·</span> 
     </span>
     <span class='ocr_line' id='line_1_13' title="bbox 151 1734 1247 1811; baseline 0.004 -19"><span class='ocrx_word' id='word_1_108' title='bbox 151 1743 208 1803; x_wconf 88' lang='lat' dir='ltr'>tur,</span> <span class='ocrx_word' id='word_1_109' title='bbox 222 1734 347 1808; x_wconf 91' lang='lat' dir='ltr'>ideoque</span> <span class='ocrx_word' id='word_1_110' title='bbox 359 1753 449 1792; x_wconf 92' lang='lat' dir='ltr'>unum</span> <span class='ocrx_word' id='word_1_111' title='bbox 461 1743 610 1811; x_wconf 83' lang='lat' dir='ltr'>peccatum</span> <span class='ocrx_word' id='word_1_112' title='bbox 625 1735 811 1800; x_wconf 88' lang='lat' dir='ltr'>constituunt,</span> <span class='ocrx_word' id='word_1_113' title='bbox 829 1735 897 1791; x_wconf 90' lang='lat' dir='ltr'>licet</span> <span class='ocrx_word' id='word_1_114' title='bbox 915 1734 1000 1792; x_wconf 88' lang='lat' dir='ltr'>breve</span> <span class='ocrx_word' id='word_1_115' title='bbox 1013 1737 1192 1794; x_wconf 79' lang='lat' dir='ltr'>intervallum</span> <span class='ocrx_word' id='word_1_116' title='bbox 1205 1739 1247 1796; x_wconf 91' lang='lat' dir='ltr'>in·</span> 
     </span>
     <span class='ocr_line' id='line_1_14' title="bbox 150 1831 1248 1910; baseline 0.003 -20"><span class='ocrx_word' id='word_1_117' title='bbox 150 1833 295 1902; x_wconf 86' lang='lat' dir='ltr'>teroedat;</span> <span class='ocrx_word' id='word_1_118' title='bbox 316 1835 393 1892; x_wconf 86' lang='lat' dir='ltr'>sicut</span> <span class='ocrx_word' id='word_1_119' title='bbox 400 1834 539 1910; x_wconf 79' lang='lat' dir='ltr'>contingit</span> <span class='ocrx_word' id='word_1_120' title='bbox 550 1833 661 1892; x_wconf 91' lang='lat' dir='ltr'>homini</span> <span class='ocrx_word' id='word_1_121' title='bbox 673 1832 790 1890; x_wconf 88' lang='lat' dir='ltr'>libidine</span> <span class='ocrx_word' id='word_1_122' title='bbox 803 1831 933 1909; x_wconf 75' lang='lat' dir='ltr'>flagranti</span> <span class='ocrx_word' id='word_1_123' title='bbox 942 1834 1003 1890; x_wconf 85' lang='lat' dir='ltr'>visa</span> <span class='ocrx_word' id='word_1_124' title='bbox 1011 1833 1116 1910; x_wconf 88' lang='lat' dir='ltr'>puella,</span> <span class='ocrx_word' id='word_1_125' title='bbox 1126 1835 1172 1892; x_wconf 82' lang='lat' dir='ltr'>vel</span> <span class='ocrx_word' id='word_1_126' title='bbox 1182 1835 1248 1894; x_wconf 90' lang='lat' dir='ltr'>odio</span> 
     </span>
     <span class='ocr_line' id='line_1_15' title="bbox 151 1933 508 2010; baseline 0 -20"><span class='ocrx_word' id='word_1_127' title='bbox 151 1934 191 1992; x_wconf 90' lang='lat' dir='ltr'>ob</span> <span class='ocrx_word' id='word_1_128' title='bbox 203 1943 351 2009; x_wconf 87' lang='lat' dir='ltr'>acceptam</span> <span class='ocrx_word' id='word_1_129' title='bbox 364 1933 508 2010; x_wconf 85' lang='lat' dir='ltr'>injuriam.</span> 
     </span>
    </p>

    <p class='ocr_par' dir='ltr' id='par_1_3' title="bbox 148 2031 1248 2803">
     <span class='ocr_line' id='line_1_16' title="bbox 197 2031 1244 2110; baseline 0.002 -21"><span class='ocrx_word' id='word_1_130' title='bbox 197 2036 245 2090; x_wconf 83' lang='lat'>13.</span> <span class='ocrx_word' id='word_1_131' title='bbox 261 2031 378 2098; x_wconf 80' lang='lat' dir='ltr'>Quoties</span> <span class='ocrx_word' id='word_1_132' title='bbox 389 2051 452 2105; x_wconf 84' lang='lat' dir='ltr'>quae</span> <span class='ocrx_word' id='word_1_133' title='bbox 466 2033 584 2092; x_wconf 87' lang='lat' dir='ltr'>interius</span> <span class='ocrx_word' id='word_1_134' title='bbox 594 2031 792 2107; x_wconf 89' lang='lat' dir='ltr'>concipiuntur</span> <span class='ocrx_word' id='word_1_135' title='bbox 801 2032 869 2091; x_wconf 89' lang='lat' dir='ltr'>foris</span> <span class='ocrx_word' id='word_1_136' title='bbox 879 2031 1021 2108; x_wconf 89' lang='lat' dir='ltr'>prodeunt</span> <span class='ocrx_word' id='word_1_137' title='bbox 1029 2050 1079 2091; x_wconf 89' lang='lat' dir='ltr'>ore</span> <span class='ocrx_word' id='word_1_138' title='bbox 1091 2032 1138 2090; x_wconf 81' lang='lat' dir='ltr'>vel</span> <span class='ocrx_word' id='word_1_139' title='bbox 1147 2051 1244 2110; x_wconf 87' lang='lat' dir='ltr'>opere,</span> 
     </span>
     <span class='ocr_line' id='line_1_17' title="bbox 151 2113 1248 2209; baseline 0.003 -21"><span class='ocrx_word' id='word_1_140' title='bbox 151 2141 272 2207; x_wconf 86' lang='lat' dir='ltr'>peccata</span> <span class='ocrx_word' id='word_1_141' title='bbox 284 2113 505 2207; x_wconf 84' lang='lat' dir='ltr'>multiplicantur</span> <span class='ocrx_word' id='word_1_142' title='bbox 518 2131 618 2189; x_wconf 88' lang='lat' dir='ltr'>morali</span> <span class='ocrx_word' id='word_1_143' title='bbox 632 2149 812 2204; x_wconf 88' lang='lat' dir='ltr'>quacumque</span> <span class='ocrx_word' id='word_1_144' title='bbox 825 2141 939 2190; x_wconf 77' lang='lat' dir='ltr'>acutum</span> <span class='ocrx_word' id='word_1_145' title='bbox 951 2131 1172 2209; x_wconf 83' lang='lat' dir='ltr'>intermptione:</span> <span class='ocrx_word' id='word_1_146' title='bbox 1194 2135 1248 2191; x_wconf 88' lang='lat' dir='ltr'>sci-</span> 
     </span>
     <span class='ocr_line' id='line_1_18' title="bbox 150 2229 1247 2302; baseline 0.002 -14"><span class='ocrx_word' id='word_1_147' title='bbox 150 2230 219 2290; x_wconf 91' lang='lat' dir='ltr'>licet</span> <span class='ocrx_word' id='word_1_148' title='bbox 232 2232 257 2288; x_wconf 93' lang='lat' dir='ltr'>si</span> <span class='ocrx_word' id='word_1_149' title='bbox 271 2230 400 2288; x_wconf 85' lang='lat' dir='ltr'>voluntas</span> <span class='ocrx_word' id='word_1_150' title='bbox 413 2238 587 2298; x_wconf 80' lang='lat' dir='ltr'>retractetur,</span> <span class='ocrx_word' id='word_1_151' title='bbox 609 2229 655 2286; x_wconf 82' lang='lat' dir='ltr'>vel</span> <span class='ocrx_word' id='word_1_152' title='bbox 675 2231 700 2286; x_wconf 88' lang='lat' dir='ltr'>si</span> <span class='ocrx_word' id='word_1_153' title='bbox 714 2231 779 2302; x_wconf 90' lang='lat' dir='ltr'>quis</span> <span class='ocrx_word' id='word_1_154' title='bbox 800 2229 955 2288; x_wconf 87' lang='lat' dir='ltr'>voluntarie</span> <span class='ocrx_word' id='word_1_155' title='bbox 969 2239 998 2288; x_wconf 89' lang='lat' dir='ltr'>et</span> <span class='ocrx_word' id='word_1_156' title='bbox 1015 2231 1104 2290; x_wconf 88' lang='lat' dir='ltr'>libere</span> <span class='ocrx_word' id='word_1_157' title='bbox 1118 2243 1211 2290; x_wconf 84' lang='lat' dir='ltr'>cesset</span> <span class='ocrx_word' id='word_1_158' title='bbox 1230 2251 1247 2290; x_wconf 88' lang='lat' dir='ltr'>a</span> 
     </span>
     <span class='ocr_line' id='line_1_19' title="bbox 151 2328 1246 2406; baseline 0 -18"><span class='ocrx_word' id='word_1_159' title='bbox 151 2329 299 2406; x_wconf 85' lang='lat' dir='ltr'>proposito</span> <span class='ocrx_word' id='word_1_160' title='bbox 313 2348 411 2406; x_wconf 86' lang='lat' dir='ltr'>pravo.</span> <span class='ocrx_word' id='word_1_161' title='bbox 433 2329 483 2386; x_wconf 83' lang='lat' dir='ltr'>Sic</span> <span class='ocrx_word' id='word_1_162' title='bbox 496 2329 522 2386; x_wconf 89' lang='lat' dir='ltr'>si</span> <span class='ocrx_word' id='word_1_163' title='bbox 535 2329 600 2402; x_wconf 89' lang='lat' dir='ltr'>quis</span> <span class='ocrx_word' id='word_1_164' title='bbox 610 2328 747 2405; x_wconf 89' lang='lat' dir='ltr'>vituperia</span> <span class='ocrx_word' id='word_1_165' title='bbox 759 2329 919 2396; x_wconf 81' lang='lat' dir='ltr'>effundens,</span> <span class='ocrx_word' id='word_1_166' title='bbox 933 2347 965 2386; x_wconf 85' lang='lat' dir='ltr'>se</span> <span class='ocrx_word' id='word_1_167' title='bbox 978 2328 1092 2388; x_wconf 88' lang='lat' dir='ltr'>tandem</span> <span class='ocrx_word' id='word_1_168' title='bbox 1105 2330 1246 2398; x_wconf 86' lang='lat' dir='ltr'>cohibeat,</span> 
     </span>
     <span class='ocr_line' id='line_1_20' title="bbox 151 2427 1248 2504; baseline 0.003 -19"><span class='ocrx_word' id='word_1_169' title='bbox 151 2428 266 2503; x_wconf 86' lang='lat' dir='ltr'>alioque</span> <span class='ocrx_word' id='word_1_170' title='bbox 279 2427 402 2496; x_wconf 68' lang='lat' dir='ltr'>recedat</span> <span class='ocrx_word' id='word_1_171' title='bbox 416 2427 467 2485; x_wconf 89' lang='lat' dir='ltr'>sed</span> <span class='ocrx_word' id='word_1_172' title='bbox 478 2435 577 2504; x_wconf 85' lang='lat' dir='ltr'>postea</span> <span class='ocrx_word' id='word_1_173' title='bbox 590 2428 630 2484; x_wconf 89' lang='lat' dir='ltr'>ira</span> <span class='ocrx_word' id='word_1_174' title='bbox 642 2428 744 2488; x_wconf 88' lang='lat' dir='ltr'>iterum</span> <span class='ocrx_word' id='word_1_175' title='bbox 758 2429 980 2498; x_wconf 81' lang='lat' dir='ltr'>excandescens,</span> <span class='ocrx_word' id='word_1_176' title='bbox 994 2427 1100 2498; x_wconf 86' lang='lat' dir='ltr'>redeat,</span> <span class='ocrx_word' id='word_1_177' title='bbox 1114 2447 1188 2490; x_wconf 86' lang='lat' dir='ltr'>nova</span> <span class='ocrx_word' id='word_1_178' title='bbox 1201 2430 1248 2488; x_wconf 90' lang='lat' dir='ltr'>ad·</span> 
     </span>
     <span class='ocr_line' id='line_1_21' title="bbox 150 2526 1245 2605; baseline 0.002 -21"><span class='ocrx_word' id='word_1_179' title='bbox 150 2526 271 2596; x_wconf 90' lang='lat' dir='ltr'>diturus,</span> <span class='ocrx_word' id='word_1_180' title='bbox 286 2528 389 2585; x_wconf 87' lang='lat' dir='ltr'>iterum</span> <span class='ocrx_word' id='word_1_181' title='bbox 402 2545 520 2603; x_wconf 86' lang='lat' dir='ltr'>peccare</span> <span class='ocrx_word' id='word_1_182' title='bbox 533 2526 718 2586; x_wconf 85' lang='lat' dir='ltr'>convincitur.</span> <span class='ocrx_word' id='word_1_183' title='bbox 753 2529 803 2584; x_wconf 84' lang='lat' dir='ltr'>Sic</span> <span class='ocrx_word' id='word_1_184' title='bbox 815 2535 844 2584; x_wconf 89' lang='lat' dir='ltr'>et</span> <span class='ocrx_word' id='word_1_185' title='bbox 859 2529 985 2587; x_wconf 84' lang='lat' dir='ltr'>rixantes</span> <span class='ocrx_word' id='word_1_186' title='bbox 999 2528 1151 2600; x_wconf 80' lang='lat' dir='ltr'>aliquando</span> <span class='ocrx_word' id='word_1_187' title='bbox 1164 2547 1245 2605; x_wconf 85' lang='lat' dir='ltr'>sepa·</span> 
     </span>
     <span class='ocr_line' id='line_1_22' title="bbox 150 2625 1246 2702; baseline 0 -18"><span class='ocrx_word' id='word_1_188' title='bbox 150 2636 249 2686; x_wconf 84' lang='lat' dir='ltr'>rentur</span> <span class='ocrx_word' id='word_1_189' title='bbox 263 2627 420 2685; x_wconf 85' lang='lat' dir='ltr'>amicorum</span> <span class='ocrx_word' id='word_1_190' title='bbox 439 2627 610 2694; x_wconf 87' lang='lat' dir='ltr'>interventu,</span> <span class='ocrx_word' id='word_1_191' title='bbox 632 2635 661 2684; x_wconf 88' lang='lat' dir='ltr'>et</span> <span class='ocrx_word' id='word_1_192' title='bbox 673 2625 809 2702; x_wconf 89' lang='lat' dir='ltr'>deinceps</span> <span class='ocrx_word' id='word_1_193' title='bbox 822 2627 934 2684; x_wconf 86' lang='lat' dir='ltr'>obviarn</span> <span class='ocrx_word' id='word_1_194' title='bbox 954 2625 1008 2684; x_wconf 88' lang='lat' dir='ltr'>sibi</span> <span class='ocrx_word' id='word_1_195' title='bbox 1030 2627 1096 2684; x_wconf 88' lang='lat' dir='ltr'>facti</span> <span class='ocrx_word' id='word_1_196' title='bbox 1109 2637 1246 2685; x_wconf 85' lang='lat' dir='ltr'>renovant</span> 
     </span>
     <span class='ocr_line' id='line_1_23' title="bbox 148 2724 772 2803; baseline -0.005 -19"><span class='ocrx_word' id='word_1_197' title='bbox 148 2743 293 2803; x_wconf 81' lang='lat' dir='ltr'>pugnam,</span> <span class='ocrx_word' id='word_1_198' title='bbox 304 2742 411 2784; x_wconf 85' lang='lat' dir='ltr'>norum</span> <span class='ocrx_word' id='word_1_199' title='bbox 424 2724 600 2783; x_wconf 85' lang='lat' dir='ltr'>admittentes</span> <span class='ocrx_word' id='word_1_200' title='bbox 614 2733 772 2800; x_wconf 89' lang='lat' dir='ltr'>peccatum.</span> 
     </span>
    </p>

    <p class='ocr_par' dir='ltr' id='par_1_4' title="bbox 146 2821 1318 3794">
     <span class='ocr_line' id='line_1_24' title="bbox 194 2821 1247 2900; baseline -0.002 -18"><span class='ocrx_word' id='word_1_201' title='bbox 194 2828 245 2885; x_wconf 79' lang='lat'>14.</span> <span class='ocrx_word' id='word_1_202' title='bbox 268 2823 407 2889; x_wconf 77' lang='lat' dir='ltr'>Querunt</span> <span class='ocrx_word' id='word_1_203' title='bbox 420 2823 543 2900; x_wconf 87' lang='lat' dir='ltr'>theologi</span> <span class='ocrx_word' id='word_1_204' title='bbox 555 2833 650 2882; x_wconf 87' lang='lat' dir='ltr'>utrum</span> <span class='ocrx_word' id='word_1_205' title='bbox 670 2823 779 2882; x_wconf 85' lang='lat' dir='ltr'>malurn</span> <span class='ocrx_word' id='word_1_206' title='bbox 799 2822 952 2880; x_wconf 89' lang='lat' dir='ltr'>voluntatis</span> <span class='ocrx_word' id='word_1_207' title='bbox 972 2821 1150 2897; x_wconf 87' lang='lat' dir='ltr'>propositum</span> <span class='ocrx_word' id='word_1_208' title='bbox 1163 2824 1247 2880; x_wconf 88' lang='lat' dir='ltr'>inter-</span> 
     </span>
     <span class='ocr_line' id='line_1_25' title="bbox 148 2919 1244 3000; baseline -0.002 -18"><span class='ocrx_word' id='word_1_209' title='bbox 148 2932 269 3000; x_wconf 86' lang='lat' dir='ltr'>ruptum</span> <span class='ocrx_word' id='word_1_210' title='bbox 282 2921 457 2982; x_wconf 86' lang='lat' dir='ltr'>censendum</span> <span class='ocrx_word' id='word_1_211' title='bbox 470 2924 518 2992; x_wconf 90' lang='lat' dir='ltr'>sit,</span> <span class='ocrx_word' id='word_1_212' title='bbox 531 2932 626 2981; x_wconf 89' lang='lat' dir='ltr'>mente</span> <span class='ocrx_word' id='word_1_213' title='bbox 640 2921 675 2981; x_wconf 86' lang='lat' dir='ltr'>ad</span> <span class='ocrx_word' id='word_1_214' title='bbox 688 2923 744 2980; x_wconf 90' lang='lat' dir='ltr'>alia</span> <span class='ocrx_word' id='word_1_215' title='bbox 756 2921 791 2980; x_wconf 93' lang='lat' dir='ltr'>ad</span> <span class='ocrx_word' id='word_1_216' title='bbox 804 2931 916 2998; x_wconf 86' lang='lat' dir='ltr'>tempus</span> <span class='ocrx_word' id='word_1_217' title='bbox 929 2919 1090 2980; x_wconf 81' lang='lat' dir='ltr'>necessarii</span> <span class='ocrx_word' id='word_1_218' title='bbox 1103 2920 1244 2992; x_wconf 62' lang='lat' dir='ltr'>disuacm</span> 
     </span>
     <span class='ocr_line' id='line_1_26' title="bbox 149 3021 1245 3098; baseline 0.002 -18"><span class='ocrx_word' id='word_1_219' title='bbox 149 3025 196 3080; x_wconf 85' lang='lat' dir='ltr'>vel</span> <span class='ocrx_word' id='word_1_220' title='bbox 214 3041 334 3098; x_wconf 88' lang='lat' dir='ltr'>corpore</span> <span class='ocrx_word' id='word_1_221' title='bbox 348 3038 450 3080; x_wconf 84' lang='lat' dir='ltr'>somno</span> <span class='ocrx_word' id='word_1_222' title='bbox 463 3039 575 3098; x_wconf 67' lang='lat' dir='ltr'>pressm</span> <span class='ocrx_word' id='word_1_223' title='bbox 590 3023 659 3095; x_wconf 92' lang='lat' dir='ltr'>quin</span> <span class='ocrx_word' id='word_1_224' title='bbox 672 3023 759 3081; x_wconf 89' lang='lat' dir='ltr'>animi</span> <span class='ocrx_word' id='word_1_225' title='bbox 772 3022 922 3086; x_wconf 87' lang='lat' dir='ltr'>consilium</span> <span class='ocrx_word' id='word_1_226' title='bbox 936 3029 1069 3081; x_wconf 84' lang='lat' dir='ltr'>mutetur.</span> <span class='ocrx_word' id='word_1_227' title='bbox 1111 3021 1245 3096; x_wconf 90' lang='lat' dir='ltr'>Plerique</span> 
     </span>
     <span class='ocr_line' id='line_1_27' title="bbox 150 3103 1318 3199; baseline 0.002 -21"><span class='ocrx_word' id='word_1_228' title='bbox 150 3131 283 3180; x_wconf 88' lang='lat' dir='ltr'>asserunt</span> <span class='ocrx_word' id='word_1_229' title='bbox 295 3141 354 3181; x_wconf 86' lang='lat' dir='ltr'>nou</span> <span class='ocrx_word' id='word_1_230' title='bbox 374 3123 558 3197; x_wconf 85' lang='lat' dir='ltr'>interrumpi:</span> <span class='ocrx_word' id='word_1_231' title='bbox 580 3121 630 3178; x_wconf 84' lang='lat' dir='ltr'>sed</span> <span class='ocrx_word' id='word_1_232' title='bbox 651 3121 766 3181; x_wconf 87' lang='lat' dir='ltr'>difficile</span> <span class='ocrx_word' id='word_1_233' title='bbox 786 3123 965 3188; x_wconf 82' lang='lat' dir='ltr'>continuatur</span> <span class='ocrx_word' id='word_1_234' title='bbox 985 3121 1152 3199; x_wconf 87' lang='lat' dir='ltr'>perplures</span> <span class='ocrx_word' id='word_1_235' title='bbox 1171 3123 1243 3182; x_wconf 91' lang='lat' dir='ltr'>dies.</span> <span class='ocrx_word' id='word_1_236' title='bbox 1315 3103 1318 3112; x_wconf 24' lang='grc' dir='ltr'><strong>Δ</strong></span> 
     </span>
     <span class='ocr_line' id='line_1_28' title="bbox 151 3219 1245 3298; baseline -0.001 -18"><span class='ocrx_word' id='word_1_237' title='bbox 151 3221 211 3288; x_wconf 87' lang='lat' dir='ltr'>Qui</span> <span class='ocrx_word' id='word_1_238' title='bbox 225 3220 393 3281; x_wconf 87' lang='lat' dir='ltr'>adulterium</span> <span class='ocrx_word' id='word_1_239' title='bbox 407 3221 463 3279; x_wconf 87' lang='lat' dir='ltr'>sibi</span> <span class='ocrx_word' id='word_1_240' title='bbox 475 3222 632 3298; x_wconf 82' lang='lat' dir='ltr'>proposuit·</span> <span class='ocrx_word' id='word_1_241' title='bbox 645 3221 822 3298; x_wconf 87' lang='lat' dir='ltr'>patrandum,</span> <span class='ocrx_word' id='word_1_242' title='bbox 837 3229 865 3276; x_wconf 88' lang='lat' dir='ltr'>et</span> <span class='ocrx_word' id='word_1_243' title='bbox 877 3227 950 3276; x_wconf 88' lang='lat' dir='ltr'>artes</span> <span class='ocrx_word' id='word_1_244' title='bbox 974 3219 1136 3294; x_wconf 89' lang='lat' dir='ltr'>decipiendi</span> <span class='ocrx_word' id='word_1_245' title='bbox 1150 3223 1245 3280; x_wconf 88' lang='lat' dir='ltr'>animo</span> 
     </span>
     <span class='ocr_line' id='line_1_29' title="bbox 149 3317 1286 3396; baseline -0.004 -20"><span class='ocrx_word' id='word_1_246' title='bbox 149 3330 246 3387; x_wconf 72' lang='lat' dir='ltr'>versat</span> <span class='ocrx_word' id='word_1_247' title='bbox 259 3339 310 3396; x_wconf 89' lang='lat' dir='ltr'>per</span> <span class='ocrx_word' id='word_1_248' title='bbox 323 3319 384 3381; x_wconf 87' lang='lat' dir='ltr'>dies</span> <span class='ocrx_word' id='word_1_249' title='bbox 398 3320 548 3396; x_wconf 86' lang='lat' dir='ltr'>plurimos,</span> <span class='ocrx_word' id='word_1_250' title='bbox 570 3320 682 3381; x_wconf 87' lang='lat' dir='ltr'>interim</span> <span class='ocrx_word' id='word_1_251' title='bbox 703 3319 871 3378; x_wconf 86' lang='lat' dir='ltr'>necessariis</span> <span class='ocrx_word' id='word_1_252' title='bbox 890 3318 1010 3394; x_wconf 83' lang='lat' dir='ltr'>negotiis</span> <span class='ocrx_word' id='word_1_253' title='bbox 1024 3335 1138 3385; x_wconf 88' lang='lat' dir='ltr'>vacans,</span> <span class='ocrx_word' id='word_1_254' title='bbox 1153 3317 1244 3379; x_wconf 90' lang='lat' dir='ltr'>donec</span> <span class='ocrx_word' id='word_1_255' title='bbox 1284 3367 1286 3372; x_wconf 16' lang='grc' dir='ltr'><em>Α</em></span> 
     </span>
     <span class='ocr_line' id='line_1_30' title="bbox 149 3415 1245 3498; baseline -0.004 -20"><span class='ocrx_word' id='word_1_256' title='bbox 149 3417 180 3478; x_wconf 89' lang='lat' dir='ltr'>id</span> <span class='ocrx_word' id='word_1_257' title='bbox 193 3419 362 3496; x_wconf 87' lang='lat' dir='ltr'>perficiendi</span> <span class='ocrx_word' id='word_1_258' title='bbox 372 3430 533 3498; x_wconf 88' lang='lat' dir='ltr'>opportuna</span> <span class='ocrx_word' id='word_1_259' title='bbox 545 3417 609 3478; x_wconf 89' lang='lat' dir='ltr'>data</span> <span class='ocrx_word' id='word_1_260' title='bbox 629 3421 667 3478; x_wconf 84' lang='lat' dir='ltr'>sit</span> <span class='ocrx_word' id='word_1_261' title='bbox 682 3420 804 3485; x_wconf 87' lang='lat' dir='ltr'>occasio,</span> <span class='ocrx_word' id='word_1_262' title='bbox 825 3433 916 3482; x_wconf 86' lang='lat' dir='ltr'>unum</span> <span class='ocrx_word' id='word_1_263' title='bbox 929 3415 1019 3476; x_wconf 82' lang='lat' dir='ltr'>rideri</span> <span class='ocrx_word' id='word_1_264' title='bbox 1036 3426 1135 3491; x_wconf 86' lang='lat' dir='ltr'>posset</span> <span class='ocrx_word' id='word_1_265' title='bbox 1147 3415 1245 3478; x_wconf 87' lang='lat' dir='ltr'>admit-</span> 
     </span>
     <span class='ocr_line' id='line_1_31' title="bbox 149 3514 1242 3594; baseline -0.005 -16"><span class='ocrx_word' id='word_1_266' title='bbox 149 3528 212 3578; x_wconf 84' lang='lat' dir='ltr'>tere</span> <span class='ocrx_word' id='word_1_267' title='bbox 231 3529 390 3594; x_wconf 88' lang='lat' dir='ltr'>peccatum,</span> <span class='ocrx_word' id='word_1_268' title='bbox 411 3521 440 3578; x_wconf 91' lang='lat' dir='ltr'>in</span> <span class='ocrx_word' id='word_1_269' title='bbox 464 3518 541 3592; x_wconf 91' lang='lat' dir='ltr'>quod</span> <span class='ocrx_word' id='word_1_270' title='bbox 561 3528 636 3576; x_wconf 87' lang='lat' dir='ltr'>totus</span> <span class='ocrx_word' id='word_1_271' title='bbox 656 3517 794 3577; x_wconf 90' lang='lat' dir='ltr'>intendit:</span> <span class='ocrx_word' id='word_1_272' title='bbox 815 3515 867 3574; x_wconf 87' lang='lat' dir='ltr'>sed</span> <span class='ocrx_word' id='word_1_273' title='bbox 887 3516 924 3573; x_wconf 83' lang='lat' dir='ltr'>ob</span> <span class='ocrx_word' id='word_1_274' title='bbox 944 3523 984 3572; x_wconf 90' lang='lat' dir='ltr'>tot</span> <span class='ocrx_word' id='word_1_275' title='bbox 1003 3515 1107 3572; x_wconf 83' lang='lat' dir='ltr'>mentis</span> <span class='ocrx_word' id='word_1_276' title='bbox 1126 3514 1242 3574; x_wconf 84' lang='lat' dir='ltr'>distrac-</span> 
     </span>
     <span class='ocr_line' id='line_1_32' title="bbox 146 3615 1244 3695; baseline 0 -22"><span class='ocrx_word' id='word_1_277' title='bbox 146 3617 246 3675; x_wconf 88' lang='lat' dir='ltr'>tiones</span> <span class='ocrx_word' id='word_1_278' title='bbox 257 3618 436 3695; x_wconf 85' lang='lat' dir='ltr'>interpositos</span> <span class='ocrx_word' id='word_1_279' title='bbox 451 3617 561 3678; x_wconf 86' lang='lat' dir='ltr'>videtur</span> <span class='ocrx_word' id='word_1_280' title='bbox 580 3619 687 3695; x_wconf 89' lang='lat' dir='ltr'>pluries</span> <span class='ocrx_word' id='word_1_281' title='bbox 706 3634 834 3694; x_wconf 87' lang='lat' dir='ltr'>peccare,</span> <span class='ocrx_word' id='word_1_282' title='bbox 849 3633 937 3689; x_wconf 91' lang='lat' dir='ltr'>quum</span> <span class='ocrx_word' id='word_1_283' title='bbox 951 3615 1033 3674; x_wconf 86' lang='lat' dir='ltr'>toties</span> <span class='ocrx_word' id='word_1_284' title='bbox 1046 3623 1165 3674; x_wconf 85' lang='lat' dir='ltr'>renovet</span> <span class='ocrx_word' id='word_1_285' title='bbox 1182 3633 1244 3693; x_wconf 83' lang='lat' dir='ltr'>pre·</span> 
     </span>
     <span class='ocr_line' id='line_1_33' title="bbox 149 3718 423 3794; baseline 0.015 -21"><span class='ocrx_word' id='word_1_286' title='bbox 149 3729 220 3775; x_wconf 88' lang='lat' dir='ltr'>vum</span> <span class='ocrx_word' id='word_1_287' title='bbox 234 3718 423 3794; x_wconf 77' lang='lat' dir='ltr'>propositum</span> 
     </span>
    </p>

    <p class='ocr_par' dir='ltr' id='par_1_5' title="bbox 145 3815 1244 4504">
     <span class='ocr_line' id='line_1_34' title="bbox 193 3815 1243 3894; baseline 0 -22"><span class='ocrx_word' id='word_1_288' title='bbox 193 3819 241 3872; x_wconf 87' lang='lat'>15.</span> <span class='ocrx_word' id='word_1_289' title='bbox 264 3817 385 3884; x_wconf 83' lang='lat' dir='ltr'>Quoties</span> <span class='ocrx_word' id='word_1_290' title='bbox 402 3818 511 3876; x_wconf 73' lang='lat' dir='ltr'>inentis</span> <span class='ocrx_word' id='word_1_291' title='bbox 525 3817 677 3876; x_wconf 89' lang='lat' dir='ltr'>consilium</span> <span class='ocrx_word' id='word_1_292' title='bbox 691 3818 798 3876; x_wconf 83' lang='lat' dir='ltr'>actibus</span> <span class='ocrx_word' id='word_1_293' title='bbox 812 3815 916 3894; x_wconf 90' lang='lat' dir='ltr'>prodiit</span> <span class='ocrx_word' id='word_1_294' title='bbox 928 3817 977 3890; x_wconf 92' lang='lat' dir='ltr'>qui</span> <span class='ocrx_word' id='word_1_295' title='bbox 990 3817 1064 3876; x_wconf 88' lang='lat' dir='ltr'>inter</span> <span class='ocrx_word' id='word_1_296' title='bbox 1076 3833 1107 3873; x_wconf 87' lang='lat' dir='ltr'>se</span> <span class='ocrx_word' id='word_1_297' title='bbox 1120 3831 1243 3873; x_wconf 87' lang='lat' dir='ltr'>connec·</span> 
     </span>
     <span class='ocr_line' id='line_1_35' title="bbox 148 3914 1242 3994; baseline -0.004 -20"><span class='ocrx_word' id='word_1_298' title='bbox 148 3923 257 3983; x_wconf 90' lang='lat' dir='ltr'>tuntur,</span> <span class='ocrx_word' id='word_1_299' title='bbox 270 3917 322 3975; x_wconf 84' lang='lat' dir='ltr'>fini</span> <span class='ocrx_word' id='word_1_300' title='bbox 337 3915 430 3974; x_wconf 89' lang='lat' dir='ltr'>eidem</span> <span class='ocrx_word' id='word_1_301' title='bbox 446 3918 643 3984; x_wconf 84' lang='lat' dir='ltr'>inservientes,</span> <span class='ocrx_word' id='word_1_302' title='bbox 656 3915 691 3974; x_wconf 92' lang='lat' dir='ltr'>ad</span> <span class='ocrx_word' id='word_1_303' title='bbox 704 3917 781 3976; x_wconf 89' lang='lat' dir='ltr'>idem</span> <span class='ocrx_word' id='word_1_304' title='bbox 800 3925 948 3994; x_wconf 79' lang='lat' dir='ltr'>peccatum</span> <span class='ocrx_word' id='word_1_305' title='bbox 961 3933 1062 3973; x_wconf 86' lang='lat' dir='ltr'>omnes</span> <span class='ocrx_word' id='word_1_306' title='bbox 1074 3914 1242 3972; x_wconf 89' lang='lat' dir='ltr'>referuntur.</span> 
     </span>
     <span class='ocr_line' id='line_1_36' title="bbox 149 4013 1244 4090; baseline -0.002 -16"><span class='ocrx_word' id='word_1_307' title='bbox 149 4013 233 4074; x_wconf 88' lang='lat' dir='ltr'>Hinc</span> <span class='ocrx_word' id='word_1_308' title='bbox 248 4017 298 4087; x_wconf 89' lang='lat' dir='ltr'>qui</span> <span class='ocrx_word' id='word_1_309' title='bbox 311 4015 407 4074; x_wconf 89' lang='lat' dir='ltr'>animo</span> <span class='ocrx_word' id='word_1_310' title='bbox 429 4017 579 4076; x_wconf 88' lang='lat' dir='ltr'>inimicum</span> <span class='ocrx_word' id='word_1_311' title='bbox 599 4016 786 4074; x_wconf 84' lang='lat' dir='ltr'>interficiendi</span> <span class='ocrx_word' id='word_1_312' title='bbox 808 4016 863 4074; x_wconf 87' lang='lat' dir='ltr'>tela</span> <span class='ocrx_word' id='word_1_313' title='bbox 882 4013 961 4080; x_wconf 90' lang='lat' dir='ltr'>emit,</span> <span class='ocrx_word' id='word_1_314' title='bbox 982 4021 1129 4090; x_wconf 89' lang='lat' dir='ltr'>paratque,</span> <span class='ocrx_word' id='word_1_315' title='bbox 1149 4021 1178 4070; x_wconf 89' lang='lat' dir='ltr'>et</span> <span class='ocrx_word' id='word_1_316' title='bbox 1190 4015 1244 4072; x_wconf 89' lang='lat' dir='ltr'>iter</span> 
     </span>
     <span class='ocr_line' id='line_1_37' title="bbox 147 4112 1242 4191; baseline 0.002 -19"><span class='ocrx_word' id='word_1_317' title='bbox 147 4114 261 4191; x_wconf 89' lang='lat' dir='ltr'>arripit,</span> <span class='ocrx_word' id='word_1_318' title='bbox 275 4114 394 4174; x_wconf 87' lang='lat' dir='ltr'>insidias</span> <span class='ocrx_word' id='word_1_319' title='bbox 413 4117 441 4173; x_wconf 90' lang='lat' dir='ltr'>ci</span> <span class='ocrx_word' id='word_1_320' title='bbox 453 4117 649 4184; x_wconf 82' lang='lat' dir='ltr'>instructurus,</span> <span class='ocrx_word' id='word_1_321' title='bbox 669 4115 824 4174; x_wconf 89' lang='lat' dir='ltr'>homicidio</span> <span class='ocrx_word' id='word_1_322' title='bbox 843 4123 910 4190; x_wconf 86' lang='lat' dir='ltr'>post</span> <span class='ocrx_word' id='word_1_323' title='bbox 921 4112 982 4170; x_wconf 87' lang='lat' dir='ltr'>dies</span> <span class='ocrx_word' id='word_1_324' title='bbox 996 4113 1103 4186; x_wconf 87' lang='lat' dir='ltr'>aliquot</span> <span class='ocrx_word' id='word_1_325' title='bbox 1123 4121 1242 4190; x_wconf 86' lang='lat' dir='ltr'>patrato,</span> 
     </span>
     <span class='ocr_line' id='line_1_38' title="bbox 145 4213 1243 4290; baseline 0.001 -18"><span class='ocrx_word' id='word_1_326' title='bbox 145 4214 235 4272; x_wconf 91' lang='lat' dir='ltr'>unius</span> <span class='ocrx_word' id='word_1_327' title='bbox 249 4216 358 4290; x_wconf 91' lang='lat' dir='ltr'>peccati</span> <span class='ocrx_word' id='word_1_328' title='bbox 371 4231 437 4274; x_wconf 91' lang='lat' dir='ltr'>reus</span> <span class='ocrx_word' id='word_1_329' title='bbox 449 4215 577 4276; x_wconf 74' lang='lat' dir='ltr'>habetur.</span> <span class='ocrx_word' id='word_1_330' title='bbox 619 4215 677 4281; x_wconf 82' lang='lat' dir='ltr'>Qui</span> <span class='ocrx_word' id='word_1_331' title='bbox 697 4230 758 4272; x_wconf 90' lang='lat' dir='ltr'>rem</span> <span class='ocrx_word' id='word_1_332' title='bbox 769 4215 871 4272; x_wconf 89' lang='lat' dir='ltr'>retinet</span> <span class='ocrx_word' id='word_1_333' title='bbox 889 4213 1020 4281; x_wconf 76' lang='lat' dir='ltr'>alienun,</span> <span class='ocrx_word' id='word_1_334' title='bbox 1040 4213 1119 4272; x_wconf 89' lang='lat' dir='ltr'>nullo</span> <span class='ocrx_word' id='word_1_335' title='bbox 1131 4216 1243 4276; x_wconf 88' lang='lat' dir='ltr'>restitu-</span> 
     </span>
     <span class='ocr_line' id='line_1_39' title="bbox 146 4313 1241 4391; baseline 0.002 -21"><span class='ocrx_word' id='word_1_336' title='bbox 146 4313 218 4371; x_wconf 90' lang='lat' dir='ltr'>endi</span> <span class='ocrx_word' id='word_1_337' title='bbox 242 4324 381 4391; x_wconf 86' lang='lat' dir='ltr'>concepto</span> <span class='ocrx_word' id='word_1_338' title='bbox 407 4315 537 4383; x_wconf 90' lang='lat' dir='ltr'>consilio,</span> <span class='ocrx_word' id='word_1_339' title='bbox 563 4334 623 4375; x_wconf 92' lang='lat' dir='ltr'>non</span> <span class='ocrx_word' id='word_1_340' title='bbox 648 4322 779 4371; x_wconf 86' lang='lat' dir='ltr'>censetur</span> <span class='ocrx_word' id='word_1_341' title='bbox 799 4332 879 4373; x_wconf 89' lang='lat' dir='ltr'>mora</span> <span class='ocrx_word' id='word_1_342' title='bbox 905 4313 1090 4391; x_wconf 89' lang='lat' dir='ltr'>multiplicare</span> <span class='ocrx_word' id='word_1_343' title='bbox 1116 4324 1241 4391; x_wconf 84' lang='lat' dir='ltr'>peccata,</span> 
     </span>
     <span class='ocr_line' id='line_1_40' title="bbox 145 4413 1240 4504; baseline -0.005 -32"><span class='ocrx_word' id='word_1_344' title='bbox 145 4431 238 4486; x_wconf 91' lang='lat' dir='ltr'>quum</span> <span class='ocrx_word' id='word_1_345' title='bbox 259 4431 392 4489; x_wconf 85' lang='lat' dir='ltr'>perversa</span> <span class='ocrx_word' id='word_1_346' title='bbox 411 4415 541 4504; x_wconf 82' lang='lat' dir='ltr'>voluntas</span> <span class='ocrx_word' id='word_1_347' title='bbox 560 4413 660 4474; x_wconf 88' lang='lat' dir='ltr'>eadem</span> <span class='ocrx_word' id='word_1_348' title='bbox 680 4423 801 4502; x_wconf 84' lang='lat' dir='ltr'>maneat,</span> <span class='ocrx_word' id='word_1_349' title='bbox 825 4424 853 4472; x_wconf 91' lang='lat' dir='ltr'>et</span> <span class='ocrx_word' id='word_1_350' title='bbox 871 4432 901 4471; x_wconf 88' lang='lat' dir='ltr'>rc</span> <span class='ocrx_word' id='word_1_351' title='bbox 918 4423 1026 4474; x_wconf 86' lang='lat' dir='ltr'>retenta</span> <span class='ocrx_word' id='word_1_352' title='bbox 1045 4415 1240 4474; x_wconf 88' lang='lat' dir='ltr'>continuetur:</span> 
     </span>
    </p>
   </div>
   <div class='ocr_carea' id='block_1_3' title="bbox 0 0 1528 5262">
    <p class='ocr_par' dir='ltr' id='par_1_6' title="bbox 0 0 1528 5262">
     <span class='ocr_line' id='line_1_41' title="bbox 0 0 1528 5262; baseline 0 1"><span class='ocrx_word' id='word_1_353' title='bbox 0 0 1528 5262; x_wconf 95' lang='lat' dir='ltr'> </span> 
     </span>
    </p>
   </div>
  </div>
 </body>
</html>
