3068 5256
285 484 343 540 lec
442 475 499 535 DE
521 474 774 536 POTESTATE
795 475 935 536 Lucus
955 475 1157 538 FERENDI.

283 646 361 706 nulla
380 652 543 716 temporum
556 641 689 699 varietate
710 639 862 708 mutanda;
883 649 912 698 et
930 659 1042 700 morum
1065 641 1201 717 explicuit
1223 645 1371 721 principia,

282 744 378 803 relicta
396 749 534 817 potestate
556 740 711 798 rectoribus
735 738 873 798 Ecclesiae
897 757 931 796 ea
953 739 1123 798 decernendi
1143 760 1207 814 que
1220 743 1293 800 locis
1307 753 1373 802 tem·

284 843 460 922 potibusque
474 837 637 896 viderentur
649 855 816 914 congruere.

321 947 351 999 2.
372 941 467 1016 Leges
481 937 679 994 ecclesiastica
693 947 759 995 sunt
771 943 911 1011 praecepta
923 937 1098 1004 communia,
1114 938 1203 1014 justa,
1219 958 1252 996 ac
1265 939 1373 997 stabilia

283 1041 416 1098 derebus
436 1035 472 1094 ad
486 1037 646 1094 animarum
660 1035 787 1112 regimen
801 1035 993 1102 attinentibus,
1007 1035 1182 1094 sufficienter
1194 1038 1371 1114 promulgata

284 1139 318 1196 ab
338 1137 478 1198 Ecclesia
503 1136 669 1193 rectoribus.
711 1132 856 1206 Equidem
881 1135 976 1192 omnis
1002 1135 1078 1210 legis
1097 1136 1230 1192 humanae
1253 1138 1332 1194 notio
1357 1156 1372 1194 a

283 1237 419 1296 Suaresio
432 1231 465 1293 in'
476 1251 511 1292 eo
524 1235 617 1309 posita
630 1239 674 1291 est
686 1231 764 1305 quod
773 1232 810 1288 sit
823 1238 842 1267 “
852 1250 1004 1291 commune
1017 1243 1202 1310 preceptum,
1209 1234 1331 1310 justum,
1342 1253 1372 1292 ac

283 1336 383 1394 stabile
395 1333 569 1393 sufficienter
576 1330 785 1409 promulgatum
797 1324 843 1386 :”¹
863 1349 926 1403 quae
935 1333 965 1389 in
973 1332 1037 1408 lege
1046 1332 1241 1390 ecclesiastica
1253 1336 1374 1392 emineat

285 1443 465 1492 necesseest.
506 1431 633 1508 Singulis
641 1430 774 1488 fidelibus
785 1447 867 1500 equa
876 1448 913 1487 ex
922 1449 1007 1488 causa
1016 1430 1086 1488 tradi
1096 1441 1216 1507 pessunt
1225 1442 1374 1509 praecepta,
1403 1453 1405 1458 ·
1510 1433 1511 1452 ³

283 1551 350 1592 narn
357 1543 469 1610 patrum
480 1531 566 1587 instar
572 1538 676 1606 regunt
683 1547 732 1586 eos
740 1526 886 1604 presules,
896 1528 946 1586 sed
953 1529 1003 1585 lex
1010 1531 1244 1588 communitatem
1253 1531 1372 1606 obligat;

282 1650 337 1690 nec
350 1641 445 1688 tamen
459 1645 577 1686 necesse
590 1636 674 1684 estut
688 1645 787 1685 omues
797 1626 902 1698 ubique
916 1628 985 1703 liget
997 1628 1106 1696 fideles,
1118 1647 1206 1700 quum
1220 1629 1371 1703 aliquando

283 1731 419 1806 respiciat
431 1737 521 1786 coetus
535 1726 684 1798 quosdam,
696 1725 744 1782 vel
757 1743 841 1782 casus
855 1726 1011 1802 singulares
1025 1729 1075 1800 qui
1084 1730 1260 1803 contingant.
1294 1729 1375 1786 iusta

284 1831 321 1888 sit
342 1829 391 1887 lex
404 1827 598 1886 ecclesiastica
610 1826 729 1883 omnino
743 1833 863 1901 oportet,
877 1825 955 1883 nulla
968 1827 1044 1883 enim
1063 1836 1107 1884 est
1118 1827 1166 1885 lex
1180 1828 1236 1885 nisi
1246 1829 1333 1904 justa,
1347 1838 1375 1884 et

284 1939 407 2006 potestas
429 1949 445 1986 a
467 1925 583 1984 Christo
606 1923 732 1982 Domino
756 1941 892 1981 concessa
916 1931 959 1980 est
979 1925 1146 2000 praesulibus
1165 1925 1195 1982 in
1216 1927 1371 1984 animarum

283 2029 448 2086 utilitatem:
471 2025 530 2081 “in
557 2022 782 2090 edificationem,
803 2031 833 2079 et
856 2040 914 2080 non
939 2023 969 2079 in
995 2017 1269 2083 destructionem..”²
1310 2026 1374 2083 Nisi

283 2125 382 2182 stabile
395 2125 431 2180 sit
444 2129 615 2198 preceptum
629 2138 686 2177 non
700 2122 752 2178 erit
764 2120 884 2178 dicenda
897 2121 961 2188 lex;
982 2140 1035 2180 nec
1049 2133 1144 2181 tamen
1157 2141 1275 2182 necesse
1289 2134 1373 2181 estut

284 2225 322 2282 sit
334 2231 502 2300 perpetuum
513 2238 520 2286 ;
541 2228 635 2296 potest
644 2219 720 2275 enim
730 2230 807 2278 certo
816 2219 927 2278 definiri
935 2223 1071 2298 temporis
1083 2221 1184 2290 limite,
1193 2223 1218 2278 si
1227 2223 1266 2279 ita
1278 2223 1370 2300 legem

283 2322 385 2380 serenti
398 2305 491 2377 visum
503 2319 597 2376 fuerit.
639 2315 733 2374 Debet
746 2320 887 2394 respicere
901 2336 946 2375 res
960 2320 1233 2392 quaeadanimarurn
1246 2323 1377 2398 regimen
1420 2368 1422 2374 .

283 2421 410 2486 attinent,
425 2436 490 2475 nam
504 2416 566 2473 haec
580 2424 624 2472 est
642 2418 757 2490 propria
776 2417 931 2493 presulum
952 2428 1054 2494 sparta,
1074 2421 1161 2497 positi
1181 2421 1289 2496 quippe
1310 2432 1374 2478 sunt

284 2529 303 2554 “
316 2518 350 2576 ad
364 2515 637 2575 consummationem
650 2523 820 2582 sanctorum,
829 2517 860 2574 in
870 2534 942 2591 opus
951 2518 1111 2587 ministerii,
1121 2521 1152 2578 in
1162 2517 1373 2578 aedificationem

282 2617 412 2695 corporis
435 2609 592 2673 christi.”³
643 2612 692 2670 Sic
707 2623 946 2675 sacramentorum
965 2617 1216 2676 ministrandorum
1237 2619 1373 2676 rationem

285 2717 432 2783 deliniunt,
447 2727 476 2774 et
487 2713 648 2772 divinorum
662 2723 867 2788 preceptorum
881 2716 1080 2772 executionem
1092 2717 1202 2792 legibus
1222 2726 1334 2791 urgent,
1348 2727 1374 2774 et

284 2817 382 2875 fideles
397 2835 413 2872 a
426 2813 552 2890 periculo
562 2811 700 2888 peccandi
713 2820 856 2879 revocant,
867 2821 896 2869 et
904 2812 1052 2870 alias'tidci
1061 2823 1089 2870 et
1097 2833 1210 2874 morum
1223 2815 1373 2892 integritati

281 2909 458 2971 consulunt.⁴
499 2909 633 2967 Oenones
656 2910 712 2966 dici
726 2910 819 2968 solent
836 2910 913 2986 leges
934 2911 1132 2972 ecclesiastice
1152 2933 1168 2970 a
1189 2913 1292 2970 Graeca
1305 2926 1372 2971 voce

279 3013 368 3076 κᾶνὼν,
381 3027 443 3080 quae
453 3007 580 3084 regulam
593 3007 744 3083 significat,
759 3017 825 3066 sunt
833 3011 911 3068 enim
921 3011 1025 3087 regule
1034 3012 1158 3080 vivendi,
1169 3031 1232 3084 quae
1243 3014 1302 3070 vim
1313 3015 1373 3084 qui·

281 3106 346 3164 dem
359 3106 455 3182 legum
468 3106 580 3172 habent,
596 3104 646 3162 sed
660 3125 676 3163 a
689 3107 781 3166 civilis
795 3110 941 3184 potestatis
956 3111 1149 3168 sanctionibus
1160 3113 1190 3168 in
1203 3129 1238 3168 eo
1249 3110 1372 3170 discem-

279 3215 372 3273 untur‚
395 3204 470 3276 quod
493 3206 697 3264 corucicntiam
718 3207 844 3264 maxime
865 3216 1008 3283 spectent,
1027 3227 1114 3280 quum
1136 3209 1180 3266 hae
1202 3211 1230 3266 vi
1251 3210 1373 3268 adhibita

281 3305 444 3364 executioni
458 3303 670 3362 demandentur.

318 3409 347 3464 3.
368 3405 461 3480 Leges
472 3402 580 3462 serendi
592 3413 717 3480 potestas
730 3403 814 3479 plane
828 3405 986 3462 continetur
999 3405 1034 3462 iis
1049 3405 1156 3464 Christi
1170 3408 1264 3464 verbis
1289 3408 1372 3465 Petro

278 3504 382 3563 dictis:
405 3513 423 3540 ‘⁶
436 3504 504 3561 Tibi
517 3501 589 3560 dabo
603 3502 696 3562 claves
710 3504 789 3578 regni
803 3503 957 3571 coelorum3
978 3513 1007 3560 et
1022 3505 1224 3578 quodcumque
1237 3506 1369 3582 ligaveris

278 3615 490 3678 superterram,
504 3602 557 3660 erit
568 3602 685 3677 hgatum
698 3611 726 3659 et
743 3603 774 3658 iu
793 3601 872 3659 coelis
882 3595 929 3657 :’'⁵
948 3621 1013 3660 nam
1027 3604 1148 3662 clavium
1166 3605 1262 3681 imago
1275 3617 1367 3682 potes-

312 3787 355 3853 (1)
376 3785 414 3835 De
426 3785 472 3846 leg.
485 3785 500 3834 l.
512 3784 528 3834 i.
539 3800 560 3834 c·
572 3784 616 3834 xit.
735 3785 777 3852 (2)
796 3786 812 3834 2
826 3786 883 3838 Ger.
895 3788 947 3838 xiii.
963 3788 999 3838 12.
1114 3789 1151 3854 (³)
1172 3789 1238 3853 Eph.
1251 3791 1284 3840 iv.
1301 3795 1341 3840 12.

312 3873 355 3938 (4)
374 3870 492 3935 Aliquam
509 3869 575 3931 leges
591 3868 840 3933 ferendipotestetem
852 3872 1245 3924 EcclesieriudicaritRicardus
1264 3875 1372 3933 Becker,
1421 3869 1423 3874 ’
1507 3847 1508 3880 ³

274 3949 398 4021 presbyter
409 3957 570 4018 Anglieanus,
581 3955 623 4018 qui
635 3953 729 4004 decimo
742 3955 846 4018 septime
863 3957 964 4006 ineunte
977 3958 1068 4008 secuto
1079 3957 1182 4022 scripsit,
1199 3967 1292 4010 sectam
1303 3976 1371 4010 surm

275 4048 359 4089 contra
382 4040 513 4090 Puritanos
529 4040 710 4090 vindicaturus:
728 4039 799 4090 “We
816 4040 874 4090 hold
892 4041 944 4090 that
961 4042 1002 4092 the
1021 4057 1103 4107 power
1120 4042 1202 4092 which
1219 4043 1263 4094 the
1280 4045 1371 4096 chureh

275 4123 335 4173 heth
347 4124 456 4187 lawlully
468 4133 493 4174 to
502 4125 573 4176 make
585 4126 645 4174 lewe
656 4125 705 4176 and
717 4124 798 4176 orders
808 4125 845 4174 for
857 4125 927 4184 itself,
939 4125 999 4176 deth
1010 4126 1099 4177 extend
1108 4135 1168 4176 unte
1180 4129 1274 4191 sundry
1287 4130 1370 4192 things

275 4207 303 4255 os
321 4205 492 4256 ecclesiastical
506 4208 661 4270 jurisdiction
681 4209 736 4258 and·
746 4208 808 4291 such
825 4208 894 4258 other
910 4207 1034 4260 mutters”
1070 4209 1172 4260 Hoolrer
1189 4210 1258 4261 Eccl.
1282 4211 1370 4276 Polity,

275 4290 291 4339 l.
302 4289 336 4339 tii.
348 4305 374 4338 n.
388 4289 425 4337 11.

693 4377 722 4438 (5
741 4375 811 4427 Matt.
822 4377 872 4430 xvi.
885 4375 924 4426 19.
