3068 5256
265 478 321 540 114
482 451 487 462 '
550 472 608 532 uu
629 471 794 540 uurnro
815 470 1067 534 remunero.

264 656 327 698 care
341 631 593 695 consueverunt.”¹
634 637 887 712 Argumentabatur
906 635 1082 712 Augustinus
1095 634 1151 694 hoc
1165 643 1267 712 pecto:
1290 636 1356 694 “Si

264 736 399 794 nonlicet
411 736 520 811 privata
533 744 671 812 potestate
682 735 828 792 hominem
839 733 967 792 occidere
980 735 1026 792 vel
1038 743 1200 802 nocentem,
1212 736 1297 812 cujus
1311 754 1356 793 oc-

265 833 377 894 cidendi
396 834 538 892 licentiam
560 834 609 892 lex
628 833 704 892 nullu
724 833 865 900 concedit,
884 833 1013 910 profectu
1033 834 1118 890 etiam
1141 835 1191 906 qui
1205 853 1237 890 se
1259 835 1355 910 ipsum

265 932 378 1000 occidit,
392 932 536 992 homicida
548 927 641 990 est.'’²
681 933 777 992 Nemo
791 934 895 1004 estqui
909 931 1003 990 animo
1023 951 1082 990 non
1095 933 1196 988 sentiat
1208 932 1294 1008 hujus
1308 931 1356 990 de·

264 1031 324 1092 licti
337 1030 571 1108 magnitudinem,
586 1050 641 1104 qua
653 1032 740 1090 homo
760 1030 818 1107 ipsi
836 1039 941 1088 nature
961 1031 1107 1089 instinctui
1128 1049 1301 1106 repugnans,
1315 1031 1357 1088 vi·

265 1139 322 1189 tem
346 1149 411 1204 qua,
435 1129 492 1188 Dei
512 1130 661 1196 beneficio,
685 1130 793 1196 fruitur,
817 1129 871 1186 sibi
885 1127 968 1186 audet
980 1124 1114 1206 eripere³
1154 1128 1285 1186 Prosectd
1307 1129 1357 1201 qui

265 1237 404 1306 negarunt
416 1229 460 1287 sui
473 1229 579 1287 caedem
593 1228 719 1286 criminis
735 1229 798 1286 loco
818 1227 987 1297 habendam,
1001 1229 1086 1286 totius
1107 1225 1225 1284 humani
1244 1227 1356 1303 generis

267 1329 365 1388 sensui
378 1335 405 1384 et
419 1327 530 1406 judicio
543 1347 699 1404 repugnare
719 1336 888 1385 noscuntur:
909 1327 959 1398 qui
979 1335 1073 1385 autem
1088 1333 1208 1383 mortem
1222 1326 1277 1383 sibi
1290 1343 1356 1382 cou-

267 1428 419 1494 sciverunt,
433 1425 478 1483 vel
491 1427 593 1484 mentis
606 1427 700 1483 furore
713 1427 821 1501 abrepti
841 1433 915 1494 sunt,
930 1426 974 1482 vel
990 1424 1163 1501 gravissimis
1178 1424 1281 1495 quibus
1295 1441 1356 1500 pre·

268 1527 415 1583 mebantur
427 1525 508 1582 malis
528 1525 613 1583 finem
634 1536 800 1595 quarentes,
821 1523 856 1580 de
876 1523 968 1581 futura
986 1533 1060 1580 sorte
1081 1523 1179 1579 incerti
1199 1523 1356 1598 precipites

268 1641 299 1679 se
312 1622 458 1688 dederunt,
472 1623 598 1679 criminis
618 1622 695 1695 quod
714 1622 858 1698 patrabant
877 1622 1080 1681 conscientiam
1100 1621 1164 1697 ipso
1185 1629 1246 1678 actu
1260 1621 1356 1697 saepis·

267 1720 339 1777 sime
352 1719 513 1796 prodentes.

311 1823 378 1876 123.
399 1817 481 1902 Adeo
495 1827 633 1895 repugnat
645 1826 749 1877 uaturae
763 1819 907 1877 instinctui
918 1827 950 1876 ut
969 1819 1032 1890 quis
1053 1835 1083 1874 se
1102 1817 1259 1884 interficiat,
1281 1816 1358 1889 quod

269 1917 359 1976 civilis
374 1927 498 1994 potestas
511 1927 632 1989 nequeat
643 1917 701 1975 ullo
714 1937 808 1976 rerum
821 1937 888 1976 casu
901 1917 931 1976 id
950 1919 1113 1993 precipere,
1130 1916 1215 1973 etiam
1227 1915 1359 1972 damnato

270 2017 380 2092 capitis.
422 2017 487 2074 Nee
500 2017 566 2073 licet
578 2017 645 2074 huie
665 2017 760 2073 eibum
781 2035 897 2074 omnem
916 2033 1046 2074 recusare
1066 2025 1098 2072 ut
1117 2016 1147 2072 in
1166 2033 1278 2072 earcere
1292 2016 1359 2071 inte·

269 2122 336 2172 reat.
378 2113 438 2169 Sed
458 2133 552 2186 neque
571 2122 721 2171 excusatur
743 2117 787 2172 sui
810 2115 901 2174 eaedes
915 2113 991 2188 quod
1014 2115 1077 2187 quis
1097 2115 1127 2172 in
1150 2114 1282 2189 proximo
1302 2113 1360 2170 vim

269 2210 396 2289 patiendi
409 2219 437 2268 et
449 2212 613 2289 pudicitiam
628 2213 773 2271 amittendi
786 2214 949 2272 discrimine
963 2222 1098 2281 versetur,
1118 2214 1160 2271 uti
1176 2221 1250 2270 recte
1263 2219 1359 2270 mouet

270 2311 303 2366 S.
318 2310 465 2369 Thomas:
489 2313 586 2370 “Non
598 2311 665 2369 llcet
685 2313 796 2371 mulieri
815 2315 938 2390 seipsam
960 2311 1098 2380 occidere,
1112 2329 1148 2370 ne
1170 2312 1204 2367 ab
1224 2311 1280 2368 alio
1301 2328 1359 2368 eor·

270 2417 433 2483 rumpatur:
455 2411 599 2483 quianon
618 2410 701 2467 debet
722 2411 752 2467 in
775 2430 806 2468 se
825 2413 1000 2469 committere
1021 2411 1128 2469 crimen
1141 2410 1310 2476 maximum,
1330 2417 1360 2465 ut

271 2507 340 2564 vitet
351 2507 445 2565 minus
459 2510 566 2566 crimen
581 2509 720 2574 alienum3
742 2512 892 2568 nonenim
908 2520 952 2568 est
971 2510 1078 2567 crimen
1090 2510 1217 2567 mulieris
1232 2527 1284 2584 per
1301 2507 1359 2564 vio-

271 2604 386 2664 lentiam
398 2607 518 2675 violatae,
533 2608 558 2664 si
571 2626 728 2666 consensus
742 2628 800 2666 non
819 2604 939 2667 adsit.”‘¹
979 2609 1037 2675 Qui
1053 2617 1145 2666 autem
1159 2628 1196 2665 ex
1209 2607 1360 2664 vehemen-

271 2705 381 2762 tissimo
395 2705 491 2765 dolore
504 2717 533 2765 et
545 2707 653 2783 pudore
673 2707 709 2766 ob
723 2707 861 2784 flagitium
880 2717 1028 2784 patratum,
1049 2717 1078 2764 et
1099 2707 1258 2783 periculum
1272 2705 1360 2762 iterati

270 2802 368 2880 lapsus
380 2807 468 2864 vitam
481 2807 536 2864 sibi
550 2809 643 2889 eripit,
664 2807 850 2884 ignominiam
863 2806 938 2882 apud
956 2807 1087 2864 homines
1100 2806 1181 2882 fugit,
1195 2805 1241 2862 vel
1254 2805 1360 2880 specis·

271 2900 328 2958 lem
342 2903 442 2978 flagitii
456 2890 656 2979 turpitudinem
670 2904 739 2971 odit,
754 2925 830 2963 novo
844 2915 936 2962 tamen
949 2914 1066 2980 peccato
1079 2923 1109 2962 se
1123 2903 1280 2979 obstringit.

315 3001 382 3056 124.
404 3001 438 3056 In
451 3002 529 3076 gravi
541 3002 703 3077 reipublicae
717 3005 893 3070 necessitate,
903 3003 969 3060 licet
978 3003 1063 3061 vitam
1077 3003 1226 3060 manifesto
1240 3002 1361 3078 objicere

273 3094 439 3164 discrimini,
454 3099 524 3169 quin
537 3102 601 3170 quis
615 3099 683 3172 quid
696 3099 779 3156 faciat
791 3120 848 3174 quo
861 3102 915 3159 sibi
931 3103 989 3160 vita
1008 3103 1135 3169 tollatur;
1156 3120 1223 3158 nam
1236 3117 1362 3158 commu·

272 3193 317 3252 nis
330 3196 483 3252 necessitas
497 3196 564 3255 facit
575 3210 606 3256 ut
623 3199 707 3255 liceat
726 3201 847 3276 singulis
867 3219 948 3258 suam
968 3219 1111 3277 exponere
1125 3202 1210 3258 vitam
1222 3218 1230 3266 ;
1251 3198 1302 3256 sed
1314 3217 1362 3255 na-

272 3301 340 3350 turae
353 3294 502 3354 instinctus
516 3298 606 3354 obstat
618 3315 654 3356 ne
673 3316 736 3355 eam
751 3299 803 3356 sibi
817 3298 904 3357 tollat.
947 3301 996 3358 Sic
1017 3299 1099 3357 miles
1119 3318 1184 3356 eum
1206 3307 1283 3356 certo
1296 3299 1360 3356 vitae

273 3390 435 3451 discrimine
449 3395 597 3454 stationem
611 3405 738 3473 occupat,
753 3398 799 3455 vel
818 3399 848 3455 in
867 3397 976 3455 medios
993 3398 1073 3457 irruit
1085 3398 1192 3464 hostes,
1207 3398 1252 3454 vel
1266 3397 1362 3472 pulve-

272 3509 333 3551 rem
346 3494 481 3564 incendit,
495 3494 542 3552 vel
554 3498 660 3563 navim,
675 3495 711 3553 ad
730 3496 826 3554 hostes
846 3495 1015 3574 perdendos,
1033 3498 1095 3573 ipse
1108 3517 1173 3554 cum
1187 3495 1243 3554 illis
1258 3497 1362 3553 verosi·

272 3592 377 3650 militer
389 3595 548 3668 periturus:
570 3595 647 3667 quod
660 3605 755 3654 tamen
770 3599 820 3654 vix
838 3597 905 3654 licet
916 3598 942 3654 si
955 3595 1032 3654 nulla
1051 3615 1165 3672 prorsus
1179 3596 1216 3652 sit
1229 3595 1284 3652 sibi
1297 3611 1362 3669 spes

272 3689 410 3746 evadendi
418 3687 443 3756 3⁵
455 3695 585 3764 quamvis
599 3695 686 3766 aliqui
699 3693 728 3752 id
741 3703 878 3753 excusent
887 3695 923 3752 ob
936 3714 1119 3754 communem
1132 3713 1249 3752 suorum
1262 3693 1362 3751 utilita-

307 3874 350 3940 (l)
364 3873 390 3923 S.
400 3874 466 3938 Aug.
478 3875 508 3926 de
519 3875 576 3926 her.
589 3877 618 3926 ed
631 3877 838 3940 Quodvultdeum,
850 3896 875 3930 n.
886 3881 947 3932 lxix.

306 3960 350 4025 (2)
369 3959 408 4010 De
419 3960 465 4012 civ.
476 3960 531 4022 Dei,
543 3962 558 4011 l.
573 3965 594 4009 1.
605 3978 627 4014 c.
638 3962 705 4012 xviii.

307 4043 350 4108 (3)
364 4042 443 4094 Leres
454 4046 585 4096 admodum
597 4048 702 4098 rabones
715 4048 828 4113 proponit
838 4046 914 4114 Paley
926 4051 1018 4101 cursui
1030 4048 1108 4115 ipsius
1120 4049 1210 4101 occisio
1222 4064 1274 4099 non
1285 4048 1362 4098 videa·

271 4132 311 4176 tur
322 4125 407 4174 licere:
425 4130 493 4192 parvi
503 4131 595 4181 faciens
606 4133 688 4198 ipsum
697 4143 790 4184 naturae
802 4134 945 4184 instinctum
957 4143 981 4185 et
989 4118 1118 4201 Judicium.
1136 4132 1361 4186 MoratPtil.1.iit

276 4207 316 4276 Os
326 4208 433 4260 Suieide.

307 4294 351 4359 (4)
372 4293 421 4354 Qu.
433 4295 491 4346 lxiv.
507 4305 552 4347 art.
563 4316 586 4347 v.
599 4301 628 4350 ed
641 4303 664 4349 8.

308 4379 350 4444 (⁵)
369 4378 454 4443 Mayol
465 4378 557 4446 Expos.
569 4397 592 4431 ν.
603 4400 674 4450 pree.
685 4391 729 4436 art
740 4385 773 4436 ir.
785 4388 833 4446 52.
855 4385 955 4447 Quare
965 4384 1062 4454 quieto.
