3076 5260
285 513 344 570 ato
455 507 511 566 DE
533 503 797 566 FORENSIBUS
818 499 1189 561 OBLlGATlONlBUS.

285 673 399 732 neribus
412 679 569 748 corruptus,
583 668 718 736 valedio,
733 667 778 725 vel
794 668 890 744 gratia,
904 665 1040 724 damnum
1060 684 1146 742 pravo
1155 667 1269 744 judicio
1284 671 1375 728 scien·

287 781 328 830 ter
341 770 442 837 intulit,
467 768 503 826 ad
523 768 594 828 illud
614 765 801 846 reparandum
823 766 907 843 plane
927 773 1055 824 tenetur:
1078 763 1158 823 deest
1178 767 1256 826 enim
1283 770 1376 826 omnis

285 869 475 929 excusationis
489 869 597 926 umbra.

327 972 394 1027 10³.
415 968 510 1044 Leges
523 967 605 1039 sequi
618 964 701 1022 debet
708 963 800 1042 judex
813 963 843 1020 in
856 962 987 1021 omnibus
1001 980 1063 1034 quae
1079 961 1156 1020 civili
1165 965 1298 1040 potestati
1311 967 1377 1022 sub·

280 1069 435 1144 jiciuntur:
458 1075 476 1101 ‘⁴
489 1065 587 1122 Bonus
596 1063 721 1141 judex‚”
736 1063 828 1135 inquit
837 1061 1014 1128 Ambrosius,
1030 1067 1049 1096 “
1058 1059 1130 1117 nihil
1143 1079 1180 1119 ex
1195 1064 1313 1122 arbitrio
1324 1083 1377 1121 suo

284 1165 361 1234 facit,
376 1164 427 1220 sed
435 1165 517 1240 juxta
529 1163 608 1239 leges
621 1172 650 1218 et
664 1163 730 1238 jura
743 1161 913 1238 pronuntiat,
928 1160 1007 1217 scitis
1017 1159 1090 1236 juris
1111 1160 1301 1238 obtemperat,
1317 1182 1376 1221 non

284 1264 411 1340 indulget
424 1263 544 1339 propriae
560 1261 714 1319 voluntati:
735 1261 808 1317 sieut
818 1258 904 1326 audit,
919 1258 958 1316 ita
967 1257 1093 1335 judicat:
1114 1267 1144 1316 et
1156 1261 1230 1318 sicut
1243 1280 1276 1318 se
1291 1261 1376 1318 habet

285 1362 392 1440 negotii
404 1370 511 1429 natura,
525 1358 660 1419 decernit.
681 1358 855 1430 Obsequitur
867 1358 989 1434 legibus,
999 1375 1058 1416 non
1071 1352 1251 1416 adversatur:
1268 1361 1377 1418 exami-

286 1472 334 1520 nat
346 1479 438 1519 causae
452 1460 560 1528 merita.
579 1478 639 1518 non
651 1449 785 1516 mutat.”¹
826 1457 875 1513 Sic
889 1467 917 1512 et
929 1457 1085 1531 praescribit
1094 1457 1143 1532 jus
1159 1457 1254 1526 civile,
1272 1478 1378 1517 munus

283 1560 388 1637 judicis
402 1559 557 1616 deliniens:
580 1558 658 1615 “Ne
679 1557 758 1614 aliter
766 1553 876 1631 judicet
889 1573 974 1626 quam
988 1555 1064 1628 quod
1076 1554 1199 1632 legibus,
1214 1565 1262 1614 aut
1275 1559 1379 1616 eonsti-

286 1658 452 1725 tutionibus,
467 1666 514 1713 aut
526 1657 651 1716 moribus
665 1653 808 1731 proditum
821 1645 913 1711 est.’'²
953 1653 1032 1713 Hine
1051 1673 1110 1713 non
1130 1655 1198 1712 licet
1214 1657 1379 1729 aquitatem

286 1757 377 1830 sequi,
392 1763 488 1814 contra
500 1755 572 1832 legis
585 1754 738 1813 dictamina
750 1753 780 1810 in
793 1752 828 1810 iis
842 1753 871 1808 in
885 1752 987 1826 quibus
1005 1755 1042 1812 ob
1060 1753 1208 1812 utilitatem
1230 1756 1377 1833 publicam

287 1855 472 1933 obligationes
486 1853 617 1911 relaxatae
630 1862 706 1912 sunt.
748 1852 812 1909 Neo
826 1850 958 1909 damnare
977 1851 1043 1910 lieet
1062 1852 1188 1925 aliquem
1205 1854 1275 1911 lieet
1294 1855 1377 1931 plane

286 1973 377 2022 reum,
401 1954 459 2012 nisi
482 1954 614 2028 probatus
634 1953 671 2010 sit
696 1969 761 2008 reus
784 1951 867 2026 juxta
888 1949 1063 2026 judiciorum
1086 1951 1217 2010 formam.
1260 1953 1376 2010 Privata

286 2052 394 2112 idcirco
407 2070 465 2111 non
477 2051 544 2108 licet
556 2052 597 2109 uti
609 2050 765 2117 sententia;
779 2047 831 2106 sed
838 2049 997 2106 testimonia
1005 2058 1033 2106 et
1045 2048 1215 2108 documenta
1223 2052 1255 2109 in
1264 2052 1377 2128 judicio

288 2151 379 2211 oblata
392 2151 474 2225 sequi
486 2159 608 2229 oportet.
650 2149 746 2208 Nemo
760 2145 934 2206 damnandus
948 2156 992 2205 est
1011 2147 1161 2218 inauditus,
1177 2159 1205 2207 et
1225 2151 1289 2208 sine
1304 2153 1378 2209 testi·

288 2243 369 2308 bus.³

329 2350 396 2403 104.
418 2346 662 2420 Quandocumque
682 2347 731 2405 lex
752 2346 837 2403 dubia
857 2355 910 2414 est,
926 2345 1019 2423 judex
1038 2365 1101 2404 eam
1114 2348 1379 2424 interpretationem

288 2445 369 2518 sequi
391 2441 473 2501 debet
497 2460 561 2516 quae
587 2445 641 2502 sibi
666 2445 758 2522 magis
778 2443 923 2519 probanda
942 2445 1063 2513 videtur,
1085 2455 1234 2522 perspecta
1256 2448 1378 2506 aliorum

288 2544 373 2602 etiam
386 2543 438 2616 qni
454 2539 564 2620 judicia
584 2543 707 2600 tulerunt
726 2541 907 2601 auctoritate:
929 2560 995 2600 nam
1014 2544 1158 2600 veritatem
1178 2554 1206 2601 et
1219 2547 1380 2617 aequitatem

288 2643 371 2716 sequi
384 2659 436 2718 pro
449 2641 554 2698 viribus
567 2639 658 2699 debet.
699 2640 822 2707 Quodsi
835 2639 870 2698 ad
879 2647 988 2716 partem
997 2642 1091 2700 minus
1105 2642 1282 2718 probabilem
1295 2643 1377 2701 decli·

287 2750 376 2810 naret,
390 2741 420 2797 in
432 2739 614 2798 manifestum
627 2739 738 2798 errandi
751 2727 909 2816 periculum
923 2755 954 2794 se
975 2739 1135 2816 projiceret.
1177 2740 1286 2799 Merito
1296 2727 1391 2818 igitur'

288 2835 419 2896 damnata
426 2846 469 2894 est
481 2839 655 2914 propositio:
672 2847 691 2874 ‘⁶
702 2837 888 2896 Probabiliter
895 2836 1006 2913 judico,
1016 2837 1145 2914 judicem
1153 2857 1239 2915 posse
1249 2840 1376 2917 judicare

283 2937 368 3010 juxta
380 2936 546 3009 opinionem
567 2938 651 2994 etiam
670 2939 766 2994 minus
787 2930 1009 3012 probabilem.”⁴
1048 2936 1083 2994 ld
1105 2937 1189 2994 etiam
1208 2938 1292 2995 fieret
1311 2958 1376 2996 cunr

287 3030 391 3088 damno
411 3031 495 3086 tertii.
538 3030 623 3096 Quod
643 3034 669 3089 si
691 3051 771 3105 aeque
793 3033 951 3108 probabiles
970 3031 1118 3092 videantur
1142 3035 1376 3095 contendentium

286 3130 420 3197 rationes,
434 3128 480 3186 vel
491 3127 564 3204 legis
577 3130 830 3206 interpretationes,
844 3133 1006 3207 possessori
1022 3131 1173 3190 favendum
1183 3143 1227 3191 est
1244 3135 1274 3192 in
1286 3135 1377 3193 causis

289 3229 419 3288 civilibus
431 3222 455 3296 3⁸
474 3245 523 3285 reo
537 3229 567 3287 in
581 3229 673 3288 causis
694 3228 886 3289 criminalibus
898 3223 922 3296 3⁶
941 3229 993 3288 sed
1011 3249 1167 3303 numquam
1187 3233 1254 3290 licet
1272 3251 1377 3292 munus

289 3329 416 3404 accipere
435 3336 465 3384 ut
485 3327 549 3398 quis
568 3328 709 3404 judicium
728 3348 779 3406 pro
805 3328 934 3386 alterutra
953 3337 1030 3404 parte
1050 3329 1129 3387 serat.
1172 3331 1317 3390 Damnata
1336 3339 1377 3388 est

287 3426 392 3486 idcirco
406 3427 441 3484 ab
462 3426 626 3485 Alexandro
646 3426 715 3485 VII.
737 3428 913 3505 propositio:
937 3427 1089 3494 “Quando
1109 3427 1251 3506 litigantes
1275 3431 1378 3488 habent

289 3545 342 3603 pro
356 3545 388 3584 se
401 3526 552 3602 opiniones
566 3545 647 3600 aeque
670 3526 839 3603 probabiles,
861 3537 955 3603 potest
972 3525 1063 3604 judex
1083 3530 1236 3604 pecuniam
1250 3531 1378 3604 accipere

289 3643 341 3702 pro
361 3623 476 3684 ferenda
496 3627 635 3683 sententia
659 3627 690 3683 in
715 3624 841 3683 savorem
862 3628 947 3685 unius
967 3644 1025 3702 prae
1049 3617 1153 3683 ali0.''⁷
1205 3627 1377 3699 Plerumque

288 3732 383 3800 potest
391 3721 482 3800 judex
492 3739 529 3778 ex
543 3725 637 3796 aliquo
647 3725 720 3800 juris
734 3723 877 3800 principio
890 3725 1058 3783 sententiam
1071 3722 1153 3793 serre,
1174 3726 1240 3783 licet
1253 3727 1377 3784 test-imo·

289 3824 346 3891 nia‚
361 3823 407 3882 vel
420 3822 607 3881 instrumenta
619 3821 823 3880 dubitationem
835 3843 950 3884 omnem
963 3842 1022 3882 non
1036 3817 1161 3881 tollant⁸

382 4043 412 4094 In
422 4043 463 4094 Pa.
474 4044 555 4096 cxviii.
566 4043 644 4094 Serm.
654 4060 696 4092 xx.
864 4045 904 4110 (2)
924 4043 1002 4094 instit.
1014 4044 1044 4094 de
1056 4043 1136 4094 officio
1144 4042 1220 4109 judic.

388 4129 509 4180 Clement.
522 4130 585 4180 lide
597 4139 701 4180 sentent.
713 4138 738 4182 et
749 4147 774 4180 re
782 4131 836 4196 jud.

384 4213 457 4278 Prop.
468 4215 492 4263 ii.
504 4216 714 4277 interminatas,
727 4218 757 4266 ab
769 4213 855 4267 lrinoc.
866 4216 911 4266 xl.

384 4297 444 4360 ng.
457 4301 504 4348 lxv.
513 4301 577 4363 juris
588 4301 613 4352 in
627 4303 650 4352 6.
850 4304 890 4368 (6)
910 4302 971 4364 ng.
979 4301 1014 4352 xi.
1023 4300 1085 4366 juris
1096 4300 1121 4350 in
1132 4302 1155 4348 6.

384 4379 457 4445 Prop.
467 4382 534 4430 xxvi.
852 4387 892 4452 (θ)
912 4384 973 4448 Leg.
984 4384 1034 4434 xri·
1048 4386 1061 4441 §
1074 4383 1104 4432 de
1115 4382 1224 4432 testibus.
