3046 5262
593 1257 735 1320 CAPUT
755 1257 810 1319 111.

427 1493 466 1532 DE
487 1493 590 1532 Lusum
611 1493 747 1532 emnium
767 1493 983 1532 oentenrtortn.

197 1673 245 1726 15.
267 1667 412 1729 Cousrsr
425 1691 462 1729 ex
475 1671 578 1729 divinis
592 1671 747 1748 Scripturis
761 1672 839 1730 civili
850 1657 984 1748 pdtestati
997 1669 1250 1748 obtemperandum

153 1787 236 1836 esse3
258 1769 301 1826 sic
314 1771 391 1828 enim
406 1769 489 1829 docet
501 1770 706 1848 Apostolorum
720 1772 872 1848 princeps:
895 1779 914 1806 “
925 1771 1054 1848 Snbjecti
1068 1779 1157 1828 estote
1171 1769 1250 1827 omni

153 1867 287 1926 humane
301 1878 435 1928 creaturae
449 1879 565 1950 propter
578 1869 693 1928 Deumr
715 1870 776 1927 sive
790 1869 860 1946 regi,
876 1869 958 1942 quasi
977 1867 1149 1946 praecellenti
1161 1886 1169 1934 ;
1190 1867 1250 1923 sive

154 1965 287 2034 ducibus,
301 1976 445 2040 tamquam
459 1970 493 2027 ab
507 1988 542 2027 eo
560 1969 655 2028 missis
676 1967 712 2025 ad
725 1967 878 2026 vindictam
897 1967 1119 2035 malefactorum,
1138 1964 1252 2025 laudem

155 2063 226 2123 verb
239 2065 395 2125 bonorum:
418 2069 486 2141 quia
498 2068 539 2125 sic
553 2079 597 2125 est
615 2067 744 2125 voluntas
765 2066 833 2136 D'ei,
847 2076 879 2126 ut
890 2065 1100 2125 benefacientes
1110 2069 1252 2126 obmutes·

154 2182 221 2222 cere
241 2163 348 2223 faciatis
368 2165 591 2245 imprudentium
611 2167 762 2227 hominum
788 2159 1026 2245 ignorantiam.”¹
1067 2165 1187 2224 Crimen
1208 2175 1253 2222 ert

154 2265 355 2340 gravissimum
369 2267 503 2344 legitime
515 2266 661 2344 potestatis
675 2267 767 2324 civilis
781 2267 917 2324 exercitio
937 2265 1079 2334 resistere,
1093 2264 1251 2345 presertim

155 2381 219 2421 cum
238 2364 348 2424 ordinis
369 2365 634 2438 tranquillitatisque
652 2367 814 2424 communis
835 2366 1022 2425 detrimento:
1046 2365 1180 2424 “Omnis
1194 2366 1251 2424 ani·

156 2461 234 2530 ma,”
250 2464 343 2538 inquit
357 2465 523 2540 Apostolus,
539 2466 752 2542 “potestatibus
766 2465 983 2525 sublimioribus·
996 2465 1106 2524 subdita
1119 2467 1172 2534 sit,
1193 2484 1251 2524 non

154 2571 200 2619 est
211 2564 289 2622 enim
303 2573 441 2640 potestas,
455 2564 511 2623 nisi
525 2583 541 2622 a
554 2563 637 2622 Deo:
659 2583 722 2636 quae
736 2573 913 2631 autemsuut‚
923 2583 939 2620 a
949 2562 1013 2621 Deo
1027 2564 1160 2622 ordinatae
1175 2574 1249 2629 sunt.

154 2660 255 2732 Itaque
265 2663 315 2734 qui
327 2663 433 2720 resistit
446 2665 587 2742 potestati,
602 2663 659 2721 Dei
673 2662 844 2722 ordinationi
853 2663 977 2721 resistit:
1000 2663 1050 2734 qui
1060 2671 1153 2719 autem
1167 2665 1251 2720 resis-

153 2769 231 2825 tunt,
260 2761 316 2836 ipsi
343 2761 395 2819 sibi
422 2761 630 2820 damnationem
653 2761 814 2834 acquirunt.
855 2761 925 2820 Ideo
951 2760 1119 2817 necessitate
1146 2739 1251 2822 subditi

153 2866 259 2927 estote,
271 2878 329 2917 non
340 2859 430 2918 solum
437 2870 553 2939 propter
562 2862 643 2929 iram,
655 2859 706 2918 sed
717 2869 832 2938 propter
842 2851 1097 2920 conscientiam.'’²
1115 2859 1251 2920 Perduel-

153 2959 195 3016 lio
209 2960 368 3035 praesertim
382 2978 417 3018 eo
425 2961 483 3020 loci
494 2969 611 3028 vetatur,
626 2976 690 3034 quae
699 2959 853 3020 admittitur
863 2959 973 3035 quoties
984 2961 1101 3038 singuli,
1112 2961 1158 3019 vel
1168 2966 1251 3037 pauci

154 3057 286 3134 legitimo
309 3059 429 3134 imperio
452 3069 626 3137 repugnant:
649 3059 726 3134 quod
747 3062 771 3120 si
798 3063 898 3140 populi
918 3059 1069 3120 multitudo
1091 3061 1201 3120 enormi
1224 3077 1252 3124 et

158 3157 310 3216 manifesto
324 3159 423 3217 abusui
437 3160 582 3237 potestatis
597 3161 716 3228 resistat,
728 3161 783 3236 ipsi
797 3161 928 3238 potestati
937 3162 1068 3218 resistere
1077 3163 1126 3218 vix
1136 3160 1251 3223 dicendi

156 3264 239 3323 sunt3
266 3275 319 3338 nep
345 3258 423 3316 enim
443 3280 460 3316 a
479 3259 544 3317 Deo
564 3267 687 3335 potestas
708 3257 849 3317 derivatur
874 3258 1053 3336 tyrannidem
1073 3255 1252 3318 exercendi.³

158 3354 390 3430 “imperantium
402 3357 543 3431 siquidem
557 3357 627 3417 nulli
640 3356 783 3426 licuerit,''
796 3359 897 3431 'inquit
911 3357 1047 3425 Gravina,
1070 3357 1249 3434 “perfractis

160 3453 282 3529 publicis
295 3457 416 3532 legibus,
431 3467 555 3516 evertere
569 3457 599 3516 id
619 3458 701 3534 cujus
721 3476 807 3514 causa
826 3459 956 3536 imperat.
999 3454 1087 3514 Omni
1107 3445 1184 3514 euim
1197 3457 1253 3534 pri·

156 3552 262 3629 vilegio
276 3555 370 3613 statim
385 3556 499 3614 excidet
512 3558 642 3631 quisquis
657 3565 772 3633 accepta
785 3565 921 3634 potestate
932 3556 1060 3614 abutatur
1073 3564 1253 3614 contrarem⁴

156 3651 312 3728 publicam,
327 3674 390 3727 quae
404 3657 563 3714 communis
584 3656 695 3724 salutis,
716 3657 933 3729 communisque
947 3655 1064 3714 honoris
1078 3673 1164 3714 causa
1177 3655 1253 3734 prin·

156 3752 251 3827 cipem
286 3755 406 3829 peperit,
438 3765 466 3813 et
491 3743 658 3823 honoravit;
686 3755 943 3816 exheredationem
975 3773 1099 3829 namque
1129 3765 1254 3813 meretur

156 3851 287 3923 quisqui
295 3852 419 3914 filiorum
428 3864 575 3930 parentem
583 3850 806 3931 oppressoriam
833 3855 977 3914 Ceterum
986 3863 1080 3913 motus
1089 3854 1251 3930 populares,

155 3950 243 4008 etiam
257 3969 294 4008 ex
308 3953 474 4026 gravissima
484 3942 676 4013 dominatione
690 3955 754 4022 orti,
768 3956 818 4012 vix
830 3973 956 4027 unquam
967 3953 1133 4028 contingunt
1145 3953 1251 4025 absque

155 4057 286 4126 peccato,
297 4068 384 4122 quum
397 4053 566 4130 plerumque
579 4053 674 4112 clades
688 4063 717 4110 et
730 4052 899 4112 calamitates
910 4071 960 4111 eos
975 4060 1136 4124 sequantur.
1181 4053 1253 4112 Gra·

194 4217 235 4280 (1)
258 4219 265 4262 ι
286 4217 427 4270 secum.
486 4206 492 4212 '
733 4223 772 4286 (a)
791 4219 924 4270 sunau
939 4219 1028 4280 aas.

195 4301 235 4364 (3)
256 4301 320 4350 tite
332 4301 358 4348 S.
371 4302 461 4352 Thom.
474 4303 499 4352 2.
510 4305 534 4352 2.
547 4321 588 4370 qu.
601 4307 651 4356 xlii.
664 4315 707 4356 art.
719 4307 743 4356 ii.
754 4307 795 4357 cit.
808 4323 831 4370 p.
844 4306 901 4357 120.

196 4385 239 4449 (4)
260 4384 289 4434 L.
301 4387 364 4448 sing.
376 4388 406 4436 do
419 4389 491 4440 Rom.
501 4391 584 4455 imp&
598 4392 674 4442 xxvii.

687 4490 744 4548 24*
