3146 5266
379 505 383 512 ·
471 481 527 540 DE
550 479 732 539 ACTIBUS
753 477 1049 540 VOLUNTARIIS.
1265 487 1299 542 1³

211 667 273 707 asse
294 646 385 722 magis
405 639 609 703 inordinata.”¹
650 645 722 704 Post
741 643 834 717 aliqua
856 653 949 702 notata
969 643 1060 720 pergit
1083 643 1114 701 Ι.
1135 643 1302 720 Alphoueus

212 747 342 824 Angelici
362 745 495 802 Doctoris
514 745 600 801 verba
616 743 729 810 referre,
749 762 811 815 quae
830 743 941 819 plenius
959 762 997 800 ex
1017 743 1080 818 ipso
1098 743 1174 802 sonte
1190 741 1301 802 haurire

213 847 320 922 placet:
345 853 363 880 ‘⁴
375 845 408 901 Si
427 852 520 900 autem
539 851 656 900 eventus
674 860 797 914 sequens
815 861 873 900 non
891 843 928 900 sit
945 842 1150 918 praecogitatus,
1161 851 1226 900 ωηο
1245 842 1301 900 die·

213 943 396 1021 tinguendum
414 951 466 1009 est,
478 943 545 1014 quia
561 943 587 998 si
599 959 653 1017 per
669 959 700 998 se
716 943 842 1013 sequitur
853 959 889 998 ex
900 941 947 998 tali
958 951 1030 1008 actu,
1042 949 1070 997 et
1079 951 1110 998 ut
1124 943 1154 999 in
1164 941 1300 1017 pluribus,

214 1042 369 1100 secundum
379 1042 434 1098 hoc
446 1050 563 1098 eventus
574 1058 697 1112 sequens
714 1038 790 1096 addit
805 1039 840 1098 ad
851 1040 1002 1097 bonitatem
1013 1039 1057 1096 vel
1067 1040 1200 1098 malitiam
1212 1053 1299 1098 actus.

215 1141 399 1200 Manifestum
420 1149 463 1196 est
483 1139 569 1206 enim,
589 1139 736 1196 meliorem
756 1147 848 1196 aetum
866 1156 930 1194 esse
948 1157 984 1195 ex
1002 1156 1054 1196 auo
1073 1157 1174 1214 genere
1190 1157 1227 1196 ex
1245 1157 1302 1211 quo

214 1249 332 1316 possunt
352 1239 431 1314 plura
448 1239 522 1296 bona
540 1237 631 1308 sequi,
651 1247 679 1292 et
696 1236 823 1312 pejorem
841 1255 878 1294 ex
896 1255 953 1308 quo
971 1245 1035 1294 nata
1050 1247 1115 1295 sunt
1131 1237 1210 1312 plura
1229 1239 1303 1296 mala

215 1339 305 1410 sequi.
330 1338 363 1394 si
371 1335 436 1394 verb
447 1355 498 1412 per
509 1335 649 1402 meldone,
661 1345 690 1392 et
699 1343 730 1392 ut
739 1335 769 1392 in
779 1335 967 1411 paucioribus,
979 1345 1044 1394 ωηο
1055 1345 1170 1394 eventus
1180 1355 1302 1408 sequens

215 1456 273 1494 non
284 1436 360 1494 addit
370 1435 404 1492 ad
414 1436 566 1492 bonitatem
577 1434 623 1490 vel
633 1433 669 1490 ad
679 1433 814 1491 malitiam
825 1433 935 1490 acme.'’

257 1540 303 1592 18.
325 1533 530 1592 Animadvertit
555 1534 656 1590 iterum
679 1533 711 1590 S.
726 1531 909 1607 Alphonsus:
933 1533 995 1590 “Si
1015 1551 1175 1606 causaque
1192 1535 1303 1610 ponitur

221 1642 319 1690 natura
338 1653 390 1689 sua
408 1631 523 1689 inducat
542 1631 626 1688 talem
647 1631 780 1688 effectum
802 1630 918 1700 malum,
940 1641 1034 1690 tamen
1054 1634 1213 1690 necessario
1235 1635 1302 1710 poni

218 1730 309 1797 debet,
324 1740 389 1787 tune
403 1729 518 1785 effectus
538 1730 638 1797 maluo,
652 1729 718 1787 licet
739 1732 885 1806 praevisus,
899 1750 957 1788 ηοη
977 1741 1070 1788 tamen
1091 1733 1192 1789 volitus
1213 1745 1242 1789 et
1262 1733 1302 1789 itt·

217 1839 320 1896 tentus,
335 1827 413 1885 nnflo
426 1826 512 1884 modo
527 1836 569 1883 est
581 1828 760 1903 imputabilia,
777 1830 802 1886 si
817 1829 939 1900 aliquam
953 1831 1170 1904 praecautionem
1183 1849 1303 1904 operans

218 1927 384 1984 adhibuerit.
427 1926 476 1982 Sic
490 1944 547 1982 non
560 1927 711 2001 imputatur
723 1926 855 2002 chirurgo
867 1927 995 2002 pollutio,
1011 1945 1095 1998 quam
1113 1927 1239 2003 previdit
1251 1928 1304 1984 eibi

218 2035 397 2098 sequuturam
411 2043 448 2082 ex
461 2033 534 2080 tactu
547 2026 708 2082 necessario
728 2025 854 2083 mulieris
875 2025 905 2083 in
925 2026 1049 2102 partibus
1070 2025 1209 2092 verendis,
1224 2025 1304 2084 dum·

216 2124 300 2181 modo
314 2143 376 2180 eam
389 2142 447 2180 non
461 2122 619 2179 intenderit.
663 2125 727 2180 Nec
748 2125 899 2199 imputatur
919 2125 1042 2182 studenti
1064 2126 1099 2182 ob
1122 2127 1263 2202 propriam
1277 2135 1305 2182 et

216 2223 334 2280 aliorum
346 2223 494 2279 utilitatem
507 2223 631 2278 materiis
645 2223 718 2278 sexti
730 2224 873 2298 praecepti,
885 2225 911 2280 si
922 2225 984 2299 ipse
997 2222 1159 2300 hujusmodi
1172 2223 1304 2280 effectum

216 2340 273 2378 non
286 2320 444 2386 intenderit,
457 2318 612 2377 dummodo
623 2321 856 2396 complacentiam
870 2322 986 2398 repellat
995 2323 1025 2378 in
1038 2331 1100 2378 actu
1112 2341 1169 2394 quo
1179 2322 1305 2394 sequitur

218 2420 343 2493 pollutio.
386 2419 471 2476 Ratio
485 2419 552 2490 quia
564 2427 631 2475 tunc
644 2438 702 2476 non
715 2427 824 2476 tenetur
836 2439 950 2478 causam
964 2420 1040 2477 illam
1061 2420 1168 2488 tollere,
1182 2421 1227 2477 vel
1247 2439 1304 2478 non

218 2536 320 2592 ponere
331 2537 339 2584 ;
362 2527 389 2574 et
402 2517 451 2588 qui
464 2516 550 2572 utitur
565 2517 630 2592 jure
644 2536 697 2574 suo
710 2536 768 2574 non
781 2517 881 2575 dieitur
894 2538 979 2576 cauea
994 2518 1112 2576 effectus
1125 2538 1183 2576 ηοη
1196 2520 1303 2584 intenti,

219 2623 246 2670 et
265 2634 315 2690 pcr
336 2615 465 2672 accidens
488 2617 609 2688 sequuti,
632 2617 691 2673 imo
711 2617 743 2672 in
763 2617 811 2672 tali
832 2636 898 2674 casu
912 2617 1021 2674 videtur
1033 2618 1124 2693 magis
1137 2618 1204 2693 pati,
1220 2635 1305 2688 quam

220 2731 313 2787 agere.
355 2713 517 2778 Alonion,
539 2733 596 2771 non
618 2715 770 2789 imputatur
791 2715 908 2771 effectus
929 2734 1052 2786 sequens
1073 2733 1110 2771 ex
1131 2733 1217 2771 causa
1237 2715 1305 2770 alias

219 2810 339 2867 honesta
351 2820 380 2866 et
391 2809 477 2875 licita,
491 2821 521 2866 nt
540 2812 657 2886 pollutio
680 2830 742 2884 quae
765 2811 851 2868 oritur
872 2831 908 2869 ex
929 2812 1110 2885 equitatione,
1132 2812 1176 2868 vel
1197 2811 1259 2868 cibo
1279 2821 1307 2868 et

217 2919 285 2984 potu
298 2908 461 2973 moderat03
483 2917 548 2966 tune
569 2911 645 2966 enim
668 2909 785 2966 effectus
806 2929 863 2968 non
877 2912 999 2969 intentus
1017 2920 1059 2974 est
1071 2930 1122 2987 per
1135 2909 1265 2968 accidens
1278 2921 1306 2966 et

218 3007 372 3065 secundum
387 3009 419 3064 S.
435 3005 581 3064 Thomam
593 3009 613 3063 l.
629 3009 675 3065 cit.
690 3027 748 3065 non
762 3018 805 3065 est
817 3001 1039 3086 imputabilis.'’²

258 3110 304 3162 19.
327 3107 398 3172 Quae
416 3125 453 3163 ex
468 3105 550 3164 bonis
565 3107 680 3173 actibuS,
695 3106 740 3163 vel
753 3108 803 3178 qui
814 3127 866 3184 per
884 3127 915 3165 se
936 3109 1031 3175 licent,
1045 3108 1229 3165 desumuntur
1240 3126 1306 3183 pec·

218 3215 342 3261 catorum
356 3205 530 3271 occasiones,
544 3222 603 3261 non
623 3215 742 3279 possunt
758 3206 784 3261 ei
797 3207 928 3282 imputari
949 3207 998 3278 qui
1015 3208 1100 3264 utitur
1108 3208 1172 3282 jure
1185 3225 1247 3272 suo,
1262 3207 1307 3264 vel

219 3304 270 3374 qui
283 3304 391 3360 virtutis
405 3304 497 3361 studio
511 3301 662 3378 prudenter
675 3305 740 3379 agit.
784 3305 833 3361 Sic
849 3306 951 3363 mulier
964 3324 1026 3376 quae
1040 3305 1136 3361 munia
1148 3305 1308 3361 necessaria

219 3403 329 3474 pietatis
343 3403 501 3473 exequitur,
516 3419 574 3458 non
587 3410 630 3456 cst
643 3402 791 3478 culpanda,
804 3403 871 3460 licet
891 3405 1007 3460 maritus
1029 3402 1094 3459 inde
1108 3401 1304 3468 excandescat,

219 3500 289 3554 etin
301 3499 449 3556 maledieta
462 3508 606 3574 erumpat:
630 3500 680 3556 sed
701 3501 727 3555 si
746 3510 842 3556 contra
859 3502 951 3556 mariti
964 3500 1135 3556 voluntatem
1148 3499 1219 3552 ultra
1232 3497 1308 3566 quod

221 3605 393 3671 praeceptum
407 3608 449 3654 est
461 3608 540 3655 vacet
552 3599 662 3672 pietatis
677 3596 788 3663 officiiS,
803 3615 868 3653 cum
881 3597 959 3672 pacis
974 3594 1134 3653 domesticae
1148 3593 1306 3670 dispendio,

223 3712 281 3750 non
295 3695 346 3750 erit
359 3695 439 3753 facile
452 3695 623 3763 excusanda,
639 3714 726 3766 quum
739 3705 843 3752 temere
857 3694 904 3752 det
916 3697 963 3752 irae
977 3696 1165 3752 occasionem.
1208 3695 1308 3753 Puella

221 3810 283 3863 quae
296 3793 422 3851 modeste
435 3804 532 3853 omata
541 3795 572 3851 in
582 3794 726 3869 publicum
739 3794 874 3869 procedit,
887 3814 939 3852 suo
947 3795 1011 3871 jure
1025 3796 1118 3861 utitur,
1133 3803 1161 3851 et
1173 3793 1237 3851 ideo
1250 3811 1308 3850 ηοη

220 3989 378 4063 periantur:
403 3991 489 4068 sedu‘si
501 3991 616 4049 brachia
628 3998 656 4046 et
668 3999 765 4066 pectus
780 3989 911 4058 denudet,
925 3990 1080 4066 praesertim
1093 3997 1189 4046 contra
1199 4006 1307 4046 morem

222 4087 353 4162 regioniS,
368 4089 413 4145 vel
427 4090 495 4147 alias
509 4108 540 4145 se
554 4088 650 4145 induat
663 4089 756 4145 minus
769 4087 897 4154 honeste,
912 4087 995 4162 culpa
1007 4105 1065 4144 non
1078 4088 1130 4144 erit
1142 4087 1287 4144 immunia.

260 4189 308 4242 20.
331 4187 523 4246 Involuntaria
535 4185 668 4246 obuoluto
681 4197 709 4244 ct
721 4186 886 4261 simpliciter
896 4186 1024 4243 dicuntur
1034 4205 1068 4243 ea
1078 4203 1139 4258 quae
1150 4186 1308 4243 nullatcnus

555 4339 597 4404 (l)
617 4335 705 4387 Theol.
717 4338 780 4387 Mor.
793 4337 808 4387 l.
816 4354 839 4386 v.
849 4338 901 4388 Art.
914 4337 939 4388 ii.
951 4355 974 4388 x.

554 4423 596 4488 (2)
616 4423 707 4472 Ibidem
719 4422 767 4472 xiv.

303 4489 377 4550 Vol.
394 4490 485 4551 1.-a
