3046 5262
273 485 331 542 ³14
521 473 579 534 DE
600 471 811 540 PEOOATIS
832 473 1121 537 CAPITALIBUS.

275 643 412 704 “Sedulo
426 637 759 706 autemhienotendum,
774 641 850 713 quod
872 642 898 699 si
917 641 981 713 quis
1004 641 1091 698 ιιιιιιιι
1109 649 1215 697 tantam
1239 639 1300 696 vini
1314 656 1371 714 po·
1462 669 1469 726 j
1517 621 1518 626 ἵ

275 747 391 809 tionem,
405 757 469 814 quae
483 747 527 796 est
539 747 613 814 epta,
628 739 669 796 uti
684 739 746 814 jam
768 739 898 808 advertit,
912 738 948 796 ad
968 737 1174 806 inebriandum,
1189 737 1270 796 nullo
1285 736 1372 796 modo

274 851 452 902 excusatura
466 837 586 904 mortali,
601 837 739 908 quamvis,
757 847 906 911 antequam
926 839 1057 896 sensibus
1077 837 1254 904 destituatur,
1268 854 1371 894 somno

274 961 306 1000 se
319 939 489 1006 committet,
500 953 557 1010 quo
570 936 631 993 vini
643 933 777 996 effectum
800 937 934 1014 effugiat:
957 937 1025 1009 qnia
1044 937 1122 1012 potio
1142 935 1190 993 illa
1205 937 1266 1012 jam
1289 933 1326 990 de
1340 953 1372 992 sc

274 1051 318 1098 est
335 1039 487 1097 intrinsece
501 1035 584 1102 mala,
599 1053 665 1093 cum
678 1033 715 1092 de
734 1055 765 1094 se
779 1046 844 1112 apta
852 1037 914 1112 jam
932 1038 969 1094 sit
987 1035 1023 1092 ad
1037 1034 1205 1111 privandum
1223 1034 1372 1092 hominem

274 1159 327 1198 usu
340 1137 468 1204 rationis,
483 1145 511 1194 et
523 1151 575 1210 per
588 1133 720 1192 accidens
743 1154 774 1192 se
795 1135 906 1203 habeat,
921 1134 998 1206 quod
1018 1135 1081 1210 ipse
1101 1152 1154 1210 per
1167 1152 1315 1201 somnum,
1329 1131 1375 1189 vel

273 1257 324 1316 per
336 1236 548 1296 inebriationem
562 1234 693 1292 sensibus
706 1227 881 1307 privetur.”l
921 1234 964 1292 Ite
977 1234 1009 1292 S.
1023 1233 1200 1320 Alphonsus.

313 1342 362 1396 80.
383 1335 522 1394 Persectae
531 1332 674 1392 ebrietatis
682 1331 786 1392 indicia
799 1343 874 1401 sunt,
890 1332 966 1405 quod
979 1333 1043 1404 quis
1057 1332 1168 1389 sobrius
1181 1330 1259 1388 haud
1273 1331 1373 1390 memi-

275 1438 347 1496 nerit
359 1455 458 1494 eorum
473 1451 536 1506 qum
550 1432 643 1492 ebrius
657 1432 724 1508 egit,
738 1442 767 1490 et
779 1431 856 1505 quod
869 1432 949 1508 plura
961 1440 1058 1490 contra
1077 1447 1186 1492 morem
1201 1432 1303 1506 egerit,
1317 1431 1374 1488 vio·

275 1539 351 1596 lenta
363 1545 391 1594 ct
404 1535 507 1594 illicita.

314 1639 363 1692 sl.
386 1635 457 1700 Quae
478 1632 543 1704 quis
565 1633 659 1690 ebrius
681 1632 780 1691 fecerit
798 1634 825 1691 ei
850 1633 1031 1709 imputantur,
1054 1635 1078 1691 si
1101 1631 1264 1710 praeviderit
1286 1649 1319 1688 se
1339 1631 1376 1688 ita

276 1735 425 1801 facturum,
439 1741 468 1789 et
479 1731 666 1789 nihilominus
690 1734 720 1792 in
742 1733 900 1809 periculum
913 1751 944 1790 se
957 1734 1120 1810 conjecerit.
1164 1732 1236 1798 Qum
1251 1731 1377 1804 loquitur

278 1834 367 1911 impia
379 1843 407 1892 et
419 1831 550 1899 nefande,
565 1831 625 1906 pari
637 1833 743 1890 ratione
764 1831 943 1908 dijudicanda
951 1832 1091 1899 videntur,
1111 1831 1242 1904 quamvis
1257 1831 1315 1888 sint
1328 1830 1377 1902 qni

278 1950 363 1992 voces
377 1933 411 1992 ab
424 1931 502 1990 ebrio
515 1929 637 2007 prolatas
651 1929 748 1988 dicunt
760 1932 787 1988 vi
808 1949 911 1998 carere,
932 1940 960 1988 et
981 1931 1200 2008 significatione,
1214 1947 1305 2001 quum
1320 1947 1378 1987 non

278 2033 315 2090 sit
327 2032 372 2088 sui
386 2047 516 2106 compos.
538 2029 570 2085 S.
581 2027 747 2104 Alphonsus
762 2038 855 2088 temen
868 2047 916 2087 eas
931 2031 959 2088 in
973 2049 1058 2088 cansa
1070 2029 1204 2106 imputari
1218 2020 1377 2104 opinetur.²

278 2130 310 2188 S.
326 2129 456 2188 Thomas
470 2127 505 2186 de
519 2128 554 2184 iis
568 2145 631 2200 quae
646 2127 716 2184 fiunt
729 2131 758 2186 in
781 2129 914 2186 ebrietate
934 2130 1091 2186 voluntaria
1103 2128 1189 2187 dicite
1212 2129 1269 2184 “si
1283 2137 1377 2184 autern

277 2238 356 2286 actus
369 2225 533 2304 precedens
547 2227 601 2285 fuit
614 2226 774 2302 culpabilis,
788 2229 831 2285 sic
843 2245 902 2284 non
922 2227 1044 2286 totaliter
1062 2229 1163 2300 aliquis
1186 2236 1344 2284 excusatur
1363 2245 1378 2281 a

278 2335 394 2401 peccato
417 2327 557 2397 sequenti,
582 2324 660 2397 quod
681 2327 790 2384 scilicet
808 2325 932 2384 redditur
957 2327 1146 2384 voluntarium
1171 2344 1210 2382 ex
1229 2326 1377 2384 voluntate

183 2425 186 2434 ’
277 2421 463 2499 precedentis
488 2433 583 2488 actus3
605 2422 634 2478 in
658 2433 795 2495 quantum
815 2423 926 2482 scilicet
939 2426 1041 2497 aliquis
1055 2426 1124 2484 dans
1138 2443 1255 2501 operam
1270 2427 1314 2482 rei
1326 2425 1379 2482 illi·

278 2523 338 2580 citae
365 2520 464 2581 incidit
486 2522 515 2580 in
538 2539 662 2592 sequens
689 2531 847 2598 peccatum.
898 2523 1076 2583 Diminuitur
1101 2537 1195 2582 tamen
1225 2533 1378 2600 peccatum

278 2639 411 2695 sequens,
426 2621 500 2680 sicut
512 2631 540 2680 et
555 2619 721 2680 diminuitur
733 2623 804 2680 ratio
817 2622 976 2681 voluntarii.
1019 2623 1103 2682 Unde
1117 2624 1296 2699 Augustinus
1312 2621 1380 2680 dicit

278 2731 378 2781 contra
391 2721 539 2790 Faustum,
551 2721 626 2794 quod
637 2721 712 2780 Loth
726 2721 883 2798 culpandus
896 2731 948 2789 est,
963 2741 1020 2780 non
1031 2732 1166 2795 quantum
1178 2723 1228 2780 ille
1242 2724 1378 2788 incestus,

278 2821 329 2878 sed
343 2816 487 2893 quantum
496 2821 615 2880 ebrietes
628 2813 778 2879 meruit.’'³
819 2821 952 2879 Severius
965 2821 1124 2880 decernunt
1135 2822 1215 2898 leges
1229 2818 1362 2880 civiles.⁴

315 2923 364 2975 82.
386 2919 518 2978 Pessima
540 2927 583 2976 est
601 2919 720 2978 ebrietas
740 2920 917 2988 elericorum,
932 2919 1008 2992 quod
1022 2922 1121 2980 vitium
1134 2923 1164 2979 in
1178 2920 1377 2978 sacerdotibus

308 3117 350 3182 (ι)
370 3113 458 3166 Theoi.
468 3111 532 3166 Mor.
544 3117 560 3166 1.
571 3133 593 3166 ι.
606 3133 631 3168 ιι.
644 3120 683 3170 78.
886 3121 929 3186 (2)
943 3120 1044 3170 Ibidem.

309 3203 351 3266 (8)
371 3205 395 3251 2.
408 3205 432 3252 2.
444 3202 577 3266 qu-cl.ert.
588 3201 619 3251 iit
655 3201 729 3270 Resp.

310 3286 352 3351 (4)
366 3286 419 3337 “As
429 3293 453 3334 to
463 3285 579 3345 artificial,
588 3287 733 3351 voluntarily
746 3287 884 3336 contrectod
894 3288 1014 3348 medness,
1024 3289 1056 3351 by
1067 3289 1240 3338 drunkenness
1252 3305 1279 3336 or
1290 3285 1381 3336 intoxi-

275 3371 460 3430 cation,which‚
469 3370 594 3436 depriving
602 3373 691 3420 menos
700 3371 761 3420 their
770 3388 864 3428 resson,
876 3373 1006 3436 putsthem
1019 3371 1044 3422 in
1055 3390 1068 3420 n
1078 3383 1214 3436 temporery
1226 3374 1320 3436 srenzy;
1333 3387 1377 3420 our

274 3459 320 3506 lew
333 3458 402 3507 looks
415 3474 480 3522 upon
493 3457 541 3506 this
553 3475 580 3506 ns
591 3475 622 3506 nn
635 3458 791 3520 aggravation
811 3459 839 3507 of
853 3459 893 3508 the
912 3457 1013 3518 offence,
1034 3461 1114 3508 rather
1131 3460 1190 3509 then
1205 3477 1232 3507 as
1244 3477 1275 3508 en
1289 3473 1380 3508 excuse

274 3542 310 3590 lor
322 3557 370 3604 any
382 3540 491 3590 criminsl
511 3541 694 3590 ruisbehsriour.
731 3542 754 3590 A
771 3541 903 3599 drunkerd,
923 3559 980 3606 says
997 3541 1038 3590 Sir
1055 3543 1162 3592 Edwerd
1183 3541 1262 3601 Coke,
1281 3542 1340 3590 who
1357 3541 1377 3589 is

274 3623 432 3674 uoluntarius
443 3623 548 3682 demon,
566 3626 625 3674 heth
638 3643 670 3675 no
682 3626 795 3690 privilege
807 3627 922 3690 therehy;
940 3628 984 3676 hut
995 3628 1062 3676 what
1077 3629 1134 3677 hort
1151 3643 1178 3675 or
1197 3627 1223 3676 iil
1246 3641 1334 3674 soever
1351 3626 1380 3674 he

275 3711 341 3770 doth,
353 3709 392 3758 ιιι
403 3709 574 3760 drunkenness
585 3711 643 3760 doth
657 3721 785 3773 aggravante
800 3712 833 3760 it:
852 3729 913 3762 nom
932 3727 1005 3763 omne
1022 3712 1118 3762 crimen
1136 3711 1241 3763 ebrietas
1259 3718 1284 3763 et
1295 3713 1380 3764 inem.

274 3795 703 3865 dit‚etderegtt....1nrhenum
723 3799 820 3848 climate
840 3801 868 3848 of
882 3801 981 3860 Grecos,
1002 3818 1017 3850 u
1035 3803 1080 3850 lew
1099 3802 1128 3848 ol
1144 3799 1252 3850 Pittacus
1270 3800 1380 3859 enseted,

278 3895 284 3917 ⁴
295 3884 349 3932 thet
360 3883 391 3932 he
403 3883 460 3932 who
472 3880 610 3932 committed
624 3898 639 3931 ι
653 3884 728 3930 crime
745 3883 819 3932 when
838 3885 927 3942 drunle,
942 3885 1030 3935 should
1049 3884 1140 3934 receive
1152 3901 1165 3934 ι
1178 3884 1267 3933 double
1279 3884 1382 3948 punish·

275 3971 357 4028 ment,'
370 3987 416 4020 one
429 3971 466 4020 l'or
478 3969 520 4020 the
531 3970 605 4020 crirne
617 3969 686 4029 itself,
697 3971 745 4019 end
757 3971 797 4019 the
810 3971 879 4020 other
891 3973 927 4020 sor
938 3972 979 4020 the
991 3972 1080 4036 ebriety
1089 3971 1170 4020 which
1184 3972 1311 4036 prompted
1326 3971 1377 4020 him

273 4070 299 4117 to
308 4056 408 4104 commit
418 4056 443 4104 it
478 4055 534 4105 The
546 4055 642 4104 Romen
651 4056 697 4105 low
716 4054 801 4104 indeed
814 4057 884 4106 mede
895 4057 968 4118 'great
981 4059 1126 4106 allowenees
1135 4057 1171 4104 sor
1182 4055 1231 4104 this
1248 4056 1301 4105 vice
1313 4073 1319 4103 :
1333 4071 1383 4122 per

274 4138 362 4189 vinum
375 4139 483 4208 demptis
495 4141 611 4208 capitulis
618 4156 699 4207 poena
709 4140 855 4192 remittitur.
890 4142 940 4192 But
952 4143 995 4192 the
1013 4144 1060 4192 lew
1077 4143 1107 4194 of
1120 4141 1245 4203 Englsnd,
1258 4140 1381 4192 consider.

275 4226 318 4287 ing
331 4226 387 4276 how
400 4244 456 4290 ιιι]
467 4229 485 4277 ιι
493 4227 513 4278 ιι
522 4229 697 4280 tocounterseit
706 4228 754 4280 this
767 4245 864 4290 excuse,
876 4231 924 4280 and
932 4231 989 4280 how
997 4233 1068 4281 weulr
1079 4247 1111 4281 en
1118 4246 1208 4281 excuse
1217 4229 1265 4279 itis
1276 4228 1384 4294 (though

275 4313 345 4376 reeh)
359 4312 409 4361 will
421 4323 465 4361 not
477 4313 550 4362 suffer
570 4331 619 4378 any
631 4331 687 4363 men
700 4315 758 4366 thus
770 4323 795 4366 to
806 4316 923 4382 privilege
937 4333 985 4367 oue
996 4317 1070 4367 erisne
1088 4319 1120 4381 hy
1133 4315 1258 4366 cnothcr.'’
1294 4315 1384 4366 Black·

276 4405 355 4455 etone,
366 4395 381 4446 l.
393 4394 424 4445 ιι.
437 4409 461 4444 n.
473 4393 514 4442 26.
