<?xml version="1.0" encoding="UTF-8"?>
<!DOCTYPE html PUBLIC "-//W3C//DTD XHTML 1.0 Transitional//EN"
    "http://www.w3.org/TR/xhtml1/DTD/xhtml1-transitional.dtd">
<html xmlns="http://www.w3.org/1999/xhtml" xml:lang="en" lang="en">
 <head>
  <title>
</title>
<meta http-equiv="Content-Type" content="text/html;charset=utf-8" />
  <meta name='ocr-system' content='tesseract 3.04.00' />
  <meta name='ocr-capabilities' content='ocr_page ocr_carea ocr_par ocr_line ocrx_word'/>
</head>
<body>
  <div class='ocr_page' id='page_1' title='image "./theologiaemoral03kenrgoog_0367.png"; bbox 0 0 3076 5260; ppageno 0'>
   <div class='ocr_carea' id='block_1_1' title="bbox 296 454 1215 520">
    <p class='ocr_par' dir='ltr' id='par_1_1' title="bbox 296 454 1215 520">
     <span class='ocr_line' id='line_1_1' title="bbox 296 454 1215 520; baseline -0.003 0"><span class='ocrx_word' id='word_1_1' title='bbox 296 461 356 520; x_wconf 78' lang='lat'><strong>348</strong></span> <span class='ocrx_word' id='word_1_2' title='bbox 464 461 521 520; x_wconf 87' lang='lat' dir='ltr'><strong>DE</strong></span> <span class='ocrx_word' id='word_1_3' title='bbox 542 454 903 518; x_wconf 75' lang='lat' dir='ltr'><strong>OBLIGATIONIBUS</strong></span> <span class='ocrx_word' id='word_1_4' title='bbox 922 454 1215 520; x_wconf 84' lang='lat' dir='ltr'><strong>CLERIOORUM.</strong></span> 
     </span>
    </p>
   </div>
   <div class='ocr_carea' id='block_1_2' title="bbox 252 619 1392 2574">
    <p class='ocr_par' dir='ltr' id='par_1_2' title="bbox 290 619 1391 897">
     <span class='ocr_line' id='line_1_2' title="bbox 290 619 1391 704; baseline 0.002 -20"><span class='ocrx_word' id='word_1_5' title='bbox 290 625 395 686; x_wconf 81' lang='lat' dir='ltr'><strong>suerint</strong></span> <span class='ocrx_word' id='word_1_6' title='bbox 407 627 563 702; x_wconf 75' lang='lat' dir='ltr'><strong>pertinaces</strong></span> <span class='ocrx_word' id='word_1_7' title='bbox 577 643 642 684; x_wconf 90' lang='lat' dir='ltr'><strong>cum</strong></span> <span class='ocrx_word' id='word_1_8' title='bbox 655 641 759 700; x_wconf 80' lang='lat' dir='ltr'><strong>magna</strong></span> <span class='ocrx_word' id='word_1_9' title='bbox 772 623 889 682; x_wconf 85' lang='lat' dir='ltr'><strong>aliorum</strong></span> <span class='ocrx_word' id='word_1_10' title='bbox 907 619 1078 692; x_wconf 67' lang='lat' dir='ltr'><strong>offensione,</strong></span> <span class='ocrx_word' id='word_1_11' title='bbox 1092 624 1263 684; x_wconf 88' lang='lat' dir='ltr'><strong>denuntiare</strong></span> <span class='ocrx_word' id='word_1_12' title='bbox 1278 628 1391 704; x_wconf 79' lang='lat' dir='ltr'><strong>episco-</strong></span> 
     </span>
     <span class='ocr_line' id='line_1_3' title="bbox 290 721 1389 802; baseline 0.004 -22"><span class='ocrx_word' id='word_1_13' title='bbox 290 743 339 802; x_wconf 92' lang='lat' dir='ltr'><strong>pc.</strong></span> <span class='ocrx_word' id='word_1_14' title='bbox 360 721 419 782; x_wconf 83' lang='lat' dir='ltr'><strong>Sed</strong></span> <span class='ocrx_word' id='word_1_15' title='bbox 429 724 596 800; x_wconf 89' lang='lat' dir='ltr'><strong>plerumque</strong></span> <span class='ocrx_word' id='word_1_16' title='bbox 610 743 669 782; x_wconf 88' lang='lat' dir='ltr'><strong>non</strong></span> <span class='ocrx_word' id='word_1_17' title='bbox 679 722 799 800; x_wconf 71' lang='lat' dir='ltr'><strong>expedit</strong></span> <span class='ocrx_word' id='word_1_18' title='bbox 809 722 935 796; x_wconf 79' lang='lat' dir='ltr'><strong>aliquem</strong></span> <span class='ocrx_word' id='word_1_19' title='bbox 944 723 1038 799; x_wconf 82' lang='lat' dir='ltr'><strong>pelam</strong></span> <span class='ocrx_word' id='word_1_20' title='bbox 1052 724 1177 782; x_wconf 85' lang='lat' dir='ltr'><strong>exaltari</strong></span> <span class='ocrx_word' id='word_1_21' title='bbox 1190 726 1237 782; x_wconf 80' lang='lat' dir='ltr'><strong>rel</strong></span> <span class='ocrx_word' id='word_1_22' title='bbox 1250 735 1389 802; x_wconf 82' lang='lat' dir='ltr'><strong>suggesto</strong></span> 
     </span>
     <span class='ocr_line' id='line_1_4' title="bbox 293 822 1135 897; baseline -0.001 -16"><span class='ocrx_word' id='word_1_23' title='bbox 293 831 399 891; x_wconf 83' lang='lat' dir='ltr'><strong>notare,</strong></span> <span class='ocrx_word' id='word_1_24' title='bbox 415 841 451 880; x_wconf 89' lang='lat' dir='ltr'><strong>ne</strong></span> <span class='ocrx_word' id='word_1_25' title='bbox 465 823 663 881; x_wconf 81' lang='lat' dir='ltr'><strong>exulcerentur</strong></span> <span class='ocrx_word' id='word_1_26' title='bbox 671 823 769 889; x_wconf 86' lang='lat' dir='ltr'><strong>animi,</strong></span> <span class='ocrx_word' id='word_1_27' title='bbox 783 822 877 897; x_wconf 87' lang='lat' dir='ltr'><strong>potius</strong></span> <span class='ocrx_word' id='word_1_28' title='bbox 892 839 979 894; x_wconf 84' lang='lat' dir='ltr'><strong>quam</strong></span> <span class='ocrx_word' id='word_1_29' title='bbox 992 831 1135 880; x_wconf 89' lang='lat' dir='ltr'><strong>sanentur.</strong></span> 
     </span>
    </p>

    <p class='ocr_par' dir='ltr' id='par_1_3' title="bbox 291 919 1392 1293">
     <span class='ocr_line' id='line_1_5' title="bbox 333 919 1391 998; baseline 0.001 -21"><span class='ocrx_word' id='word_1_30' title='bbox 333 923 383 978; x_wconf 73' lang='lat' dir='ltr'><strong>to.</strong></span> <span class='ocrx_word' id='word_1_31' title='bbox 406 921 583 998; x_wconf 77' lang='lat' dir='ltr'><strong>Pauperibus</strong></span> <span class='ocrx_word' id='word_1_32' title='bbox 606 930 649 978; x_wconf 88' lang='lat' dir='ltr'><strong>est</strong></span> <span class='ocrx_word' id='word_1_33' title='bbox 671 919 905 988; x_wconf 83' lang='lat' dir='ltr'><strong>subveniendum,</strong></span> <span class='ocrx_word' id='word_1_34' title='bbox 928 921 963 979; x_wconf 89' lang='lat' dir='ltr'><strong>iis</strong></span> <span class='ocrx_word' id='word_1_35' title='bbox 986 923 1063 980; x_wconf 91' lang='lat' dir='ltr'><strong>enim</strong></span> <span class='ocrx_word' id='word_1_36' title='bbox 1087 931 1166 997; x_wconf 83' lang='lat' dir='ltr'><strong>pater</strong></span> <span class='ocrx_word' id='word_1_37' title='bbox 1187 922 1225 979; x_wconf 88' lang='lat' dir='ltr'><strong>sit</strong></span> <span class='ocrx_word' id='word_1_38' title='bbox 1245 921 1391 997; x_wconf 84' lang='lat' dir='ltr'><strong>parochus</strong></span> 
     </span>
     <span class='ocr_line' id='line_1_6' title="bbox 291 1019 1391 1098; baseline -0.003 -18"><span class='ocrx_word' id='word_1_39' title='bbox 291 1027 416 1098; x_wconf 63' lang='lat' dir='ltr'><strong>sponsu</strong></span> <span class='ocrx_word' id='word_1_40' title='bbox 445 1021 547 1093; x_wconf 91' lang='lat' dir='ltr'><strong>quibus</strong></span> <span class='ocrx_word' id='word_1_41' title='bbox 568 1019 687 1096; x_wconf 87' lang='lat' dir='ltr'><strong>proinde</strong></span> <span class='ocrx_word' id='word_1_42' title='bbox 707 1036 824 1097; x_wconf 89' lang='lat' dir='ltr'><strong>operam</strong></span> <span class='ocrx_word' id='word_1_43' title='bbox 847 1036 928 1076; x_wconf 89' lang='lat' dir='ltr'><strong>suam</strong></span> <span class='ocrx_word' id='word_1_44' title='bbox 951 1020 982 1077; x_wconf 91' lang='lat' dir='ltr'><strong>in</strong></span> <span class='ocrx_word' id='word_1_45' title='bbox 1003 1020 1090 1077; x_wconf 84' lang='lat' dir='ltr'><strong>sacris</strong></span> <span class='ocrx_word' id='word_1_46' title='bbox 1114 1021 1221 1079; x_wconf 87' lang='lat' dir='ltr'><strong>muniis</strong></span> <span class='ocrx_word' id='word_1_47' title='bbox 1245 1020 1391 1078; x_wconf 86' lang='lat' dir='ltr'><strong>obeundis</strong></span> 
     </span>
     <span class='ocr_line' id='line_1_7' title="bbox 295 1116 1392 1195; baseline -0.002 -18"><span class='ocrx_word' id='word_1_48' title='bbox 295 1118 415 1177; x_wconf 74' lang='lat' dir='ltr'><strong>libenter</strong></span> <span class='ocrx_word' id='word_1_49' title='bbox 435 1127 463 1176; x_wconf 91' lang='lat' dir='ltr'><strong>et</strong></span> <span class='ocrx_word' id='word_1_50' title='bbox 481 1119 566 1194; x_wconf 78' lang='lat' dir='ltr'><strong>gratis</strong></span> <span class='ocrx_word' id='word_1_51' title='bbox 589 1116 755 1194; x_wconf 86' lang='lat' dir='ltr'><strong>impendere</strong></span> <span class='ocrx_word' id='word_1_52' title='bbox 777 1116 870 1182; x_wconf 86' lang='lat' dir='ltr'><strong>debet,</strong></span> <span class='ocrx_word' id='word_1_53' title='bbox 894 1127 1033 1178; x_wconf 86' lang='lat' dir='ltr'><strong>eteorum</strong></span> <span class='ocrx_word' id='word_1_54' title='bbox 1057 1119 1285 1186; x_wconf 87' lang='lat' dir='ltr'><strong>necessitatibus,</strong></span> <span class='ocrx_word' id='word_1_55' title='bbox 1308 1129 1392 1195; x_wconf 90' lang='lat' dir='ltr'><strong>prout</strong></span> 
     </span>
     <span class='ocr_line' id='line_1_8' title="bbox 295 1215 1112 1293; baseline 0.002 -19"><span class='ocrx_word' id='word_1_56' title='bbox 295 1217 427 1292; x_wconf 79' lang='lat' dir='ltr'><strong>potuerit,</strong></span> <span class='ocrx_word' id='word_1_57' title='bbox 441 1215 599 1293; x_wconf 86' lang='lat' dir='ltr'><strong>providere,</strong></span> <span class='ocrx_word' id='word_1_58' title='bbox 614 1215 732 1273; x_wconf 84' lang='lat' dir='ltr'><strong>divitum</strong></span> <span class='ocrx_word' id='word_1_59' title='bbox 745 1223 773 1272; x_wconf 93' lang='lat' dir='ltr'><strong>et</strong></span> <span class='ocrx_word' id='word_1_60' title='bbox 785 1215 898 1290; x_wconf 86' lang='lat' dir='ltr'><strong>piorum</strong></span> <span class='ocrx_word' id='word_1_61' title='bbox 913 1233 968 1292; x_wconf 92' lang='lat' dir='ltr'><strong>ope</strong></span> <span class='ocrx_word' id='word_1_62' title='bbox 981 1217 1112 1293; x_wconf 80' lang='lat' dir='ltr'><strong>expetite.</strong></span> 
     </span>
    </p>

    <p class='ocr_par' dir='ltr' id='par_1_4' title="bbox 296 1312 1389 1882">
     <span class='ocr_line' id='line_1_9' title="bbox 335 1312 1388 1373; baseline -0.001 -2"><span class='ocrx_word' id='word_1_63' title='bbox 335 1317 385 1372; x_wconf 81' lang='lat'><strong>47.</strong></span> <span class='ocrx_word' id='word_1_64' title='bbox 408 1314 624 1372; x_wconf 86' lang='lat' dir='ltr'><strong>Matrimonium</strong></span> <span class='ocrx_word' id='word_1_65' title='bbox 638 1314 808 1372; x_wconf 88' lang='lat' dir='ltr'><strong>contracturi</strong></span> <span class='ocrx_word' id='word_1_66' title='bbox 822 1312 858 1372; x_wconf 90' lang='lat' dir='ltr'><strong>de</strong></span> <span class='ocrx_word' id='word_1_67' title='bbox 871 1313 955 1371; x_wconf 88' lang='lat' dir='ltr'><strong>rebus</strong></span> <span class='ocrx_word' id='word_1_68' title='bbox 968 1314 1036 1372; x_wconf 87' lang='lat' dir='ltr'><strong>fidei</strong></span> <span class='ocrx_word' id='word_1_69' title='bbox 1055 1325 1084 1373; x_wconf 87' lang='lat' dir='ltr'><strong>et</strong></span> <span class='ocrx_word' id='word_1_70' title='bbox 1095 1315 1200 1372; x_wconf 87' lang='lat' dir='ltr'><strong>muniis</strong></span> <span class='ocrx_word' id='word_1_71' title='bbox 1215 1315 1388 1373; x_wconf 79' lang='lat' dir='ltr'><strong>Christianis</strong></span> 
     </span>
     <span class='ocr_line' id='line_1_10' title="bbox 296 1410 1387 1490; baseline 0 -20"><span class='ocrx_word' id='word_1_72' title='bbox 296 1411 446 1490; x_wconf 79' lang='lat' dir='ltr'><strong>diligenter</strong></span> <span class='ocrx_word' id='word_1_73' title='bbox 468 1410 633 1471; x_wconf 89' lang='lat' dir='ltr'><strong>instituendi</strong></span> <span class='ocrx_word' id='word_1_74' title='bbox 655 1421 730 1480; x_wconf 87' lang='lat' dir='ltr'><strong>sunt,</strong></span> <span class='ocrx_word' id='word_1_75' title='bbox 753 1421 785 1470; x_wconf 88' lang='lat' dir='ltr'><strong>ut</strong></span> <span class='ocrx_word' id='word_1_76' title='bbox 804 1411 880 1470; x_wconf 89' lang='lat' dir='ltr'><strong>filios</strong></span> <span class='ocrx_word' id='word_1_77' title='bbox 899 1430 933 1468; x_wconf 89' lang='lat' dir='ltr'><strong>ea</strong></span> <span class='ocrx_word' id='word_1_78' title='bbox 952 1412 1090 1480; x_wconf 79' lang='lat' dir='ltr'><strong>doceant3</strong></span> <span class='ocrx_word' id='word_1_79' title='bbox 1111 1431 1249 1484; x_wconf 86' lang='lat' dir='ltr'><strong>suamque</strong></span> <span class='ocrx_word' id='word_1_80' title='bbox 1272 1431 1387 1489; x_wconf 84' lang='lat' dir='ltr'><strong>operam</strong></span> 
     </span>
     <span class='ocr_line' id='line_1_11' title="bbox 299 1510 1388 1588; baseline -0.002 -18"><span class='ocrx_word' id='word_1_81' title='bbox 299 1511 440 1588; x_wconf 87' lang='lat' dir='ltr'><strong>denegare</strong></span> <span class='ocrx_word' id='word_1_82' title='bbox 453 1512 555 1588; x_wconf 86' lang='lat' dir='ltr'><strong>poterit</strong></span> <span class='ocrx_word' id='word_1_83' title='bbox 567 1510 707 1588; x_wconf 82' lang='lat' dir='ltr'><strong>parochus</strong></span> <span class='ocrx_word' id='word_1_84' title='bbox 721 1512 756 1569; x_wconf 91' lang='lat' dir='ltr'><strong>iis</strong></span> <span class='ocrx_word' id='word_1_85' title='bbox 770 1511 819 1582; x_wconf 89' lang='lat' dir='ltr'><strong>qui</strong></span> <span class='ocrx_word' id='word_1_86' title='bbox 832 1529 865 1568; x_wconf 87' lang='lat' dir='ltr'><strong>ea</strong></span> <span class='ocrx_word' id='word_1_87' title='bbox 877 1511 1017 1588; x_wconf 85' lang='lat' dir='ltr'><strong>ignorant.</strong></span> <span class='ocrx_word' id='word_1_88' title='bbox 1052 1511 1195 1569; x_wconf 73' lang='lat' dir='ltr'><strong>Oetenrm</strong></span> <span class='ocrx_word' id='word_1_89' title='bbox 1210 1531 1301 1584; x_wconf 90' lang='lat' dir='ltr'><strong>quum</strong></span> <span class='ocrx_word' id='word_1_90' title='bbox 1316 1521 1388 1568; x_wconf 86' lang='lat' dir='ltr'><strong>tanta</strong></span> 
     </span>
     <span class='ocr_line' id='line_1_12' title="bbox 299 1607 1389 1686; baseline 0.002 -20"><span class='ocrx_word' id='word_1_91' title='bbox 299 1611 337 1667; x_wconf 85' lang='lat' dir='ltr'><strong>sit</strong></span> <span class='ocrx_word' id='word_1_92' title='bbox 350 1610 467 1668; x_wconf 76' lang='lat' dir='ltr'><strong>facilitas</strong></span> <span class='ocrx_word' id='word_1_93' title='bbox 481 1608 691 1667; x_wconf 84' lang='lat' dir='ltr'><strong>matrimonium</strong></span> <span class='ocrx_word' id='word_1_94' title='bbox 710 1607 827 1668; x_wconf 90' lang='lat' dir='ltr'><strong>ineundi</strong></span> <span class='ocrx_word' id='word_1_95' title='bbox 848 1627 942 1667; x_wconf 89' lang='lat' dir='ltr'><strong>coram</strong></span> <span class='ocrx_word' id='word_1_96' title='bbox 964 1629 1093 1686; x_wconf 82' lang='lat' dir='ltr'><strong>praecone</strong></span> <span class='ocrx_word' id='word_1_97' title='bbox 1113 1609 1257 1678; x_wconf 68' lang='lat' dir='ltr'><strong>haeretico,</strong></span> <span class='ocrx_word' id='word_1_98' title='bbox 1272 1611 1320 1667; x_wconf 89' lang='lat' dir='ltr'><strong>vel</strong></span> <span class='ocrx_word' id='word_1_99' title='bbox 1332 1629 1389 1668; x_wconf 88' lang='lat' dir='ltr'><strong>ma·</strong></span> 
     </span>
     <span class='ocr_line' id='line_1_13' title="bbox 299 1707 1388 1784; baseline 0.002 -20"><span class='ocrx_word' id='word_1_100' title='bbox 299 1709 427 1784; x_wconf 69' lang='lat' dir='ltr'><strong>gistratrn</strong></span> <span class='ocrx_word' id='word_1_101' title='bbox 442 1725 500 1764; x_wconf 90' lang='lat' dir='ltr'><strong>non</strong></span> <span class='ocrx_word' id='word_1_102' title='bbox 520 1715 633 1782; x_wconf 75' lang='lat' dir='ltr'><strong>prestat</strong></span> <span class='ocrx_word' id='word_1_103' title='bbox 645 1707 812 1783; x_wconf 88' lang='lat' dir='ltr'><strong>plerumque</strong></span> <span class='ocrx_word' id='word_1_104' title='bbox 826 1725 875 1766; x_wconf 89' lang='lat' dir='ltr'><strong>eos</strong></span> <span class='ocrx_word' id='word_1_105' title='bbox 895 1709 1041 1784; x_wconf 88' lang='lat' dir='ltr'><strong>repellere,</strong></span> <span class='ocrx_word' id='word_1_106' title='bbox 1057 1709 1185 1782; x_wconf 84' lang='lat' dir='ltr'><strong>quamvis</strong></span> <span class='ocrx_word' id='word_1_107' title='bbox 1201 1727 1289 1768; x_wconf 87' lang='lat' dir='ltr'><strong>omne</strong></span> <span class='ocrx_word' id='word_1_108' title='bbox 1304 1709 1388 1766; x_wconf 91' lang='lat' dir='ltr'><strong>studi·</strong></span> 
     </span>
     <span class='ocr_line' id='line_1_14' title="bbox 301 1803 1030 1882; baseline 0.003 -18"><span class='ocrx_word' id='word_1_109' title='bbox 301 1824 350 1864; x_wconf 89' lang='lat' dir='ltr'><strong>um</strong></span> <span class='ocrx_word' id='word_1_110' title='bbox 364 1803 554 1864; x_wconf 82' lang='lat' dir='ltr'><strong>adhibendum</strong></span> <span class='ocrx_word' id='word_1_111' title='bbox 569 1805 606 1862; x_wconf 86' lang='lat' dir='ltr'><strong>sit</strong></span> <span class='ocrx_word' id='word_1_112' title='bbox 617 1814 648 1863; x_wconf 87' lang='lat' dir='ltr'><strong>ut</strong></span> <span class='ocrx_word' id='word_1_113' title='bbox 660 1814 838 1882; x_wconf 75' lang='lat' dir='ltr'><strong>quantocyus</strong></span> <span class='ocrx_word' id='word_1_114' title='bbox 850 1807 1030 1866; x_wconf 84' lang='lat' dir='ltr'><strong>instruantur.</strong></span> 
     </span>
    </p>

    <p class='ocr_par' dir='ltr' id='par_1_5' title="bbox 252 1903 1388 2574">
     <span class='ocr_line' id='line_1_15' title="bbox 337 1903 1388 1984; baseline 0.003 -23"><span class='ocrx_word' id='word_1_115' title='bbox 337 1908 387 1962; x_wconf 83' lang='grc'><strong>48.</strong></span> <span class='ocrx_word' id='word_1_116' title='bbox 408 1903 567 1964; x_wconf 85' lang='lat' dir='ltr'><strong>Puerorum</strong></span> <span class='ocrx_word' id='word_1_117' title='bbox 580 1904 757 1962; x_wconf 86' lang='lat' dir='ltr'><strong>instructioni</strong></span> <span class='ocrx_word' id='word_1_118' title='bbox 770 1905 800 1962; x_wconf 90' lang='lat' dir='ltr'><strong>in</strong></span> <span class='ocrx_word' id='word_1_119' title='bbox 818 1904 918 1964; x_wconf 86' lang='lat' dir='ltr'><strong>litteris</strong></span> <span class='ocrx_word' id='word_1_120' title='bbox 938 1907 1121 1978; x_wconf 78' lang='lat' dir='ltr'><strong>scientiisque</strong></span> <span class='ocrx_word' id='word_1_121' title='bbox 1142 1905 1276 1964; x_wconf 86' lang='lat' dir='ltr'><strong>humanis</strong></span> <span class='ocrx_word' id='word_1_122' title='bbox 1290 1907 1388 1984; x_wconf 82' lang='lat' dir='ltr'><strong>invigi-</strong></span> 
     </span>
     <span class='ocr_line' id='line_1_16' title="bbox 298 2000 1386 2081; baseline 0.001 -19"><span class='ocrx_word' id='word_1_123' title='bbox 298 2003 355 2062; x_wconf 88' lang='lat' dir='ltr'><strong>lare</strong></span> <span class='ocrx_word' id='word_1_124' title='bbox 369 2001 452 2060; x_wconf 90' lang='lat' dir='ltr'><strong>debet</strong></span> <span class='ocrx_word' id='word_1_125' title='bbox 463 2000 614 2079; x_wconf 87' lang='lat' dir='ltr'><strong>parochus,</strong></span> <span class='ocrx_word' id='word_1_126' title='bbox 629 2003 751 2061; x_wconf 84' lang='lat' dir='ltr'><strong>nefides</strong></span> <span class='ocrx_word' id='word_1_127' title='bbox 771 2002 955 2080; x_wconf 85' lang='lat' dir='ltr'><strong>periclitetur,</strong></span> <span class='ocrx_word' id='word_1_128' title='bbox 970 2023 1007 2063; x_wconf 83' lang='lat' dir='ltr'><strong>ex</strong></span> <span class='ocrx_word' id='word_1_129' title='bbox 1020 2004 1281 2080; x_wconf 83' lang='lat' dir='ltr'><strong>ludimagistrcmm</strong></span> <span class='ocrx_word' id='word_1_130' title='bbox 1296 2006 1386 2081; x_wconf 87' lang='lat' dir='ltr'><strong>pravis</strong></span> 
     </span>
     <span class='ocr_line' id='line_1_17' title="bbox 297 2101 1385 2180; baseline 0.005 -22"><span class='ocrx_word' id='word_1_131' title='bbox 297 2101 447 2178; x_wconf 90' lang='lat' dir='ltr'><strong>principiis</strong></span> <span class='ocrx_word' id='word_1_132' title='bbox 460 2101 507 2158; x_wconf 86' lang='lat' dir='ltr'><strong>vel</strong></span> <span class='ocrx_word' id='word_1_133' title='bbox 520 2101 656 2168; x_wconf 84' lang='lat' dir='ltr'><strong>moribus,</strong></span> <span class='ocrx_word' id='word_1_134' title='bbox 670 2102 715 2159; x_wconf 92' lang='lat' dir='ltr'><strong>vel</strong></span> <span class='ocrx_word' id='word_1_135' title='bbox 737 2120 774 2160; x_wconf 89' lang='lat' dir='ltr'><strong>ex</strong></span> <span class='ocrx_word' id='word_1_136' title='bbox 793 2101 873 2160; x_wconf 89' lang='lat' dir='ltr'><strong>libris</strong></span> <span class='ocrx_word' id='word_1_137' title='bbox 892 2104 997 2180; x_wconf 87' lang='lat' dir='ltr'><strong>pravis.</strong></span> <span class='ocrx_word' id='word_1_138' title='bbox 1038 2103 1073 2163; x_wconf 92' lang='lat' dir='ltr'><strong>Id</strong></span> <span class='ocrx_word' id='word_1_139' title='bbox 1092 2103 1218 2160; x_wconf 84' lang='lat' dir='ltr'><strong>maxime</strong></span> <span class='ocrx_word' id='word_1_140' title='bbox 1232 2104 1385 2163; x_wconf 85' lang='lat' dir='ltr'><strong>curandum</strong></span> 
     </span>
     <span class='ocr_line' id='line_1_18' title="bbox 298 2184 1385 2279; baseline 0.001 -21"><span class='ocrx_word' id='word_1_141' title='bbox 298 2199 352 2258; x_wconf 85' lang='lat' dir='ltr'><strong>hac</strong></span> <span class='ocrx_word' id='word_1_142' title='bbox 365 2201 395 2258; x_wconf 91' lang='lat' dir='ltr'><strong>in</strong></span> <span class='ocrx_word' id='word_1_143' title='bbox 407 2200 532 2276; x_wconf 82' lang='lat' dir='ltr'><strong>regione,</strong></span> <span class='ocrx_word' id='word_1_144' title='bbox 546 2199 596 2256; x_wconf 90' lang='lat' dir='ltr'><strong>ubi</strong></span> <span class='ocrx_word' id='word_1_145' title='bbox 608 2200 728 2276; x_wconf 76' lang='lat' dir='ltr'><strong>publicae</strong></span> <span class='ocrx_word' id='word_1_146' title='bbox 748 2199 906 2277; x_wconf 74' lang='lat' dir='ltr'><strong>discipline</strong></span> <span class='ocrx_word' id='word_1_147' title='bbox 925 2203 996 2260; x_wconf 87' lang='lat' dir='ltr'><strong>ratio</strong></span> <span class='ocrx_word' id='word_1_148' title='bbox 1017 2203 1100 2279; x_wconf 88' lang='lat' dir='ltr'><strong>plane</strong></span> <span class='ocrx_word' id='word_1_149' title='bbox 1121 2201 1211 2260; x_wconf 90' lang='lat' dir='ltr'><strong>tendit</strong></span> <span class='ocrx_word' id='word_1_150' title='bbox 1232 2201 1267 2259; x_wconf 85' lang='lat' dir='ltr'><strong>ad</strong></span> <span class='ocrx_word' id='word_1_151' title='bbox 1286 2184 1385 2279; x_wconf 86' lang='lat' dir='ltr'><strong>pueros</strong></span> 
     </span>
     <span class='ocr_line' id='line_1_19' title="bbox 297 2297 1383 2377; baseline 0.005 -23"><span class='ocrx_word' id='word_1_152' title='bbox 297 2297 423 2356; x_wconf 88' lang='lat' dir='ltr'><strong>doctrina</strong></span> <span class='ocrx_word' id='word_1_153' title='bbox 446 2297 583 2354; x_wconf 83' lang='lat' dir='ltr'><strong>catholica</strong></span> <span class='ocrx_word' id='word_1_154' title='bbox 605 2298 817 2356; x_wconf 84' lang='lat' dir='ltr'><strong>destituendos:</strong></span> <span class='ocrx_word' id='word_1_155' title='bbox 838 2299 916 2372; x_wconf 89' lang='lat' dir='ltr'><strong>quod</strong></span> <span class='ocrx_word' id='word_1_156' title='bbox 938 2309 966 2358; x_wconf 88' lang='lat' dir='ltr'><strong>et</strong></span> <span class='ocrx_word' id='word_1_157' title='bbox 987 2301 1028 2358; x_wconf 89' lang='lat' dir='ltr'><strong>rei</strong></span> <span class='ocrx_word' id='word_1_158' title='bbox 1050 2309 1152 2358; x_wconf 88' lang='lat' dir='ltr'><strong>eventu</strong></span> <span class='ocrx_word' id='word_1_159' title='bbox 1176 2303 1383 2377; x_wconf 71' lang='lat' dir='ltr'><strong>comprobatur,</strong></span> 
     </span>
     <span class='ocr_line' id='line_1_20' title="bbox 296 2393 1386 2472; baseline 0.007 -22"><span class='ocrx_word' id='word_1_160' title='bbox 296 2395 444 2451; x_wconf 85' lang='lat' dir='ltr'><strong>Tenentur</strong></span> <span class='ocrx_word' id='word_1_161' title='bbox 471 2393 589 2468; x_wconf 89' lang='lat' dir='ltr'><strong>parochi</strong></span> <span class='ocrx_word' id='word_1_162' title='bbox 613 2397 640 2452; x_wconf 92' lang='lat' dir='ltr'><strong>vi</strong></span> <span class='ocrx_word' id='word_1_163' title='bbox 662 2395 706 2452; x_wconf 86' lang='lat' dir='ltr'><strong>sui</strong></span> <span class='ocrx_word' id='word_1_164' title='bbox 728 2398 865 2465; x_wconf 87' lang='lat' dir='ltr'><strong>muneris,</strong></span> <span class='ocrx_word' id='word_1_165' title='bbox 888 2408 917 2457; x_wconf 88' lang='lat' dir='ltr'><strong>et</strong></span> <span class='ocrx_word' id='word_1_166' title='bbox 942 2399 988 2457; x_wconf 90' lang='lat' dir='ltr'><strong>alii</strong></span> <span class='ocrx_word' id='word_1_167' title='bbox 1014 2400 1186 2472; x_wconf 87' lang='lat' dir='ltr'><strong>quicumque</strong></span> <span class='ocrx_word' id='word_1_168' title='bbox 1213 2419 1314 2458; x_wconf 86' lang='lat' dir='ltr'><strong>curam</strong></span> <span class='ocrx_word' id='word_1_169' title='bbox 1340 2401 1386 2458; x_wconf 93' lang='lat' dir='ltr'><strong>ob·</strong></span> 
     </span>
     <span class='ocr_line' id='line_1_21' title="bbox 252 2491 1388 2574; baseline 0.007 -25"><span class='ocrx_word' id='word_1_170' title='bbox 252 2565 255 2570; x_wconf 30' lang='grc'>,</span> <span class='ocrx_word' id='word_1_171' title='bbox 299 2492 419 2550; x_wconf 87' lang='lat' dir='ltr'><strong>tinentes</strong></span> <span class='ocrx_word' id='word_1_172' title='bbox 433 2491 600 2557; x_wconf 80' lang='lat' dir='ltr'><strong>animarum,</strong></span> <span class='ocrx_word' id='word_1_173' title='bbox 615 2491 650 2548; x_wconf 91' lang='lat' dir='ltr'><strong>ad</strong></span> <span class='ocrx_word' id='word_1_174' title='bbox 662 2494 786 2551; x_wconf 86' lang='lat' dir='ltr'><strong>subsidia</strong></span> <span class='ocrx_word' id='word_1_175' title='bbox 806 2495 903 2553; x_wconf 89' lang='lat' dir='ltr'><strong>salutis</strong></span> <span class='ocrx_word' id='word_1_176' title='bbox 924 2498 983 2556; x_wconf 86' lang='lat' dir='ltr'><strong>suis</strong></span> <span class='ocrx_word' id='word_1_177' title='bbox 1003 2499 1102 2556; x_wconf 90' lang='lat' dir='ltr'><strong>ovibus</strong></span> <span class='ocrx_word' id='word_1_178' title='bbox 1119 2498 1290 2574; x_wconf 73' lang='lat' dir='ltr'><strong>prestanda,</strong></span> <span class='ocrx_word' id='word_1_179' title='bbox 1304 2500 1388 2557; x_wconf 78' lang='lat' dir='ltr'><strong>enon</strong></span> 
     </span>
    </p>
   </div>
   <div class='ocr_carea' id='block_1_3' title="bbox 301 2589 1386 2770">
    <p class='ocr_par' dir='ltr' id='par_1_6' title="bbox 301 2589 1386 2770">
     <span class='ocr_line' id='line_1_22' title="bbox 301 2589 1386 2673; baseline 0.007 -25"><span class='ocrx_word' id='word_1_180' title='bbox 301 2609 365 2648; x_wconf 90' lang='lat' dir='ltr'><strong>cum</strong></span> <span class='ocrx_word' id='word_1_181' title='bbox 390 2591 452 2648; x_wconf 80' lang='lat' dir='ltr'><strong>vitae</strong></span> <span class='ocrx_word' id='word_1_182' title='bbox 475 2589 612 2666; x_wconf 85' lang='lat' dir='ltr'><strong>periculo,</strong></span> <span class='ocrx_word' id='word_1_183' title='bbox 634 2601 750 2668; x_wconf 81' lang='lat' dir='ltr'><strong>urgente</strong></span> <span class='ocrx_word' id='word_1_184' title='bbox 773 2603 910 2664; x_wconf 82' lang='lat' dir='ltr'><strong>extrema,</strong></span> <span class='ocrx_word' id='word_1_185' title='bbox 933 2614 984 2654; x_wconf 91' lang='lat' dir='ltr'><strong>seu</strong></span> <span class='ocrx_word' id='word_1_186' title='bbox 1008 2598 1086 2673; x_wconf 83' lang='lat' dir='ltr'><strong>gravi</strong></span> <span class='ocrx_word' id='word_1_187' title='bbox 1106 2597 1295 2655; x_wconf 85' lang='lat' dir='ltr'><strong>necessitate:</strong></span> <span class='ocrx_word' id='word_1_188' title='bbox 1322 2616 1386 2657; x_wconf 89' lang='lat' dir='ltr'><strong>nam</strong></span> 
     </span>
     <span class='ocr_line' id='line_1_23' title="bbox 304 2688 1121 2770; baseline 0.005 -22"><span class='ocrx_word' id='word_1_189' title='bbox 304 2699 322 2725; x_wconf 85' lang='lat'><strong>‘⁴</strong></span> <span class='ocrx_word' id='word_1_190' title='bbox 334 2691 425 2748; x_wconf 90' lang='lat' dir='ltr'><strong>bonus</strong></span> <span class='ocrx_word' id='word_1_191' title='bbox 438 2698 535 2766; x_wconf 91' lang='lat' dir='ltr'><strong>pastor</strong></span> <span class='ocrx_word' id='word_1_192' title='bbox 547 2689 670 2750; x_wconf 87' lang='lat' dir='ltr'><strong>animam</strong></span> <span class='ocrx_word' id='word_1_193' title='bbox 684 2709 764 2752; x_wconf 89' lang='lat' dir='ltr'><strong>suam</strong></span> <span class='ocrx_word' id='word_1_194' title='bbox 778 2691 825 2750; x_wconf 90' lang='lat' dir='ltr'><strong>dat</strong></span> <span class='ocrx_word' id='word_1_195' title='bbox 836 2711 888 2770; x_wconf 87' lang='lat' dir='ltr'><strong>pro</strong></span> <span class='ocrx_word' id='word_1_196' title='bbox 901 2695 1001 2752; x_wconf 89' lang='lat' dir='ltr'><strong>ovibus</strong></span> <span class='ocrx_word' id='word_1_197' title='bbox 1015 2688 1121 2752; x_wconf 84' lang='lat' dir='ltr'><strong>suis.”1</strong></span> 
     </span>
    </p>
   </div>
   <div class='ocr_carea' id='block_1_4' title="bbox 739 2877 942 2942">
    <p class='ocr_par' dir='ltr' id='par_1_7' title="bbox 739 2877 942 2942">
     <span class='ocr_line' id='line_1_24' title="bbox 739 2877 942 2942; baseline 0.01 -18"><span class='ocrx_word' id='word_1_198' title='bbox 739 2877 779 2942; x_wconf 93' lang='lat' dir='ltr'><strong>(l)</strong></span> <span class='ocrx_word' id='word_1_199' title='bbox 793 2877 864 2928; x_wconf 82' lang='lat' dir='ltr'><strong>loen.</strong></span> <span class='ocrx_word' id='word_1_200' title='bbox 877 2895 901 2928; x_wconf 83' lang='lat' dir='ltr'><strong>r.</strong></span> <span class='ocrx_word' id='word_1_201' title='bbox 916 2881 942 2926; x_wconf 92' lang='lat' dir='ltr'><strong>ll</strong></span> 
     </span>
    </p>
   </div>
   <div class='ocr_carea' id='block_1_5' title="bbox 0 0 1542 5260">
    <p class='ocr_par' dir='ltr' id='par_1_8' title="bbox 0 0 1542 5260">
     <span class='ocr_line' id='line_1_25' title="bbox 0 0 1542 5260; baseline 0 2"><span class='ocrx_word' id='word_1_202' title='bbox 0 0 1542 5260; x_wconf 95' lang='lat' dir='ltr'><strong> </strong></span> 
     </span>
    </p>
   </div>
  </div>
 </body>
</html>
