3046 5262
420 559 477 622 nu
499 533 709 622 eucerius
730 561 1018 625 onrrrnmnus,
1214 569 1273 626 ιιι

175 733 323 809 contingat
341 732 449 805 absquo
474 731 533 792 ulla
554 731 747 791 commotione
769 749 873 792 senous
895 733 1020 801 venerei,
1036 732 1142 792 nullum
1163 731 1271 792 inducit

178 830 302 906 culpam.
345 830 553 890 Omnisautem
566 831 697 890 notabilis
718 830 863 892 distillatio
883 833 1105 891 commotionem
1120 832 1270 908 spirituum

179 930 346 1006 genitalium
360 949 458 990 secum
473 932 535 997 fert,
549 940 578 988 et
591 929 708 1007 proinde
722 932 774 989 sub
787 932 865 1008 gravi
878 931 992 990 vitanda
1004 941 1057 999 est,
1078 949 1167 1004 quum
1180 931 1217 988 sit
1229 931 1271 988 in·

182 1028 284 1086 choata
297 1028 426 1101 quaedam
439 1029 569 1106 pollutio.

220 1131 270 1186 88.
293 1128 400 1186 Semen
423 1129 484 1205 jam
504 1137 666 1206 correpunt
695 1128 872 1193 medicorum
895 1128 1005 1208 judicio
1024 1131 1091 1188 licet
1116 1130 1270 1206 expellere,
1316 1146 1321 1155 ·

175 1227 259 1303 juxta
273 1225 369 1302 plures
388 1227 546 1304 theologos,
567 1227 653 1286 modo
666 1228 772 1305 expelli
791 1232 883 1306 possit
900 1231 1007 1303 abique
1026 1228 1152 1288 libidini·
1172 1247 1268 1288 sensu.

182 1325 256 1382 Sunt
268 1327 353 1384 etiam
366 1325 415 1398 qui
429 1327 527 1386 dieunt
539 1326 574 1385 ad
588 1327 756 1386 servandam
768 1329 855 1387 vitem
874 1330 959 1388 licere
973 1328 1144 1388 medicinam
1158 1345 1271 1387 numere

181 1443 239 1496 qua
258 1435 452 1500 corrumpatur
480 1445 589 1494 semen,
610 1437 643 1484 ut
671 1435 770 1502 postea
789 1429 956 1504 expellatur.
998 1428 1155 1500 Nunquam
1175 1437 1268 1486 autem

178 1522 246 1580 licet
258 1523 440 1583 confricando
454 1545 553 1583 semen
577 1527 631 1584 etsi
652 1535 816 1602 corruptum
837 1527 991 1604 expellere,
1012 1526 1177 1589 confricatio
1191 1529 1268 1584 enim

179 1630 199 1657 “
211 1621 301 1680 tendit
313 1622 347 1683 de
368 1642 399 1681 se
420 1625 455 1683 ad
474 1625 698 1684 commovendos
718 1625 834 1701 spiritus
855 1626 993 1695 currales,
1004 1638 1036 1686 et
1054 1643 1155 1684 semen
1167 1643 1268 1684 verum

180 1722 394 1798 expellendum,
410 1724 487 1798 quod
500 1741 655 1797 numquam
665 1735 709 1782 cst
721 1721 877 1783 licitum.”¹

219 1825 268 1880 89.
291 1821 325 1880 Si
338 1823 457 1898 pollutio
471 1825 500 1882 fn
514 1841 617 1882 somno
632 1824 780 1900 inceperit,
792 1826 870 1882 nulla
890 1825 992 1901 previa
1013 1823 1077 1882 data
1089 1843 1184 1892 causa,
1198 1825 1269 1882 etin

179 1922 277 1998 vigilia
296 1923 455 1997 semiplena
473 1923 662 1992 continuetur,
683 1924 733 1997 qui
752 1941 815 1982 earn
836 1923 941 1996 absque
961 1923 1048 2000 plena
1068 1923 1269 1984 deliberatione

179 2020 325 2097 experitur
338 2040 404 2079 eum
417 2021 510 2096 aliqua
523 2024 569 2081 sui
581 2023 779 2090 delectatione,
794 2025 898 2099 poterit
910 2041 927 2080 a
940 2024 1019 2102 gravi
1032 2023 1115 2098 culpa
1128 2023 1268 2082 excusari.

180 2121 214 2179 Si
228 2132 321 2179 autem
336 2122 456 2198 vigilant
472 2123 533 2198 ipse
547 2124 677 2199 patietur,
698 2124 804 2195 absque
825 2123 920 2195 aliquo
940 2141 1100 2184 consensus
1114 2123 1142 2180 in
1156 2141 1272 2199 pravam

178 2215 394 2279 delectationem
408 2220 545 2297 periculo,
566 2223 765 2299 pollutionem,
786 2241 849 2295 qua
870 2223 900 2280 in
920 2241 1023 2280 somno
1036 2223 1189 2298 inceperat,
1204 2239 1271 2278 reus

181 2338 238 2378 non
249 2329 309 2377 estc
331 2328 351 2356 ‘⁶
363 2319 430 2392 quia
442 2319 642 2380 difficillimum
656 2331 698 2378 cst
711 2331 835 2379 avertere
846 2321 954 2380 exitum
967 2323 1086 2380 seminis
1095 2321 1156 2398 jam
1170 2339 1186 2378 c
1199 2321 1272 2380 lum·

180 2419 224 2475 bis
237 2417 326 2477 decisi
341 2462 348 2477 .
366 2461 373 2476 .
388 2429 448 2477 tum
462 2422 528 2491 quia
547 2439 606 2480 non
626 2431 736 2478 taoemr
752 2439 885 2496 persona,
900 2439 966 2478 cum
984 2422 1111 2498 periculo
1128 2421 1217 2479 morbi
1237 2439 1273 2480 ex

180 2518 291 2576 semine
305 2527 438 2594 corrupto
451 2528 568 2588 retento,
583 2520 753 2580 effusionem
773 2521 850 2578 illam
871 2517 1058 2597 impedirem
1098 2518 1159 2578 Cor
1177 2531 1273 2578 tamen

177 2617 212 2674 ad
227 2617 323 2676 Deum
336 2616 515 2676 evehendum
530 2631 585 2688 cst,
600 2619 667 2677 dum
681 2620 745 2692 quis
760 2621 790 2676 in
810 2628 885 2678 tanto
900 2619 1028 2698 periculo
1041 2637 1135 2695 prava
1150 2618 1270 2676 delecta·

178 2717 266 2774 tionis
280 2717 468 2775 constituitur.

219 2819 270 2873 90.
293 2815 399 2891 Optare
419 2816 454 2873 ob
474 2818 560 2876 finem
587 2817 757 2879 honestum:
789 2835 828 2873 v:
854 2835 889 2893 g:
919 2814 954 2872 ad
970 2814 1155 2877 minuendam
1185 2824 1271 2872 tenta·

178 2915 296 2985 tionem,
320 2925 352 2973 ut
384 2925 483 2974 nutura
502 2927 604 2993 sponte
628 2935 659 2977 se
683 2925 828 2984 exoneret,
856 2915 985 2988 quamtis
1008 2913 1202 2992 periculosum
1225 2915 1271 2982 sit,

180 3012 283 3072 lethale
309 3024 404 3073 tamen
433 3033 491 3074 non
511 3015 629 3084 videtur,
651 3015 807 3074 dummodo
833 3017 897 3088 quis
917 3033 1033 3092 pravam
1055 3015 1272 3075 delectationem

181 3115 300 3172 omnino
326 3123 448 3192 respuat.
492 3113 636 3174 Gaudium
650 3116 736 3174 etiem
756 3115 791 3174 de
812 3115 967 3190 pollutione
977 3134 1044 3188 qua
1064 3117 1170 3188 absque
1191 3116 1275 3191 culpa

179 3213 307 3290 contigit,
322 3223 422 3272 natura
434 3233 466 3271 se
480 3223 580 3290 sponte
594 3225 778 3282 exonerante,
797 3213 883 3272 modo
903 3231 962 3272 non
975 3231 1012 3271 ex
1025 3231 1127 3272 somno
1141 3215 1214 3289 turpi
1228 3215 1274 3272 vel

180 3321 253 3369 tactu
269 3313 384 3389 proprio
405 3315 442 3370 sit
464 3327 533 3382 orta,
547 3327 710 3380 excusatur,
724 3314 749 3370 ei
769 3313 833 3385 quis
853 3311 1003 3370 utilitatem
1022 3311 1088 3368 inde
1109 3311 1272 3378 derivatam,

179 3412 289 3470 scilicet
318 3413 363 3470 vel
391 3413 551 3472 tentationis
581 3411 810 3491 diminutionem,
832 3412 877 3469 rel
906 3407 1076 3470 valetudinis
1103 3410 1272 3486 profectum,

180 3512 322 3588 respiciet.
366 3512 482 3570 Rectius
490 3493 623 3569 dicemus
636 3511 721 3569 licere
735 3511 770 3570 de
785 3512 859 3568 bono
872 3509 986 3576 effectu,
1000 3509 1051 3582 qui
1064 3525 1102 3566 err
1115 3509 1273 3584 pollutione

180 3611 368 3670 involuntaria
382 3612 419 3668 sit
431 3621 520 3678 ortuo,
535 3603 683 3687 gandete?

219 3713 269 3766 ur.
291 3709 415 3769 Pollutio
436 3729 499 3782 quae
519 3713 649 3786 prouenit
668 3726 706 3770 ex
718 3710 820 3768 causis
833 3709 955 3786 grauiter
968 3718 997 3766 et
1015 3707 1145 3784 proxime
1165 3709 1196 3765 in
1208 3725 1271 3765 eam

179 3808 374 3877 influentibus,
400 3819 429 3866 et
451 3810 552 3885 positis
573 3809 678 3881 absque
696 3811 876 3876 necessitate,
897 3808 990 3885 gravis
1004 3819 1047 3865 est
1060 3808 1154 3884 culpa.
1197 3806 1275 3863 Hine

178 3909 229 3980 qui
241 3909 385 3984 polluitur,
400 3907 468 3968 dum
482 3909 768 3981 absquenecessitatc
782 3909 887 3985 cogitat
902 3908 1025 3966 libenter
1037 3905 1072 3964 de
1086 3909 1172 3964 rebus
1188 3923 1272 3964 vene-

216 4081 257 4146 (l)
278 4082 306 4132 S.
318 4083 470 4148 alphonsus,
482 4083 498 4132 l.
508 4081 543 4132 iii.
554 4099 580 4134 ιι.
591 4081 649 4133 478.
933 4080 972 4146 (2,
991 4079 1091 4138 Ibidem,
1103 4095 1127 4130 ιι.
1139 4079 1197 4129 478.

214 4167 256 4232 (3)
277 4176 291 4197 “
302 4165 343 4218 He
354 4169 406 4217 that
417 4167 504 4217 suffers
516 4168 645 4218 nocturnal
657 4168 784 4232 pullutiem
796 4165 818 4216 if
832 4166 863 4216 be
874 4165 939 4214 finds
952 4182 967 4215 a
979 4165 1076 4230 remedy
1090 4167 1120 4230 by
1133 4166 1160 4226 it,
1172 4166 1193 4215 ie
1204 4174 1230 4215 to
1241 4182 1277 4216 re·

173 4250 239 4314 joioe
250 4250 303 4300 tlret
313 4251 413 4302 himself
420 4251 523 4301 suffered
537 4252 556 4300 it
568 4251 752 4313 involuntarily,
763 4247 815 4300 that
827 4249 848 4298 in
859 4249 891 4297 lte
903 4265 959 4312 may
972 4249 1059 4314 rejoice
1071 4246 1123 4298 that
1135 4247 1166 4297 he
1178 4249 1219 4298 did
1232 4259 1275 4299 not

176 4333 231 4391 sin;
248 4335 296 4384 and
309 4337 337 4384 of
347 4337 388 4384 the
399 4336 534 4389 innocente
546 4335 574 4383 of
581 4335 622 4384 the
635 4337 678 4398 joy
690 4334 721 4383 bc
730 4350 777 4384 oen
791 4333 853 4384 beve
864 4349 897 4382 no
910 4333 978 4383 other
996 4333 1127 4398 testimony
1136 4335 1180 4384 but
1194 4335 1226 4398 by
1237 4334 1277 4383 bis

176 4419 263 4480 bating
275 4420 316 4468 the
328 4430 366 4468 act
378 4420 404 4470 in
416 4417 447 4470 nil
460 4436 528 4470 ceses
538 4420 565 4469 in
577 4419 658 4471 which
671 4420 690 4470 it
702 4419 722 4468 is
734 4435 749 4468 a
760 4419 806 4477 sin,
819 4417 868 4468 ond
880 4417 989 4482 refusing
997 4427 1023 4470 to
1034 4420 1066 4469 do
1075 4418 1117 4470 it.'’
1152 4420 1201 4491 Jer·
1211 4419 1279 4482 Tay·
1359 4442 1364 4455 ·

179 4502 223 4563 lor,
234 4502 333 4552 Ductor
345 4501 537 4564 Dubitantium,
549 4502 564 4552 l.
574 4501 590 4554 i.
601 4517 623 4552 o.
632 4501 667 4552 iii.
702 4501 765 4550 Rufe
776 4517 800 4550 v.
812 4517 837 4568 p.
849 4497 903 4550 tit.

695 4583 753 4642 tot
