3076 5260
243 471 298 533 DE
320 471 680 532 OBLIGATIONIBUS
701 472 855 532 DUGUM
876 473 934 532 ET
955 471 1155 533 MILITUM.
1196 476 1255 534 397

157 640 217 698 alia
230 659 292 713 quae
312 639 444 698 dicuntur
456 646 688 717 strategemata,
708 651 740 698 ut
758 639 849 700 hostis
868 642 1009 700 incautius
1028 661 1060 700 se
1080 661 1194 720 gerens,
1208 643 1254 702 vel

157 741 306 816 deeeptus,
328 737 471 798 vincatur:
492 739 553 798 haec
575 740 684 798 scilicet
696 759 734 798 ex
753 741 958 800 consuetudine
979 742 1173 819 intelliguntur
1185 761 1252 801 esse

157 849 234 897 artes
248 839 395 906 militares,
409 838 511 912 quibus
525 840 549 896 si
563 840 627 911 quis
646 839 765 906 fallatum,
786 841 839 898 sibi
861 843 1001 918 imputare
1014 841 1106 900 debet.
1148 841 1251 900 Fidem

157 949 252 996 autent
266 938 394 996 hostibus
417 937 510 995 datam
531 938 688 996 nullatenus
708 938 837 1015 frangere
855 939 941 1007 licet;
962 950 1009 998 aut
1027 941 1150 999 bellandi
1164 941 1246 1000 ratio·

159 1057 228 1096 nem
243 1057 329 1110 quam
343 1046 455 1094 servant
467 1046 565 1113 gentes
583 1056 693 1105 omnes,
707 1037 823 1096 violare.
1133 1019 1136 1026 ¹

202 1142 269 1195 150.
293 1137 401 1194 Milites
415 1135 480 1194 duci
493 1135 607 1194 obedire
620 1137 724 1196 debent
736 1138 766 1195 in
786 1138 925 1195 universis
945 1157 1009 1210 qua
1023 1147 1154 1215 spectant
1175 1138 1249 1199 mili·

160 1238 240 1304 tiam,
254 1236 333 1293 salva
345 1235 441 1294 divina
462 1236 536 1312 lege.
578 1234 647 1295 Ideo
668 1236 772 1294 debent
790 1237 940 1296 stationem
959 1256 1081 1307 servare,
1101 1239 1251 1298 inimicum

159 1336 286 1413 aggredi,
308 1344 340 1392 et·
356 1334 461 1393 fortiter
474 1353 610 1411 pugnare,
624 1353 690 1392 cum
708 1337 773 1392 vites
794 1335 978 1393 discrimine:
1001 1348 1145 1410 nequeunt
1156 1347 1250 1396 autem

160 1435 267 1509 aliquid
280 1435 383 1512 injussi
402 1434 504 1502 lacere,
527 1434 594 1492 lieet
616 1435 647 1492 in
669 1453 785 1492 suorum
806 1435 954 1492 utilitatem
974 1444 1003 1492 et
1021 1435 1147 1494 hostium
1167 1435 1251 1494 detri-

160 1543 298 1602 mentum,
322 1553 387 1592 nam
411 1541 524 1610 praestat
548 1543 579 1593 ut
604 1543 730 1592 servetur
751 1533 902 1611 disciplina
924 1535 1094 1604 necessaria,
1108 1534 1195 1608 quam
1220 1544 1251 1593 ut

162 1635 275 1694 arbitrio
295 1635 501 1710 cujuscumque
523 1633 628 1691 utilitas
647 1641 787 1706 quaeratur
799 1652 864 1692 cum
883 1633 980 1693 damni
1000 1635 1137 1711 periculo.
1179 1635 1251 1692 Pec-

161 1743 225 1792 cant
246 1741 340 1791 autern
363 1733 413 1807 qui
434 1741 531 1790 contra
556 1732 635 1790 ducis
661 1735 780 1791 vetitum
807 1732 942 1792 damnum
977 1728 1132 1802 hostibus‚¹
1161 1734 1250 1792 multo

161 1835 251 1912 magis
266 1834 315 1906 qui
329 1832 492 1891 concivibus
512 1832 582 1900 suis,
596 1833 642 1890 vel
654 1833 731 1908 genti
751 1833 849 1890 amicae
869 1833 1002 1891 inserunt.
1045 1833 1097 1891 Nil
1110 1843 1190 1890 extra
1202 1852 1249 1891 ve·

159 1935 235 1991 niam
248 1931 328 1990 ducis
349 1931 452 1988 debent
474 1932 593 2000 auferre,
615 1933 779 2004 neminique
800 1932 871 1989 ultra
889 1931 1014 1990 bellandi
1031 1932 1176 1991 licentiam
1189 1934 1249 1990 vim

158 2033 262 2090 facere.
305 2032 493 2091 “Neminem
512 2031 711 2098 concutiatis‚”
726 2032 873 2105 inquiebat
884 2030 1024 2098 loannes,
1043 2031 1181 2089 militibus
1201 2033 1246 2090 sui

159 2132 284 2190 muneris
301 2132 406 2190 limites
427 2129 564 2200 iudicans,
586 2140 606 2167 ‘⁶
617 2149 710 2204 neque
731 2131 901 2190 calumniam
922 2131 1050 2188 faciatis:
1072 2141 1100 2188 et
1119 2132 1243 2188 contenti

159 2241 248 2290 estote
262 2230 411 2308 stipendiis
429 2225 578 2289 vestris.”²

200 2335 268 2389 151.
289 2330 399 2390 Milites
413 2331 538 2402 quisine
556 2330 672 2389 licentia
692 2329 771 2388 ducis
791 2327 941 2387 discedunt
960 2327 996 2386 ad
1009 2338 1122 2406 tempus
1144 2330 1179 2387 ab
1198 2349 1248 2390 ex·
1272 2361 1274 2364 ·

158 2433 247 2490 emito
260 2439 396 2508 peccant:
419 2431 469 2501 qui
482 2440 576 2488 autem
590 2431 704 2507 penitus
717 2439 808 2488 eastra
827 2427 960 2487 deserunt
978 2430 1115 2506 gravioris
1137 2430 1249 2507 peccati

156 2531 199 2588 rei
213 2542 287 2599 sunt,
301 2539 329 2588 et
341 2548 432 2606 poenae
452 2531 626 2605 gravissime
647 2531 774 2587 obnoxii.
817 2527 962 2586 Oaetemm
983 2531 1032 2600 qui
1048 2531 1109 2605 jam
1123 2549 1139 2586 e
1153 2540 1247 2606 potes-

158 2639 214 2688 tate
226 2629 307 2688 dueis
320 2637 479 2697 evaserunt,
494 2637 522 2686 et
534 2628 588 2688 alib
609 2630 810 2705 migraverunt,
831 2626 954 2703 cogendi
969 2644 1026 2684 non
1040 2627 1155 2684 suntad
1168 2627 1247 2684 rede·

156 2729 275 2798 undum,
290 2748 378 2803 quum
392 2737 467 2786 tanta
486 2747 536 2786 eos
556 2737 668 2788 maneat
680 2746 774 2804 poena,
793 2743 880 2799 quarn
898 2743 984 2783 nemo
997 2734 1099 2802 sponte
1111 2727 1169 2802 pati
1182 2745 1248 2786 ceu·

157 2829 263 2888 sendus
276 2838 328 2886 est.
349 2829 557 2887 Ptenitentibus
569 2830 654 2906 igitur
666 2827 701 2885 de
712 2825 768 2884 fide
782 2826 868 2883 fracta
876 2826 959 2883 venia
972 2824 1133 2902 indulgetur
1143 2826 1248 2898 absque

157 2929 266 2987 reditus
279 2929 455 2987 necessitate.

199 3032 267 3086 152.
297 3028 331 3085 In
350 3028 426 3086 bello
448 3027 597 3086 manifeste
619 3027 726 3105 injusto
748 3044 806 3084 non
828 3025 896 3083 licet
917 3023 1059 3102 stipendia
1081 3025 1191 3084 lacere:
1218 3034 1246 3082 at

155 3136 195 3187 tot
207 3147 272 3186 esse
285 3137 405 3204 possunt
416 3129 538 3185 rationes
551 3146 601 3185 cur
613 3127 720 3185 bellum
733 3126 808 3183 licite
822 3135 943 3200 geratur,
957 3126 1088 3197 quamvis
1102 3144 1139 3183 ex
1153 3127 1241 3203 injus-

155 3229 215 3286 titia
226 3228 321 3286 forsan
340 3227 453 3285 occasio
473 3227 536 3304 ejus
555 3227 593 3285 sit
612 3235 681 3292 orta,
703 3233 734 3281 ut
753 3224 922 3300 plerumque
946 3231 1117 3280 excusantur
1138 3223 1244 3281 milites

157 3326 220 3386 duci
235 3329 471 3404 obtemperantes.

192 3517 231 3580 (l)
249 3515 312 3580 Gap.
326 3515 407 3574 Miles,
418 3514 491 3564 xxiii.
503 3529 544 3578 qu
554 3529 578 3562 v.

190 3601 229 3667 (2)
242 3600 303 3650 Luc
315 3599 348 3650 iii.
363 3602 401 3648 14.
434 3602 527 3668 μηδευα
537 3602 684 3667 bussetum,
702 3599 761 3666 μηδε
780 3609 985 3662 συκοφαντησητε.
1015 3594 1044 3642 111
1062 3594 1161 3642 verbum
1180 3593 1247 3656 prius

154 3688 235 3737 scribit
254 3686 415 3737 Bloomfield:
434 3694 448 3717 “
458 3687 480 3736 11
497 3687 518 3736 is
535 3687 675 3750 equivalent
691 3697 724 3745 to,
742 3683 790 3734 and
814 3682 901 3732 indeed
921 3681 1012 3730 lormed
1029 3681 1091 3728 from
1112 3678 1154 3728 tbe
1170 3678 1245 3728 Latin

152 3771 284 3828 consulere,
296 3771 378 3822 which
389 3773 434 3822 bus
445 3774 507 3822 been
518 3772 606 3836 proved
618 3781 645 3822 tu
661 3772 722 3820 bave
734 3770 775 3819 the
787 3766 949 3827 signification
967 3773 1009 3815 ‘to
1020 3773 1099 3815 extort
1110 3779 1198 3828 money
1213 3766 1244 3828 by

152 3863 205 3912 dint
214 3863 242 3911 01
255 3857 362 3910 threnis!
390 3869 511 3914 Διασειειν
523 3858 754 3924 importsextortion
766 3857 796 3920 by
807 3855 897 3905 tbrests
908 3854 937 3902 01
949 3850 1067 3909 violabam
1086 3865 1243 3916 συκοφαντειν

152 3948 204 3998 thet
215 3949 247 4010 by
261 3947 350 4002 threats
361 3947 389 3996 of
404 3950 490 4014 unjust
501 3945 648 4003 accusation,
656 3945 714 3994 salse
723 3937 905 3992 information.”
