3146 5266
505 521 506 525 κ
547 479 614 566 'nu
635 505 750 566 Lucu
772 505 974 566 nuruum.
1273 516 1308 571 u

263 675 310 729 14.
333 671 428 728 Tanta
447 680 491 728 est
510 671 643 730 naturalis
663 671 734 748 legis
758 671 811 739 vis,
833 679 948 741 utque
970 679 1067 728 contra
1087 689 1150 728 cam
1170 673 1242 733 fiunt
1254 693 1312 734 non

219 781 325 830 tantum
339 771 396 828 siut
408 763 532 845 pcccatis
546 770 730 837 accensenda,
745 770 796 827 sed
816 777 843 828 et
862 770 941 828 omni
954 779 1066 828 caream
1077 771 1186 840 robore,
1201 774 1312 846 quoties

218 879 295 928 actus
308 869 472 946 prohibetur
485 870 523 926 ob
535 870 680 945 potestatis
693 869 844 937 defectum,
858 867 904 926 vel
923 869 959 926 ob
982 869 1181 946 turpitudinem
1200 891 1264 945 qum
1284 873 1312 931 ei

123 1011 125 1016 ,
218 977 380 1028 constanter
393 968 521 1026 inhaeret.
601 995 603 1000 ·

261 1073 309 1126 15.
331 1063 421 1126 Nulla
434 1067 502 1124 fieri·
514 1073 608 1141 potest
625 1066 697 1142 legis
710 1066 845 1124 naturalis
858 1067 988 1133 mutatio,
1002 1085 1069 1124 nam
1084 1086 1178 1126 rerum
1192 1069 1314 1128 essentia

219 1168 325 1235 nititur,
339 1174 418 1224 etex
431 1166 489 1224 Dei
502 1165 624 1226 essentia
644 1159 730 1224 ueluti
752 1165 901 1224 derivatur.
942 1167 1074 1224 Attamen
1094 1168 1125 1225 in
1143 1168 1312 1240 quibusdam

219 1248 313 1324 rerum
328 1264 469 1341 adjunctis
483 1265 546 1340 ejus
567 1263 699 1338 obligatio
719 1263 900 1340 suspenditur
919 1264 1012 1336 quoad
1030 1283 1092 1324 rem
1112 1267 1235 1340 aliquam
1248 1285 1312 1344 spe·

189 1381 194 1390 ·
219 1365 336 1442 cialern3
347 1365 480 1436 'quamvis
493 1362 570 1420 enim
589 1362 734 1438 praecipiat
745 1362 898 1435 unicuique
916 1363 965 1438 jus
985 1382 1069 1422 suum
1089 1366 1180 1432 tribui,
1191 1365 1313 1438 ideoque

91 1465 98 1486 ¹
192 1541 197 1554 .
219 1462 380 1538 depositum
393 1461 508 1520 domino
524 1462 630 1537 petenti
643 1461 733 1530 reddi,
747 1469 869 1520 attamen
882 1480 939 1518 non
959 1463 1012 1520 erit
1031 1462 1140 1538 gladius
1153 1463 1314 1522 reddendus

221 1562 396 1629 arncnti,·vcl
416 1569 586 1620 venenatum
608 1560 753 1636 poculum,
768 1561 845 1633 quod
867 1561 931 1633 quis
951 1562 1004 1619 sibi
1017 1563 1133 1638 paravit,
1148 1563 1175 1620 ci
1187 1564 1313 1640 praeben·

223 1660 303 1727 dum,
318 1679 406 1732 quum
418 1660 529 1719 dilectio
542 1655 667 1736 proxumi
681 1669 755 1718 vetet
774 1679 810 1717 ne
828 1660 944 1736 justitiae
965 1681 1030 1720 cum
1044 1670 1119 1720 tanto
1133 1662 1194 1737 ejus
1208 1661 1313 1722 damno

223 1759 350 1841 satisfiat.
365 1777 369 1785 ·
392 1759 442 1816 Sic
461 1767 599 1818 secretum
622 1777 660 1816 ex
669 1745 734 1836 jure
747 1769 852 1818 naturae
866 1759 1035 1819 servandum
1049 1770 1107 1818 est:
1129 1759 1206 1834 quod
1219 1771 1313 1820 tamen

221 1857 341 1934 prodere
354 1867 473 1934 oportet,
487 1859 512 1916 si
524 1859 671 1918 innocenti
684 1858 809 1930 alioquin
822 1858 958 1916 damnum
972 1877 1087 1917 enorme
1100 1859 1256 1928 immineat,
1268 1861 1314 1918 vel

203 1957 401 2034 reipublicae:
422 1977 488 2016 nam
507 1967 536 2016 et
557 1967 662 2016 nature
682 1959 816 2016 instinctu
835 1957 868 2016 fit
886 1966 918 2016 ut
933 1958 999 2016 huic
1012 1958 1108 2031 illique
1122 1955 1312 2018 consulamus.

222 2057 365 2114 Arcanum
379 2066 472 2115 autem
491 2057 680 2115 consessionis
694 2057 762 2114 tanti
776 2067 820 2114 est
840 2058 987 2126 momenti,
1002 2067 1031 2115 et
1049 2057 1145 2115 divino
1160 2057 1224 2133 jure
1242 2057 1313 2118 adeo

221 2164 294 2212 arcte
318 2157 483 2232 injungitur,
507 2165 539 2214 ut
560 2155 631 2214 illud
653 2156 730 2214 nullo
753 2157 784 2214 in
804 2175 899 2215 rerum
918 2167 1021 2215 eventu
1040 2156 1178 2236 ullatenus
1192 2157 1311 2232 prodere

218 2254 310 2311 liceat.

264 2357 311 2411 16.
335 2352 425 2411 Nulla
437 2369 482 2411 est
500 2352 610 2411 homini
632 2363 756 2430 potestas
779 2354 808 2412 in
827 2354 890 2431 lege
910 2364 1014 2412 naturae
1034 2354 1227 2430 dispensandi,
1248 2373 1311 2427 que

221 2469 275 2509 nec
285 2460 381 2529 potest
393 2452 596 2511 consuetudine
610 2453 667 2510 ulla
679 2453 725 2510 vel
737 2453 885 2512 hominum
895 2455 1081 2512 conventione
1091 2453 1233 2528 abrogari:
1249 2473 1312 2527 quae

220 2559 316 2608 tamen
327 2549 393 2627 lege
406 2561 512 2612 naturae
525 2552 619 2618 licent,
633 2562 753 2628 possunt
773 2553 870 2620 vetari,
884 2555 966 2627 isque
988 2551 1083 2611 induci
1105 2561 1198 2628 potest
1219 2569 1312 2612 rerum

171 2697 174 2702 .
221 2648 303 2718 ordo,
318 2668 375 2720 quo
385 2649 502 2707 facultas
516 2651 647 2708 naturalis
657 2652 810 2727 plurimum
823 2653 1014 2727 restringatur.
1057 2651 1106 2707 Sic
1115 2650 1204 2708 homo
1217 2659 1314 2707 natura

222 2757 268 2806 est
280 2748 369 2806 liber:
390 2747 536 2806 hominum
549 2758 640 2807 tamen
654 2751 841 2808 conventione
861 2759 888 2805 et
909 2749 975 2806 belli
993 2750 1058 2823 jure
1078 2747 1207 2823 plurimis
1226 2747 1316 2803 ablata

220 2856 265 2906 est
277 2847 410 2904 libertas:
433 2865 489 2918 quo
500 2857 582 2924 pacto
595 2867 689 2906 rerum
703 2847 816 2906 inducta
831 2856 875 2904 est
893 2846 1017 2906 conditio
1031 2865 1093 2920 quae
1108 2844 1223 2919 quidem
1237 2855 1314 2903 natu·

219 2948 269 3004 ruli
278 2947 338 3024 juri
352 2964 410 3004 non
423 2956 569 3024 repugnat,
584 2949 714 3019 quamvis
727 2945 803 3005 haud
817 2946 970 3005 admodum
983 2947 1141 3004 conveniat.
1178 2945 1314 3003 Naturale

219 3047 374 3117 unicuique
389 3055 432 3102 est
440 3047 489 3123 jus
503 3045 677 3122 propagandi
690 3065 779 3122 genus
792 3046 964 3105 humanum:
980 3045 1055 3119 quod
1069 3044 1222 3119 nequidem
1236 3063 1315 3102 man·

220 3146 301 3222 cipiis
316 3144 419 3202 aufem
431 3155 534 3221 potest,
549 3143 600 3228 sed
613 3145 708 3202 obices
723 3145 836 3217 quidam
851 3165 927 3222 saepe
941 3146 1109 3221 objiciuntur
1127 3146 1161 3202 ab
1179 3144 1255 3202 heris
1269 3145 1315 3202 vel

220 3243 328 3320 legibus
337 3245 406 3320 'ejus
420 3245 575 3302 exercitio:
601 3243 677 3314 quod
696 3243 728 3300 fit
749 3246 854 3316 absque
870 3245 943 3321 juris
963 3243 1095 3301 naturalis
1109 3243 1269 3325 violatione,
1290 3244 1315 3300 si

221 3342 363 3400 moderate
378 3353 406 3399 et
426 3361 520 3415 aequas
541 3344 577 3401 ob
590 3361 689 3399 causas
702 3343 759 3401 fiat.
791 3343 954 3419 Optandum
974 3351 1067 3400 tamen
1079 3352 1111 3399 ut
1127 3342 1266 3408 tollantur,
1288 3351 1316 3397 et

221 3441 335 3498 facultas
349 3443 482 3499 naturalis
494 3441 583 3499 libera
600 3441 782 3514 relinquatur.
825 3444 915 3500 Seeus
935 3441 1096 3506 dicendum,
1117 3441 1229 3511 quoties
1252 3439 1315 3506 quis

223 3549 325 3615 sponte
335 3541 394 3615 juri
406 3541 474 3597 huic
486 3540 665 3608 renuntiavit,
679 3542 720 3598 uti
743 3541 880 3616 contingit
902 3557 996 3596 sacros
1010 3536 1124 3595 ordines
1137 3533 1316 3609 suscipienti·

223 3639 287 3695 bus.
330 3637 397 3696 Jure
410 3649 515 3696 naturae
529 3641 625 3696 omnia
647 3641 778 3697 omnibus
798 3638 1054 3706 communicem,
1075 3637 1176 3711 quibus
1197 3634 1316 3712 proinde

223 3755 276 3812 pro
290 3737 426 3813 cujusque
440 3740 608 3796 necessitate
622 3738 677 3794 srui
686 3739 770 3796 licet:
791 3738 940 3799 hominum
954 3747 1045 3798 autem
1059 3738 1245 3796 conventione
1255 3737 1315 3812 jus-

222 3836 331 3893 tissima
344 3855 440 3894 rerum
453 3837 554 3895 divisio
568 3837 641 3894 sacta
650 3847 712 3895 est:
728 3848 899 3916 quapropter
908 3839 969 3915 jam
978 3838 1109 3896 nonlicet
1121 3855 1181 3893 rem
1195 3835 1316 3892 alienam

221 3935 274 3992 sibi
287 3953 433 4011 usurpare.
1014 3931 1017 3940 ’

265 4038 312 4091 17.
333 4033 415 4091 Deus
438 4034 500 4110 ipse
523 4053 582 4093 non
601 4043 696 4111 potest
715 4036 955 4112 dispensationem
981 4032 1146 4101 concedere,
1170 4051 1226 4106 qua
1251 4033 1315 4106 quis

223 4133 330 4191 ratione
343 4142 426 4191 utens
449 4133 629 4210 dispensetur
651 4134 752 4211 alege
775 4144 880 4192 naturae
901 4131 1047 4200 servanda,
1067 4143 1204 4206 quatenus
1224 4133 1316 4208 prima

223 4249 335 4289 morum
354 4231 494 4308 principia
514 4240 637 4310 spectat:
659 4253 712 4290 nec
735 4235 811 4292 enim
831 4234 922 4291 facere
942 4241 1044 4309 potest,
1058 4242 1090 4291 ut
1108 4231 1314 4308 blasphemare,

221 4331 345 4399 mentiri,
358 4330 495 4389 moechari
506 4331 600 4401 liccat,
611 4351 698 4404 quum
711 4331 756 4390 his
770 4332 904 4390 inhaereat
916 4331 1067 4409 turpitudo.
1109 4333 1315 4390 Potesttamen

222 4429 347 4578 tollendp
359 4431 517 4500 materiam,
532 4433 578 4490 vel
596 4431 741 4500 mutando,
762 4431 852 4490 facere
872 4441 903 4489 ut
921 4431 1002 4508 plura
1014 4439 1094 4490 extra
1104 4431 1198 4508 legem
1210 4437 1315 4486 namra

344 4535 396 4580 or..
412 4519 504 4581 I.-·-7
1323 4537 1328 4544 ·
