3068 5256
264 495 322 550 100
545 485 602 548 DE
624 489 796 556 QUARTO
817 487 1069 550 PRAECEPTO.

262 655 337 716 dicta
349 657 394 716 vel
407 655 536 716 convicia
553 657 584 714 in
604 666 734 732 parantes
748 674 843 719 coram
856 655 982 734 conjicit,
995 673 1061 717 reus
1078 663 1121 712 est
1134 637 1229 731 grauis
1249 653 1353 724 delicti,

262 757 337 814 sicut
349 765 377 812 et
389 756 439 829 qui
457 774 506 814 eos
519 765 601 831 gestu
614 755 660 812 vel
672 757 732 816 risu
746 755 912 816 subsannat.
951 756 1074 831 Sapiens
1087 749 1173 812 dicit:
1197 763 1216 790 ‘⁶
1229 754 1353 813 Oculum

263 857 312 928 qui
325 857 478 914 subsannat
489 863 609 931 patrem,
622 863 652 912 et
671 856 721 927 qui
740 855 862 932 despicit
881 863 990 930 portam
1010 854 1107 912 matris
1126 871 1196 921 suae,
1218 853 1354 912 effodiant

262 972 330 1012 eum
342 956 421 1012 corvi
430 955 465 1014 de
479 955 657 1020 torrentibus,
670 963 699 1012 et
711 953 861 1016 comedant
873 973 939 1011 eum
952 953 1004 1012 tilii
1017 946 1165 1025 aquilae.’'¹
1192 953 1354 1012 Murmura·

263 1055 354 1112 tiones
374 1064 467 1114 autern
487 1053 611 1112 filiorum
633 1054 663 1110 in
684 1064 814 1130 parentes
834 1055 963 1112 absentes
983 1051 1059 1110 haud
1079 1049 1151 1109 adeo
1171 1052 1255 1110 facile
1276 1052 1353 1110 dam·

262 1152 362 1212 nanda
385 1163 451 1212 sunt
472 1163 616 1227 tamquam
637 1153 755 1212 lethales
778 1154 880 1229 culpae.
923 1151 1010 1208 Nolle
1032 1168 1187 1225 agnoscere
1210 1159 1352 1226 parentes,

262 1271 368 1324 eosque
390 1272 529 1330 pauperes
550 1252 706 1328 despicere,
728 1253 894 1328 plerumque
916 1260 1002 1326 grave
1025 1258 1087 1307 est:
1107 1251 1237 1309 excusari
1259 1259 1353 1308 autem

261 1361 361 1427 posset
372 1352 421 1425 qui
434 1361 543 1427 patrem
556 1352 692 1410 infamem
705 1353 824 1426 fugeret,
834 1350 980 1422 nolletque
993 1349 1086 1425 palam
1101 1367 1265 1426 agnoscere.
1299 1350 1353 1407 Ao·

262 1469 360 1509 ousare
373 1464 504 1528 parentes
524 1452 553 1508 in
567 1451 628 1508 foro
647 1450 724 1508 civili
744 1449 870 1506 oriminis
890 1449 1020 1523 alicujus,
1040 1448 1096 1504 nisi
1116 1448 1212 1508 nullm
1233 1447 1304 1506 alius
1317 1448 1354 1505 sit

261 1550 364 1609 modus
378 1551 538 1628 reipublieae
552 1547 730 1615 consulendi,
744 1547 837 1624 gravis
856 1557 899 1603 est
917 1546 1021 1622 culpa:
1042 1547 1116 1604 sicut
1134 1548 1219 1606 etiam
1231 1546 1295 1610 lites
1311 1547 1353 1604 eis

261 1650 407 1706 intentare.

300 1750 349 1805 93.
372 1747 480 1806 Contra
492 1743 692 1804 obedientium
711 1752 809 1821 peceat
828 1744 903 1802 tilius
917 1746 1047 1819 graviter,
1069 1743 1182 1815 quoties
1203 1750 1353 1818 parentum

262 1858 434 1923 praeceptum
448 1846 477 1904 in
489 1866 519 1904 re
533 1846 611 1921 gravi
624 1844 834 1922 transgreditur,
849 1862 911 1916 quae
924 1843 1033 1902 seilicet
1051 1842 1148 1918 magni
1167 1843 1203 1898 sit
1215 1843 1354 1900 momenti

261 1944 296 2002 ad
319 1944 502 2004 domesticam
524 1945 768 2021 gubernationem,
788 1945 1005 2010 bonosanores,
1027 1941 1073 1998 vel
1096 1942 1196 1998 animae
1220 1941 1352 1999 salutern.

262 2042 340 2102 Hinc
354 2044 412 2101 filia
425 2063 487 2115 quae
501 2063 558 2101 non
572 2043 631 2100 vult
646 2043 762 2118 juvenis
776 2041 905 2098 deserere
927 2042 1108 2107 consortium,
1123 2038 1200 2112 quod
1220 2050 1354 2115 parentes

261 2140 445 2200 vehementer
455 2151 550 2197 vetant
569 2142 605 2198 ob
623 2141 720 2215 lapsus
740 2140 908 2217 periculum,
922 2141 1050 2226 ¹graviter
1069 2149 1177 2215 peccat.
1219 2139 1354 2211 Plerique

261 2239 377 2311 quidam
389 2248 467 2298 actis
482 2239 531 2311 qui
544 2239 711 2298 obedientie
731 2250 899 2316 repugnant,
921 2257 978 2296 non
998 2249 1064 2296 suut
1076 2237 1199 2313 babendi
1211 2239 1354 2305 mortales,

260 2338 315 2396 nisi
329 2347 458 2414 parentes
478 2339 612 2396 instanter
632 2340 806 2415 praecipiant,
821 2340 867 2396 vel
886 2358 1001 2415 gravem
1022 2334 1163 2396 tristitiam
1184 2356 1221 2394 ex
1235 2338 1270 2394 iis
1289 2357 1355 2396 oon·

261 2438 368 2510 cepturi
381 2446 540 2494 noscantur.
583 2435 770 2496 Consuetudo
783 2447 875 2496 autem
890 2447 1031 2514 praeoepta
1042 2436 1167 2494 violandi
1181 2436 1355 2494 auctoritatis

260 2537 356 2610 patriae
370 2537 544 2611 contemptui
564 2537 622 2594 sere
636 2539 832 2613 aequiparatur.
874 2537 909 2596 In
922 2537 1103 2596 matrimonio
1116 2536 1241 2593 ineundo
1254 2535 1355 2592 volun·

260 2643 301 2691 tas
314 2645 462 2712 parentum
476 2634 652 2709 exquirenda
664 2646 717 2704 est,
735 2637 889 2712 praesertim
903 2637 937 2693 ab
951 2637 985 2692 iis
1000 2637 1049 2708 qui
1066 2636 1150 2712 juxta
1162 2635 1242 2710 legas
1255 2634 1354 2692 civiles

260 2735 387 2811 suijuris
407 2735 484 2794 haud
500 2737 703 2812 agnoscuntur.
745 2736 802 2802 Qui
822 2735 907 2811 igitur
928 2750 1079 2807 antequam
1104 2734 1276 2810 vigesimum
1298 2735 1356 2809 pri·

260 2852 340 2892 mum
353 2854 458 2892 annum
472 2830 702 2912 compleverint,²
721 2835 883 2910 parentibus
905 2835 1081 2901 inconsultis
1095 2833 1140 2890 vel
1153 2833 1356 2890 rationabiliter

260 2931 365 2998 invitis
375 2933 487 3008 nuptias
501 2934 678 3000 contrahunt,
693 2953 709 2990 a
721 2932 817 2989 lethali
830 2933 915 3009 culpa
927 2953 984 2991 non
998 2933 1080 2991 facile
1093 2941 1274 2989 excusantur.
1305 2933 1356 2990 Sa-

259 3027 388 3086 cerdotes
402 3030 451 3100 qui
460 3030 573 3104 nuptias
587 3031 785 3106 hujuscemodi
798 3030 948 3100 celebrant,
965 3031 1075 3090 mulctae
1090 3027 1303 3108 subjiciuntur.³

299 3130 348 3183 94.
371 3125 480 3184 Contra
492 3145 624 3187 umorem
638 3130 760 3204 graviter
772 3139 871 3205 peccat
890 3131 975 3200 filius,
990 3132 1016 3188 si
1029 3130 1094 3188 odio
1107 3139 1240 3207 parentes
1253 3149 1352 3204 prose·

260 3235 373 3295 quatur,
387 3229 415 3282 et
427 3245 512 3302 grave
526 3229 632 3286 malum
654 3229 689 3286 iis
710 3247 747 3286 ex
765 3230 861 3286 animo
881 3240 1014 3308 exoptem
1036 3230 1061 3286 si
1080 3249 1130 3288 eos
1151 3227 1224 3286 male
1245 3238 1353 3294 tractet,

259 3332 339 3383 torvo
353 3326 436 3382 oculo
446 3345 523 3402 saepe
532 3327 793 3404 intuentum-aspere
801 3327 966 3401 alloquatur,
981 3329 1093 3402 aliaque
1102 3327 1149 3385 det
1159 3327 1218 3386 odii
1228 3327 1353 3388 indicia:

259 3433 288 3481 et
301 3426 326 3485 si
340 3426 375 3483 iis
389 3425 515 3484 subsidia
528 3425 563 3482 ad
576 3428 695 3484 salutern
710 3428 835 3504 negligat
847 3447 1022 3504 comparare,
1032 3427 1063 3488 in
1073 3429 1152 3503 gravi
1165 3427 1212 3484 vel
1224 3437 1355 3484 extrema

258 3527 436 3584 necessitate.
479 3534 498 3561 ‘⁶
512 3525 644 3585 Graviter
655 3525 721 3585 ideo
734 3536 854 3602 peceant
865 3527 927 3596 filii,
941 3529 966 3585 si
987 3546 1046 3586 non
1064 3535 1165 3584 curent
1177 3535 1208 3584 ut
1220 3535 1353 3601 parentes

258 3626 287 3680 iu
301 3626 418 3685 articulo
431 3627 531 3686 mortis
544 3627 697 3693 constituti,
712 3627 868 3703 suscipiant
880 3635 1087 3686 sacramentum
1102 3625 1355 3704 prenitentiae.’'-

293 3878 335 3944 (l)
355 3876 427 3927 Prov.
439 3892 498 3928 nx·
512 3880 550 3929 17.

291 3965 330 4028 (2)
350 3963 378 4012 ln
391 3970 456 4013 statu
468 3963 594 4014 Dalawara
611 3963 668 4015 filie
681 3966 815 4016 octodecim
832 3983 910 4023 annos
921 3978 984 4019 nata
993 3971 1084 4020 nubere
1096 3978 1199 4037 possunt
1210 3971 1302 4033 absque
1313 3985 1353 4034 pa-

256 4055 350 4098 rentam
362 4064 492 4099 consensu.

290 4132 330 4199 (3)
343 4129 411 4192 Lege
423 4131 609 4199 Pennoylvanio
627 4138 718 4187 mulcta
735 4137 914 4201 qulnquaginta
931 4140 1049 4189 librarum
1067 4140 1229 4204 Angliearum
1249 4139 1353 4204 imponi-

256 4225 303 4275 tur;
315 4217 368 4276 lage
379 4214 459 4264 Novae
476 4217 565 4267 larsem
582 4227 744 4272 tercentorum
763 4217 919 4283 scutatorum,
938 4225 990 4286 lega
1001 4224 1129 4276 Dalawaro
1146 4232 1246 4276 centurn
1266 4225 1354 4274 saltem

257 4307 413 4358 mutatorum,
425 4302 463 4349 val
474 4302 547 4351 etiam
556 4304 755 4368 quingentorum,
761 4309 852 4374 judicis
863 4309 966 4359 arbitrio.

1523 541 1526 628 ⁴
