3078 5258
255 454 311 512 rec
568 446 624 505 DE
646 445 772 508 Mlssn
790 443 1024 504 AUDIENDA.

292 620 321 672 8.
343 613 435 672 Instar
453 612 539 670 unius
562 611 657 671 Missa
682 620 726 668 est
750 609 899 678 audienda,
926 627 979 666 nec
1005 607 1170 666 “satisfacit
1196 617 1339 684 praeopto

254 713 392 772 Ecclesiae
413 710 448 768 de
469 710 609 769 audiendo
632 729 723 778 sacro,
737 710 786 782 qui
808 708 878 766 duas
901 709 964 784 ejus
986 716 1090 783 partes,
1111 709 1201 764 immo
1221 716 1343 778 quatuor

254 810 339 870 simul
352 831 369 868 a
382 809 500 868 diversis
513 809 720 869 celebrantibus
734 807 811 864 audit
821 806 852 874 ;”
870 808 934 881 jure
948 806 1024 864 enim
1034 807 1190 878 meritoque
1204 805 1343 862 Innocen-

254 911 309 970 tius
323 908 377 967 Xl.
392 925 456 966 eam
468 909 691 985 propositionem
704 899 847 964 conlinit.1
888 905 923 962 ln
935 903 1023 962 dubio
1033 907 1250 962 vertiturutrum
1263 904 1343 960 satis-

254 1009 337 1068 saciat
344 1005 470 1081 quiduas
479 1005 719 1082 partesaduobus
729 1002 920 1061 sacerdotibus
930 1003 1091 1060 successive
1101 1001 1194 1060 audit:
1215 1021 1249 1058 v:
1271 1020 1306 1076 gr
1328 1021 1345 1058 a

254 1124 363 1166 canone
386 1123 476 1177 usque
497 1104 648 1170 adfinem,
670 1113 698 1160 et
716 1101 851 1177 deinceps
877 1103 912 1160 ab
930 1102 1011 1159 initio
1030 1120 1124 1174 usque
1139 1099 1176 1156 ad
1192 1117 1341 1158 canonem.

254 1206 378 1265 Plurimi
394 1204 522 1278 insignes
531 1201 660 1261 doctores
670 1201 819 1267 affirmant,
834 1199 896 1258 aliis
910 1200 1086 1275 negantibus.
1128 1199 1160 1256 S.
1174 1198 1341 1275 Alphonsus

254 1304 290 1362 de
304 1303 421 1380 Ligorio
435 1310 532 1358 censet
545 1300 733 1359 affirmantem
746 1299 913 1356 sententiam
932 1297 1114 1373 probabilem,
1129 1298 1155 1354 si
1168 1297 1342 1354 consecratio

255 1412 284 1460 et
302 1401 466 1459 communio
485 1401 515 1457 in
542 1399 640 1458 eadem
655 1397 748 1456 Missa
766 1398 844 1463 sint;
863 1415 946 1454 secus
969 1397 995 1452 si
1016 1397 1080 1468 quis
1097 1395 1216 1455 audierit
1234 1403 1342 1470 partem

256 1499 471 1576 Licurgtaecuae
489 1499 617 1571 sequitur
639 1497 881 1554 consecrationem
901 1495 935 1552 ab
955 1513 1013 1552 uno
1026 1493 1171 1552 sacerdote
1188 1494 1341 1558 recitatam,

256 1608 285 1656 et
304 1599 419 1654 alteram
439 1598 473 1653 ab
493 1597 576 1653 initio
601 1612 691 1666 usque
717 1593 752 1650 ad
772 1593 1015 1651 consecrationem
1027 1592 1168 1650 inclusive
1181 1593 1215 1648 ab
1234 1591 1341 1648 altero:

255 1696 349 1754 unitas
370 1694 446 1750 enim
467 1694 598 1752 sacrificii
617 1693 860 1751 consecrationem
879 1700 907 1748 et
932 1692 1175 1750 communionem*
1190 1691 1222 1748 in
1243 1688 1343 1748 eadem

257 1795 352 1853 Missa
364 1793 462 1868 exigit.

296 1896 326 1950 9.
348 1891 458 1950 Somno
472 1893 522 1966 qui
535 1891 662 1968 indulget
681 1890 749 1948 durn
769 1891 863 1949 Missa
881 1889 1046 1958 celebratur,
1059 1889 1186 1947 humana
1204 1897 1233 1945 et
1245 1886 1345 1944 morali

258 1991 409 2070 prasentia
422 2009 479 2049 non
493 1989 590 2049 adest:
612 1989 773 2048 satisfacere
787 1997 879 2046 autem
892 1986 1052 2046 censendus
1066 1996 1110 2044 est
1121 1987 1168 2044 ille
1182 1987 1233 2058 qui
1244 2003 1345 2044 somno

257 2088 345 2146 veluti
358 2097 486 2154 vexatus,
501 2096 637 2162 quantum
650 2095 753 2162 potest,
768 2088 868 2146 Missa
883 2085 1028 2144 audiendae
1042 2085 1089 2143 dat
1100 2103 1227 2162 operam.

300 2189 347 2242 10.
369 2186 427 2250 Qui
447 2186 477 2242 in
502 2185 608 2261 templo
631 2183 718 2252 adest,
745 2186 792 2244 vel
812 2193 891 2242 extra
914 2184 1012 2260 templi
1032 2193 1152 2259 portam,
1173 2201 1225 2239 nec
1250 2191 1344 2238 tamen

258 2283 332 2341 valet
344 2283 519 2343 sacerdotem
533 2283 722 2341 celebrantem
735 2283 830 2343 videre
843 2284 879 2340 ob
890 2283 1065 2359 interjectam
1073 2283 1244 2348 columnam,
1252 2280 1344 2355 parie-

259 2391 326 2447 tem,
340 2381 386 2436 vel
399 2381 493 2448 altare,
502 2380 636 2438 satisfacit
648 2390 792 2457 precepto
805 2381 830 2437 si
844 2399 881 2439 ex
894 2381 995 2456 populi
1004 2380 1171 2448 actionibus,
1180 2378 1344 2456 pulsationi·

225 2497 228 2502 ·
258 2480 310 2536 bus
337 2478 524 2546 tintinnabuli,
545 2478 590 2535 vel
610 2496 680 2536 voce
701 2477 865 2546 sacerdotis,
889 2479 980 2553 possit
1001 2479 1176 2552 aliquatenus
1196 2477 1344 2554 percipere

259 2595 322 2651 quae
343 2585 474 2656 aguntur,
495 2577 615 2656 ipseque
638 2576 676 2634 sit
693 2577 801 2655 populo
824 2575 969 2636 adsistenti
991 2569 1202 2649 buodammodo
1216 2576 1348 2652 conjunc-

260 2684 315 2734 tus.

305 2779 352 2832 11.
375 2773 602 2836 Controvertitur
614 2777 686 2834 inter
699 2776 846 2852 theologos
860 2775 895 2832 de
912 2775 1063 2832 attentione
1076 2775 1214 2846 requisita
1226 2772 1262 2830 ad
1274 2770 1351 2830 audi·
1450 2855 1451 2858 Ἴ

260 2873 363 2930 endam
375 2874 507 2932 Missam.
522 2874 567 2929 De
577 2873 661 2948 Lugo
669 2893 735 2931 cum
744 2874 805 2930 aliis
814 2881 890 2930 tenet
899 2873 1060 2930 Ecclesiam
1070 2874 1253 2930 attentionem
1262 2870 1349 2928 animi

261 2969 296 3025 ad
317 2970 448 3036 Sacrum,
469 2969 681 3040 orationemque
701 2972 834 3031 comitem
859 2989 917 3028 non
930 2971 1056 3046 exigere,
1078 2971 1145 3044 quia
1170 2969 1205 3026 de
1231 2969 1348 3026 internis

262 3066 371 3122 actibus
380 3064 474 3140 legem
483 3064 556 3121 ferre
569 3067 683 3136 nequit;
698 3068 828 3138 quamvis
842 3068 1025 3126 vehementer
1035 3070 1131 3144 cupiat
1139 3067 1238 3126 fideles
1248 3085 1351 3141 magna

259 3181 326 3220 cum
346 3163 434 3220 animi
447 3162 597 3220 devotione
614 3163 723 3220 adesse·
765 3165 824 3223 Alii
837 3167 952 3243 plurimi
965 3176 1082 3224 censent
1101 3166 1240 3224 Ecclesiae
1254 3173 1347 3240 potes·

259 3270 345 3319 tatem
367 3261 401 3320 ad
421 3262 547 3320 internos
567 3270 644 3320 actus
664 3261 808 3322 indirecte
828 3266 1000 3341 pertingere,
1021 3283 1141 3338 eamque
1162 3283 1221 3323 non
1241 3273 1348 3322 tantum

260 3361 374 3436 exigere
387 3370 418 3418 ut
425 3360 549 3418 exterior
558 3370 685 3418 servetur
693 3365 859 3431 reverentia,
869 3363 920 3419 sed
929 3372 961 3420 ut
967 3364 1063 3422 animo
1074 3364 1109 3421 ad
1119 3363 1214 3422 divina
1227 3362 1346 3429 elevato,

261 3459 371 3536 Spiritu
391 3469 420 3515 et
437 3459 551 3516 veritate
572 3458 668 3518 Deum
687 3461 825 3518 colamus.
868 3460 942 3518 Haec
965 3463 1103 3521 sententia
1121 3461 1301 3519 communior
1320 3469 1349 3517 et

262 3557 464 3634 probabiliora
483 3557 515 3613 S.
537 3557 688 3633 Alphonso
702 3559 737 3618 de
756 3561 874 3636 Ligorio
896 3555 1044 3626 vocatum2
1062 3560 1111 3618 illa
1123 3558 1189 3617 verb
1209 3557 1349 3636 probabili

259 3656 366 3712 ratione
379 3664 408 3709 et
420 3655 548 3728 gravium
561 3653 708 3714 doctorum
721 3659 882 3716 auctoritate
902 3677 960 3716 non
979 3662 1072 3716 caret:
1093 3666 1265 3734 quapropter
1284 3675 1349 3714 con·

260 3752 416 3810 cionatores
431 3759 459 3806 et
470 3751 635 3808 confessarii
648 3756 756 3811 cautius
769 3756 848 3828 loqui
867 3754 978 3822 debent,
992 3775 1028 3813 ne
1047 3757 1183 3829 laqueum
1202 3755 1348 3814 animabus

260 3849 397 3926 injiciant,
412 3848 479 3906 dum
492 3866 539 3905 eas
553 3849 666 3906 incertae
678 3851 751 3926 legis
764 3852 877 3911 vinculo
891 3852 1077 3929 adstringunt.

303 3952 349 4004 12.
371 3949 430 4013 Qui
442 3958 568 4024 tempore
582 3947 682 4006 Missae
696 3950 726 4006 in
739 3951 845 4027 templo
858 3951 1016 4019 confitetur,
1028 3970 1085 4010 non
1098 3950 1209 4010 videtur
1222 3951 1347 4028 pluribus

261 4044 400 4120 theologis
415 4048 514 4105 Missae
528 4045 674 4104 audiendae
688 4049 848 4108 satisfacere
858 4059 1009 4126 praecepto,
1019 4052 1256 4126 quianonpotest
1265 4049 1348 4106 etiam

261 4141 386 4198 exterius
400 4145 558 4202 attendere:
580 4156 646 4204 sunt
658 4155 753 4209 tamen
766 4146 841 4208 lraud
854 4149 933 4224 parvi
946 4149 1070 4207 nominis
1084 4147 1210 4224 theologi
1223 4148 1272 4220 qui
1285 4163 1347 4204 cen·

497 4328 539 4392 (l)
559 4326 632 4396 Prop.
641 4331 684 4382 liii.
941 4333 983 4400 (2)
1003 4331 1033 4382 L.
1045 4333 1114 4385 iii-n.
1126 4333 1184 4384 31³.
