3146 5266
695 1257 837 1318 CAPUT
857 1259 910 1318 v1.

632 1489 678 1529 DE
705 1489 975 1530 Pusuouuuus,

302 1671 350 1726 57.
373 1665 430 1724 His
445 1685 508 1739 quae
522 1665 557 1724 de
580 1668 689 1724 actibus
703 1667 837 1725 humanis
852 1666 990 1736 diximus,
1004 1665 1141 1726 nonnulla
1163 1663 1197 1723 de
1211 1664 1351 1742 passioni·

261 1767 313 1823 bus
328 1764 509 1842 adjungenda
521 1775 597 1824 sunt.
639 1767 743 1824 Passio
757 1766 833 1842 apud
846 1765 1035 1843 philosophos
1049 1764 1255 1842 theologosque
1268 1783 1351 1822 voca·

261 1874 306 1923 tur
318 1875 412 1924 motus
426 1866 525 1935 animi,
540 1885 590 1923 scu
613 1865 749 1924 affectus:
773 1868 832 1937 qni,
856 1875 996 1937 quatenus
1018 1866 1133 1924 rationis
1158 1873 1186 1922 et
1198 1863 1350 1922 voluntatis

261 1965 384 2042 imperio
413 1968 569 2044 subjacent,
592 1966 660 2023 boni
682 1975 757 2032 suut,
781 1966 827 2022 vel
848 1965 924 2022 mali
968 1965 1105 2023 “Rectus
1129 1962 1240 2032 amor,''
1261 1963 1352 2036 iuquit

261 2064 450 2139 Augustinus,
466 2073 596 2122 “omncs
618 2064 686 2120 istas
701 2061 866 2121 affectiones
888 2073 978 2122 rectas
1001 2063 1103 2121 habet:
1125 2071 1255 2122 metuunt
1274 2061 1351 2120 enim

261 2180 393 2238 peccare,
408 2163 528 2240 cupiunt
537 2180 731 2238 perseverare,
746 2163 843 2221 dolent
850 2164 880 2222 iu
890 2164 1025 2240 peccatis,
1035 2162 1159 2239 gaudent
1171 2164 1201 2222 iu
1214 2161 1350 2238 operibus

260 2254 391 2318 bonis.'’l
438 2260 583 2334 Equidem
607 2262 696 2319 Stoici
715 2261 844 2320 dicuutur
869 2263 955 2320 veluti
974 2263 1062 2323 arumi
1084 2263 1207 2329 morbos,
1235 2259 1351 2316 affectus

262 2377 372 2428 omnes,
396 2379 447 2418 seu
469 2361 689 2435 perturbationes
714 2362 811 2429 animi,
825 2362 866 2419 uti
885 2382 902 2418 a
915 2361 1012 2418 Tullio
1024 2370 1167 2428 vocantur,
1179 2358 1329 2417 damnasse
1342 2377 1349 2414 :

262 2456 313 2514 sed
338 2478 355 2516 a
376 2458 415 2516 D.
443 2459 560 2518 Thoma
585 2459 761 2536 explicantur
785 2459 819 2517 de
846 2461 968 2518 motibus
992 2469 1071 2516 extra
1095 2457 1198 2516 limites
1224 2458 1351 2523 rationis,

262 2567 433 2635 quapropter
454 2569 552 2616 censet
573 2577 623 2617 eos
646 2578 726 2627 voce,
750 2561 841 2636 magis
861 2535 945 2632 qriam
959 2559 1107 2625 sententia,
1123 2576 1139 2612 a
1153 2554 1351 2630 Peripateticis

262 2650 459 2714 dissensisse.2
499 2658 590 2716 Amor
599 2659 760 2735 praeeipuus
771 2668 815 2716 est
824 2660 910 2716 animi
920 2666 1014 2715 motus
1027 2665 1056 2712 et
1068 2664 1233 2714 caeterorum
1247 2652 1330 2710 radix
1343 2672 1351 2719 ;

261 2772 299 2812 ex
313 2773 348 2811 eo
362 2757 467 2833 quippe
481 2755 654 2815 desiderium
667 2758 800 2828 nascitur,
815 2775 940 2833 spesque
954 2754 1140 2832 adipiscendi,
1153 2771 1219 2810 eum
1233 2750 1352 2809 audacia

262 2852 298 2910 ad
321 2855 541 2930 aggrediendum
565 2875 627 2929 quae
651 2855 687 2913 ad
706 2855 735 2912 id
757 2857 920 2923 inserviant,
935 2864 964 2912 et
985 2853 1087 2928 gaudio
1101 2851 1224 2910 debono
1238 2850 1348 2924 adepto.

262 2949 302 3006 Ei
314 2953 466 3026 opponitur
478 2952 575 3012 odium
586 2955 663 3021 mali,
677 2971 714 3010 ex
724 2970 792 3024 quo,
806 2955 891 3009 timor
902 2953 1025 3028 fugaque
1036 2953 1172 3017 oriuntur,
1186 2950 1231 3006 vel
1244 2948 1352 3004 tristitia

262 3048 287 3104 si
301 3049 406 3106 malum
430 3053 621 3127 superveniat.
663 3050 833 3127 Desperatio
855 3052 940 3108 etiam
963 3048 1056 3106 obruit
1078 3050 1217 3114 animum,
1238 3047 1351 3120 quoties

262 3146 341 3203 nulla
360 3165 427 3223 spes
441 3149 578 3208 evadendi
592 3150 718 3224 affulget.

301 3248 350 3302 58.
372 3245 462 3305 Amor
484 3247 728 3327 concupiscentia
751 3256 795 3304 est
817 3265 873 3318 quo
894 3247 958 3319 quis
981 3243 1100 3306 alterurn
1124 3254 1240 3322 propter
1262 3263 1342 3302 suam

261 3343 407 3403 utilitatem
421 3345 529 3424 diligitr
551 3345 694 3407 amicitior
717 3345 818 3402 dicitur
845 3346 870 3402 si
893 3345 1011 3403 dilectus
1035 3355 1150 3424 propter
1173 3363 1204 3401 sc
1228 3353 1346 3401 ametur.

262 3441 415 3502 Inbonum
436 3465 515 3504 amor
536 3446 632 3513 fertur,
656 3444 708 3502 scd
729 3463 801 3501 vana
814 3446 925 3522 species
947 3462 1025 3519 saepe
1048 3444 1129 3502 nobis
1151 3441 1261 3501 illudit:
1283 3461 1351 3515 qua·

261 3551 378 3618 propter
390 3563 484 3603 rerum
498 3547 647 3604 noxiarum
662 3564 757 3603 amore
772 3545 902 3622 abreptos
916 3544 1068 3615 alloquitur
1083 3541 1220 3600 Salomon
1232 3562 1239 3598 ε
1263 3551 1281 3576 ‘⁴
1295 3542 1351 3599 Us-

263 3658 378 3711 quequo
391 3644 503 3716 parvuli
516 3643 630 3718 diligitis
644 3645 802 3710 infantiam,
817 3653 845 3701 e't
866 3644 943 3701 stulti
966 3662 1000 3700 ea
1022 3662 1085 3716 quae
1108 3642 1163 3699 sibi
1186 3649 1251 3698 suut
1264 3641 1352 3699 noxia

262 3731 437 3810 cupienti”⁸
477 3738 587 3795 Rerum
610 3740 734 3812 cognitio
756 3739 792 3796 ad
815 3760 942 3798 amorem
955 3740 1137 3798 excitandum
1157 3741 1284 3807 inservit,
1299 3741 1351 3812 qui

262 3834 388 3894 maxime
398 3833 560 3893 accenditur
573 3854 610 3893 ex
624 3835 784 3893 animorum
798 3837 993 3906 similitudine,
1008 3841 1064 3897 nisi
1078 3838 1144 3897 inde
1158 3840 1263 3896 oriatur
1276 3840 1350 3896 obex

263 3933 353 4003 alteri,
366 3935 409 3994 uti
420 3935 550 4013 superbis
564 3934 646 3992 facile
660 3934 806 4010 contingit.
848 3935 894 3993 Ad
916 3937 1147 4013 conjunctionem
1160 3936 1249 3996 tendit
1262 3956 1351 4004 amor,

263 4050 330 4090 nam
344 4034 445 4094 affectu
460 4045 585 4095 amantes
598 4053 688 4092 unum
701 4043 777 4092 sunt.
819 4035 926 4094 Anima
947 4046 1043 4094 sancta
1064 4037 1129 4095 Deo
1152 4035 1272 4094 amando
1286 4055 1351 4093 eon·

259 4131 388 4208 jungitur
401 4135 473 4192 miro
483 4153 600 4210 prorsus
611 4133 696 4192 modo
708 4153 715 4190 :
738 4143 757 4169 ‘⁶
769 4135 819 4207 qui
831 4143 926 4193 manet
935 4137 964 4193 in
974 4136 1116 4203 charitate,
1130 4136 1160 4193 in
1170 4134 1235 4193 Deo
1245 4146 1350 4203 manet,

264 4238 293 4286 et
305 4229 387 4288 Deus
400 4233 431 4289 in
452 4229 536 4290 eo.”⁴
575 4233 667 4290 Extra
686 4234 814 4309 seipsum
837 4233 1047 4308 quodammodo
1060 4236 1147 4292 fertur
1160 4236 1210 4307 qui
1223 4232 1352 4290 ardenter

265 4338 349 4397 amat,
364 4328 435 4388 adeo
443 4340 475 4388 ut
488 4332 532 4389 sui
545 4331 646 4390 oblitus
657 4332 686 4387 in
700 4342 791 4392 amato
802 4334 991 4406 conquiescat.
1035 4333 1165 4392 Studium
1186 4331 1251 4390 inde
1265 4332 1352 4389 oritur

301 4496 344 4560 (l)
363 4493 394 4544 L.
404 4495 447 4545 xiv
457 4496 561 4548 dccix.
848 4500 890 4564 (2)
912 4502 966 4548 Lu.
978 4497 1149 4563 qu.1xiv.srt.
1161 4499 1186 4549 ii.
1218 4498 1293 4564 Καρ.

300 4580 343 4645 (3)
363 4579 434 4634 Prov.
444 4581 461 4632 i.
473 4584 514 4631 22.
826 4638 828 4642 .
847 4583 889 4648 (4)
910 4582 923 4632 1
936 4581 1008 4634 Josn·
1018 4581 1051 4634 iv.
1062 4583 1101 4632 16.
