3076 5260
608 1333 749 1395 CAPUT
770 1333 808 1392 V.

441 1561 479 1601 DE
501 1561 684 1600 FORENSIBUS
705 1561 969 1602 OBLIGATIONIBUS.

571 1778 624 1852 §L
659 1777 707 1836 Du
721 1779 845 1838 Jumcn.

204 1965 272 2020 101.
294 1959 395 2020 Juunx
418 1957 501 2018 debet
522 1961 619 2038 legum
641 1960 749 2038 pollere
772 1961 899 2028 scientia,
914 1968 943 2018 et
959 1960 1077 2038 justitiae
1098 1978 1193 2020 amore
1207 1959 1255 2018 fla-

163 2079 243 2138 grare
255 2053 278 2118 :¹
300 2059 446 2136 “Diligite
455 2059 595 2136 justitiam
609 2061 658 2133 qui
673 2059 807 2138 judicatis
826 2053 978 2118 terram.’'2
1019 2067 1038 2096 ‘⁶
1050 2059 1120 2118 Noli
1130 2077 1255 2132 quaerere

163 2159 225 2217 fieri
234 2157 335 2236 judex,
350 2157 407 2216 nisi
421 2157 514 2215 valeas
535 2160 636 2217 virtuts
649 2159 807 2236 irrumpere
828 2159 1008 2232 iniquitates:
1030 2177 1067 2216 ne
1089 2157 1161 2216 sorte
1185 2157 1257 2215 exti-

164 2274 274 2316 mescas
288 2258 391 2316 faciem
404 2257 539 2332 potentis,
553 2265 582 2316 et
593 2275 685 2334 ponas
699 2256 866 2317 scandalum
879 2258 910 2314 in
932 2256 1062 2328 aequitate
1076 2248 1172 2314 tua.’'³
1212 2254 1258 2312 Rc

164 2353 235 2414 bene
249 2373 386 2432 expensa,
401 2361 429 2412 et
441 2356 564 2432 partium
578 2355 759 2414 adversarum
781 2356 885 2415 auditis
898 2355 1066 2422 rationibus,
1080 2354 1164 2412 debet
1181 2351 1258 2430 judi·

164 2471 237 2521 care,
249 2454 325 2512 haud
339 2471 376 2512 ex
389 2454 477 2530 gratia
489 2453 534 2511 vel
549 2453 625 2522 odic,
636 2454 688 2512 sed
697 2455 781 2532 juxta
793 2455 933 2529 aequitatis
947 2451 1109 2522 dictamina,
1123 2461 1152 2512 et
1159 2452 1257 2529 legum

163 2553 342 2620 sententiam,
356 2567 542 2626 personarum
556 2551 719 2610 discrimine
740 2553 881 2627 neglecto.
923 2551 972 2608 Sic
986 2552 1122 2626 praecepit
1134 2551 1258 2624 Moyses

158 2646 304 2724 judicibus
327 2668 344 2706 a
366 2664 397 2702 se
418 2647 599 2704 constitutis:
623 2646 759 2705 “Audite
780 2648 856 2715 illos,
877 2655 906 2704 et
919 2645 998 2719 quod
1006 2647 1117 2722 justum
1131 2655 1175 2704 est
1183 2646 1260 2722 judi·

138 2762 150 2778 ·
164 2753 244 2802 ecte:
266 2745 326 2802 sive
340 2744 411 2802 civis
427 2744 465 2802 sit
476 2743 535 2812 ille,
550 2745 611 2802 sive
625 2745 804 2821 peregrinus.
847 2744 937 2803 Nulla
952 2745 1006 2802 crit
1018 2743 1150 2802 distantia
1162 2762 1259 2820 persc-

163 2860 275 2910 narnm,
289 2843 328 2901 ita
339 2861 459 2920 parvum
476 2841 597 2901 audietis
620 2852 652 2901 ut
671 2861 824 2918 magnum:
849 2862 903 2902 nee
923 2842 1067 2918 accipietis
1090 2843 1260 2920 cujusquam

163 2959 326 3018 personam,
341 2941 408 3016 quia
420 2939 477 2999 Dei
486 2940 628 3018 judicium
642 2934 733 3000 est.’'⁴

205 3042 273 3097 102.
295 3039 353 3106 Qui
366 3039 485 3099 scientia
497 3041 656 3098 necessaria
669 3059 769 3099 carens
783 3059 888 3100 munus
900 3039 1009 3117 judicis
1019 3039 1148 3116 suscipit,
1162 3049 1261 3116 peccat

164 3135 321 3196 discrimini
334 3138 436 3195 erroris
450 3138 479 3196 in
489 3137 600 3214 judicio
613 3157 645 3197 se
658 3121 831 3215 objiciendo.
873 3138 960 3206 Quod
979 3140 1005 3196 si
1022 3138 1089 3196 inde
1111 3141 1260 3216 proveniat

164 3233 299 3296 damnum
313 3236 406 3304 alicui,
420 3245 530 3294 tenetur
549 3235 586 3293 ad
604 3236 676 3294 illud
692 3235 890 3312 reparandum,
912 3254 1001 3310 quum
1023 3237 1128 3312 injusta
1147 3237 1184 3294 sit
1196 3239 1259 3313 ejus

165 3352 259 3394 causa.
300 3335 374 3392 Litis
388 3335 525 3410 impense
540 3353 604 3409 quae
617 3334 689 3391 fiunt
701 3333 736 3391 ad
749 3331 970 3392 rescindendum
986 3332 1138 3410 judicium,
1156 3332 1260 3392 debent

165 3451 182 3489 a
190 3432 292 3509 judice
301 3433 442 3500 sustineri,
455 3432 568 3505 quando
582 3433 740 3508 ignorantia
749 3432 802 3490 fuit
812 3433 875 3510 ejus
886 3450 990 3490 causa:
1005 3450 1087 3490 secus
1098 3432 1123 3488 si
1133 3431 1259 3491 humano

165 3547 258 3590 errore
279 3531 438 3608 contigerit,
455 3531 554 3607 judice
578 3532 670 3608 perito
691 3531 787 3608 legum
809 3540 837 3589 et
858 3549 940 3605 aequo
958 3531 1033 3608 juris
1056 3531 1168 3599 arbitro,
1192 3549 1259 3588 narn

167 3636 254 3688 “rem
269 3647 332 3702 quae
346 3629 430 3704 culpa
443 3639 519 3690 caret
530 3631 561 3689 in
581 3629 717 3690 damnum
738 3630 834 3688 vocari
847 3648 905 3689 non
918 3628 1081 3688 convenit.''
1125 3629 1183 3696 Qui
1197 3647 1258 3686 mu·

203 3833 244 3896 (1)
265 3832 359 3892 Quanti
371 3831 464 3883 intersit
475 3833 616 3898 reipublicae
628 3843 656 3884 ut
669 3834 764 3900 justitie
781 3834 868 3896 vigeat,
879 3835 980 3898 exponit
992 3833 1100 3884 Storius:
1117 3841 1132 3864 “
1144 3833 1262 3883 Without

163 3915 254 3978 justice
266 3914 339 3976 being
349 3915 510 3979 fresty,tully,
522 3917 569 3965 und
582 3917 727 3981 impartiady
741 3917 919 3976 administered,
931 3916 1026 3966 neither
1037 3932 1082 3965 our
1094 3931 1204 3979 persons,
1218 3930 1263 3964 nor

167 4013 212 4048 cur
224 3999 308 4061 rights,
318 4015 364 4048 nor
375 4016 420 4050 our
432 4007 545 4064 property
557 4017 604 4051 can
616 4004 645 4050 be
658 4003 788 4066 protected.
821 4002 880 4050 And
892 4001 914 4050 it
927 4002 1003 4060 these,
1015 4017 1041 4049 or
1056 4001 1132 4050 either
1144 4001 1172 4050 of
1187 4001 1261 4059 them,

168 4099 208 4132 are
220 4085 343 4147 regulated
353 4087 386 4149 by
397 4101 431 4134 nc
442 4085 532 4136 certain
543 4087 611 4144 lawe,
623 4087 671 4136 and
689 4103 729 4136 ars
749 4089 842 4152 subject
862 4095 887 4136 to
904 4101 937 4135 no
954 4085 1044 4136 certain
1058 4085 1195 4150 principles,
1213 4085 1262 4136 and

167 4185 208 4219 are
226 4170 282 4220 held
294 4172 326 4234 by
338 4186 371 4220 no
390 4171 480 4221 certain
494 4179 587 4232 tenure,
605 4173 654 4222 and
671 4189 711 4221 are
729 4173 859 4230 rsdressed‚
870 4172 944 4222 when
956 4171 1068 4230 violated,
1081 4173 1113 4236 by
1125 4189 1158 4222 no
1170 4174 1262 4224 certain

167 4255 293 4312 remedies,
302 4257 392 4320 society
402 4257 457 4305 sails
468 4257 496 4306 of
510 4258 542 4307 all
553 4257 585 4306 its
597 4259 683 4316 vatus,
701 4241 750 4306 end
761 4273 883 4322 menmsy
895 4274 922 4306 cs
933 4258 989 4306 well
1000 4263 1084 4306 return
1096 4265 1121 4307 to
1133 4274 1147 4307 a
1159 4266 1220 4308 stete
1237 4261 1265 4308 ct

167 4354 256 4402 savegc
267 4340 315 4388 and
325 4341 455 4390 barbarous
466 4339 672 4406 independencess’
709 4341 805 4392 Oomm.
821 4341 905 4393 Cmtst.
917 4343 933 4392 1.
942 4341 969 4391 iii
981 4357 1001 4392 c.
1013 4341 1043 4391 ri.

204 4425 246 4490 (2)
268 4425 325 4488 Sap.
337 4425 352 4474 i.
363 4425 383 4474 l.
599 4428 641 4492 (3)
661 4427 729 4477 Eccl.
739 4425 778 4474 vii.
790 4429 813 4476 6.
1016 4428 1059 4492 (4)
1079 4427 1152 4478 Dent.
1164 4428 1177 4476 i.
1189 4428 1227 4477 16.
1243 4449 1248 4475 ·,
