<?xml version="1.0" encoding="UTF-8"?>
<!DOCTYPE html PUBLIC "-//W3C//DTD XHTML 1.0 Transitional//EN"
    "http://www.w3.org/TR/xhtml1/DTD/xhtml1-transitional.dtd">
<html xmlns="http://www.w3.org/1999/xhtml" xml:lang="en" lang="en">
 <head>
  <title>
</title>
<meta http-equiv="Content-Type" content="text/html;charset=utf-8" />
  <meta name='ocr-system' content='tesseract 3.04.00' />
  <meta name='ocr-capabilities' content='ocr_page ocr_carea ocr_par ocr_line ocrx_word'/>
</head>
<body>
  <div class='ocr_page' id='page_1' title='image "./theologiaemoral03kenrgoog_0046.png"; bbox 0 0 3146 5266; ppageno 0'>
   <div class='ocr_carea' id='block_1_1' title="bbox 292 473 1300 542">
    <p class='ocr_par' dir='ltr' id='par_1_1' title="bbox 292 473 1300 542">
     <span class='ocr_line' id='line_1_1' title="bbox 292 473 1300 542; baseline 0.005 -6"><span class='ocrx_word' id='word_1_1' title='bbox 292 476 349 536; x_wconf 88' lang='lat' dir='ltr'><strong>DE</strong></span> <span class='ocrx_word' id='word_1_2' title='bbox 369 473 553 534; x_wconf 83' lang='lat' dir='ltr'><strong>AOTUUM</strong></span> <span class='ocrx_word' id='word_1_3' title='bbox 574 473 855 536; x_wconf 86' lang='lat' dir='ltr'><strong>HUMANORUM</strong></span> <span class='ocrx_word' id='word_1_4' title='bbox 876 475 1036 538; x_wconf 86' lang='lat' dir='ltr'><strong>MORALI</strong></span> <span class='ocrx_word' id='word_1_5' title='bbox 1057 477 1220 540; x_wconf 82' lang='lat' dir='ltr'><strong>SPECIE.</strong></span> <span class='ocrx_word' id='word_1_6' title='bbox 1261 486 1300 542; x_wconf 76' lang='lat' dir='ltr'><strong>et</strong></span> 
     </span>
    </p>
   </div>
   <div class='ocr_carea' id='block_1_2' title="bbox 212 637 1307 2386">
    <p class='ocr_par' dir='ltr' id='par_1_2' title="bbox 212 637 1302 1112">
     <span class='ocr_line' id='line_1_2' title="bbox 214 637 1301 718; baseline 0.006 -22"><span class='ocrx_word' id='word_1_7' title='bbox 214 648 344 715; x_wconf 86' lang='lat' dir='ltr'><strong>patretur,</strong></span> <span class='ocrx_word' id='word_1_8' title='bbox 358 657 417 697; x_wconf 90' lang='lat' dir='ltr'><strong>non</strong></span> <span class='ocrx_word' id='word_1_9' title='bbox 437 638 508 696; x_wconf 89' lang='lat' dir='ltr'><strong>adeo</strong></span> <span class='ocrx_word' id='word_1_10' title='bbox 528 637 630 698; x_wconf 83' lang='lat' dir='ltr'><strong>efficax</strong></span> <span class='ocrx_word' id='word_1_11' title='bbox 649 640 799 699; x_wconf 85' lang='lat' dir='ltr'><strong>voluntatis</strong></span> <span class='ocrx_word' id='word_1_12' title='bbox 819 642 997 718; x_wconf 91' lang='lat' dir='ltr'><strong>propositum</strong></span> <span class='ocrx_word' id='word_1_13' title='bbox 1016 643 1150 710; x_wconf 87' lang='lat' dir='ltr'><strong>noscitur,</strong></span> <span class='ocrx_word' id='word_1_14' title='bbox 1171 661 1203 700; x_wconf 87' lang='lat' dir='ltr'><strong>ac</strong></span> <span class='ocrx_word' id='word_1_15' title='bbox 1224 642 1301 703; x_wconf 89' lang='lat' dir='ltr'><strong>illius</strong></span> 
     </span>
     <span class='ocr_line' id='line_1_3' title="bbox 213 731 1299 818; baseline 0.005 -23"><span class='ocrx_word' id='word_1_16' title='bbox 213 739 262 810; x_wconf 86' lang='lat' dir='ltr'><strong>qui</strong></span> <span class='ocrx_word' id='word_1_17' title='bbox 275 757 335 795; x_wconf 87' lang='lat' dir='ltr'><strong>rem</strong></span> <span class='ocrx_word' id='word_1_18' title='bbox 349 756 435 813; x_wconf 90' lang='lat' dir='ltr'><strong>opere</strong></span> <span class='ocrx_word' id='word_1_19' title='bbox 448 731 627 815; x_wconf 83' lang='lat' dir='ltr'><strong>complevit¹‚</strong></span> <span class='ocrx_word' id='word_1_20' title='bbox 641 741 690 811; x_wconf 89' lang='lat' dir='ltr'><strong>qui</strong></span> <span class='ocrx_word' id='word_1_21' title='bbox 699 750 728 797; x_wconf 87' lang='lat' dir='ltr'><strong>et</strong></span> <span class='ocrx_word' id='word_1_22' title='bbox 736 739 939 798; x_wconf 90' lang='lat' dir='ltr'><strong>diuturniorem</strong></span> <span class='ocrx_word' id='word_1_23' title='bbox 954 740 1030 798; x_wconf 85' lang='lat' dir='ltr'><strong>levet</strong></span> <span class='ocrx_word' id='word_1_24' title='bbox 1042 741 1150 818; x_wconf 86' lang='lat' dir='ltr'><strong>peccati</strong></span> <span class='ocrx_word' id='word_1_25' title='bbox 1163 759 1299 810; x_wconf 83' lang='lat' dir='ltr'><strong>amorem,</strong></span> 
     </span>
     <span class='ocr_line' id='line_1_4' title="bbox 212 835 1302 915; baseline 0.004 -23"><span class='ocrx_word' id='word_1_26' title='bbox 212 845 241 893; x_wconf 88' lang='lat' dir='ltr'><strong>et</strong></span> <span class='ocrx_word' id='word_1_27' title='bbox 253 837 286 893; x_wconf 90' lang='lat' dir='ltr'><strong>fit</strong></span> <span class='ocrx_word' id='word_1_28' title='bbox 304 835 340 893; x_wconf 86' lang='lat' dir='ltr'><strong>ad</strong></span> <span class='ocrx_word' id='word_1_29' title='bbox 359 836 533 914; x_wconf 86' lang='lat' dir='ltr'><strong>peccandum</strong></span> <span class='ocrx_word' id='word_1_30' title='bbox 554 839 722 915; x_wconf 80' lang='lat' dir='ltr'>proclivior:</span> <span class='ocrx_word' id='word_1_31' title='bbox 745 839 853 896; x_wconf 84' lang='lat' dir='ltr'><strong>“Mala</strong></span> <span class='ocrx_word' id='word_1_32' title='bbox 871 841 1014 898; x_wconf 82' lang='lat' dir='ltr'><strong>voluntate</strong></span> <span class='ocrx_word' id='word_1_33' title='bbox 1034 840 1079 897; x_wconf 80' lang='lat' dir='ltr'><strong>uel</strong></span> <span class='ocrx_word' id='word_1_34' title='bbox 1098 839 1189 908; x_wconf 89' lang='lat' dir='ltr'><strong>sola‚”</strong></span> <span class='ocrx_word' id='word_1_35' title='bbox 1210 839 1302 913; x_wconf 87' lang='lat' dir='ltr'><strong>iuquit</strong></span> 
     </span>
     <span class='ocr_line' id='line_1_5' title="bbox 213 935 1302 1014; baseline 0.004 -22"><span class='ocrx_word' id='word_1_36' title='bbox 213 935 400 1010; x_wconf 74' lang='lat' dir='ltr'><strong>Augustinus,</strong></span> <span class='ocrx_word' id='word_1_37' title='bbox 422 937 573 1008; x_wconf 87' lang='lat' dir='ltr'><strong>“quisque</strong></span> <span class='ocrx_word' id='word_1_38' title='bbox 593 938 680 994; x_wconf 88' lang='lat' dir='ltr'><strong>miser</strong></span> <span class='ocrx_word' id='word_1_39' title='bbox 705 937 834 1005; x_wconf 87' lang='lat' dir='ltr'><strong>efficitur,</strong></span> <span class='ocrx_word' id='word_1_40' title='bbox 855 937 908 996; x_wconf 91' lang='lat' dir='ltr'><strong>sed</strong></span> <span class='ocrx_word' id='word_1_41' title='bbox 929 939 1059 996; x_wconf 88' lang='lat' dir='ltr'><strong>miserior</strong></span> <span class='ocrx_word' id='word_1_42' title='bbox 1077 947 1223 1014; x_wconf 74' lang='lat' dir='ltr'><strong>potestate,</strong></span> <span class='ocrx_word' id='word_1_43' title='bbox 1246 955 1302 1012; x_wconf 86' lang='lat' dir='ltr'><strong>qua</strong></span> 
     </span>
     <span class='ocr_line' id='line_1_6' title="bbox 213 1029 830 1112; baseline 0.008 -23"><span class='ocrx_word' id='word_1_44' title='bbox 213 1033 386 1091; x_wconf 90' lang='lat' dir='ltr'><strong>desiderium</strong></span> <span class='ocrx_word' id='word_1_45' title='bbox 394 1034 474 1092; x_wconf 77' lang='lat' dir='ltr'><strong>malae</strong></span> <span class='ocrx_word' id='word_1_46' title='bbox 484 1034 635 1093; x_wconf 87' lang='lat' dir='ltr'><strong>voluntatis</strong></span> <span class='ocrx_word' id='word_1_47' title='bbox 649 1029 830 1112; x_wconf 82' lang='lat' dir='ltr'><strong>impletur.”²</strong></span> 
     </span>
    </p>

    <p class='ocr_par' dir='ltr' id='par_1_3' title="bbox 213 1130 1306 2282">
     <span class='ocr_line' id='line_1_7' title="bbox 255 1130 1302 1211; baseline 0.005 -24"><span class='ocrx_word' id='word_1_48' title='bbox 255 1135 305 1188; x_wconf 81' lang='lat'><strong>41.</strong></span> <span class='ocrx_word' id='word_1_49' title='bbox 326 1130 381 1189; x_wconf 75' lang='lat' dir='ltr'><strong>Ea</strong></span> <span class='ocrx_word' id='word_1_50' title='bbox 400 1131 512 1210; x_wconf 83' lang='lat' dir='ltr'><strong>objecto</strong></span> <span class='ocrx_word' id='word_1_51' title='bbox 528 1133 603 1204; x_wconf 92' lang='lat' dir='ltr'><strong>quod</strong></span> <span class='ocrx_word' id='word_1_52' title='bbox 617 1143 694 1192; x_wconf 79' lang='lat' dir='ltr'><strong>acme</strong></span> <span class='ocrx_word' id='word_1_53' title='bbox 714 1136 822 1210; x_wconf 87' lang='lat' dir='ltr'><strong>attingit</strong></span> <span class='ocrx_word' id='word_1_54' title='bbox 841 1134 928 1192; x_wconf 89' lang='lat' dir='ltr'><strong>modo</strong></span> <span class='ocrx_word' id='word_1_55' title='bbox 947 1134 1051 1211; x_wconf 81' lang='lat' dir='ltr'><strong>regule</strong></span> <span class='ocrx_word' id='word_1_56' title='bbox 1068 1152 1179 1193; x_wconf 88' lang='lat' dir='ltr'><strong>morum</strong></span> <span class='ocrx_word' id='word_1_57' title='bbox 1199 1151 1302 1192; x_wconf 85' lang='lat' dir='ltr'><strong>conve·</strong></span> 
     </span>
     <span class='ocr_line' id='line_1_8' title="bbox 213 1217 1301 1308; baseline 0.003 -22"><span class='ocrx_word' id='word_1_58' title='bbox 213 1217 319 1296; x_wconf 76' lang='grc'>11111111,</span> <span class='ocrx_word' id='word_1_59' title='bbox 333 1230 379 1287; x_wconf 85' lang='lat' dir='ltr'><strong>vel</strong></span> <span class='ocrx_word' id='word_1_60' title='bbox 390 1240 574 1306; x_wconf 77' lang='lat' dir='ltr'><strong>repugnante,</strong></span> <span class='ocrx_word' id='word_1_61' title='bbox 588 1233 697 1287; x_wconf 85' lang='lat' dir='ltr'><strong>bonitas</strong></span> <span class='ocrx_word' id='word_1_62' title='bbox 710 1233 756 1288; x_wconf 89' lang='lat' dir='ltr'><strong>vel</strong></span> <span class='ocrx_word' id='word_1_63' title='bbox 770 1233 873 1288; x_wconf 86' lang='lat' dir='ltr'><strong>malitia</strong></span> <span class='ocrx_word' id='word_1_64' title='bbox 886 1243 963 1288; x_wconf 88' lang='lat' dir='ltr'><strong>actus</strong></span> <span class='ocrx_word' id='word_1_65' title='bbox 976 1233 1117 1308; x_wconf 74' lang='lat' dir='ltr'><strong>imprimis</strong></span> <span class='ocrx_word' id='word_1_66' title='bbox 1136 1231 1301 1290; x_wconf 79' lang='lat' dir='ltr'><strong>desumitur.</strong></span> 
     </span>
     <span class='ocr_line' id='line_1_9' title="bbox 215 1327 1304 1406; baseline 0 -20"><span class='ocrx_word' id='word_1_67' title='bbox 215 1327 365 1404; x_wconf 85' lang='lat' dir='ltr'><strong>Objectunr</strong></span> <span class='ocrx_word' id='word_1_68' title='bbox 373 1327 538 1406; x_wconf 78' lang='lat' dir='ltr'><strong>physicum</strong></span> <span class='ocrx_word' id='word_1_69' title='bbox 551 1348 568 1384; x_wconf 86' lang='lat' dir='ltr'><strong>a</strong></span> <span class='ocrx_word' id='word_1_70' title='bbox 579 1327 690 1386; x_wconf 83' lang='lat' dir='ltr'><strong>morali</strong></span> <span class='ocrx_word' id='word_1_71' title='bbox 700 1329 928 1406; x_wconf 85' lang='lat' dir='ltr'><strong>distinguendum</strong></span> <span class='ocrx_word' id='word_1_72' title='bbox 939 1339 992 1396; x_wconf 85' lang='lat' dir='ltr'><strong>est,</strong></span> <span class='ocrx_word' id='word_1_73' title='bbox 1001 1349 1066 1388; x_wconf 90' lang='lat' dir='ltr'><strong>uam</strong></span> <span class='ocrx_word' id='word_1_74' title='bbox 1081 1329 1155 1400; x_wconf 93' lang='lat' dir='ltr'><strong>quod</strong></span> <span class='ocrx_word' id='word_1_75' title='bbox 1170 1329 1246 1388; x_wconf 88' lang='lat' dir='ltr'><strong>idem</strong></span> <span class='ocrx_word' id='word_1_76' title='bbox 1259 1339 1304 1386; x_wconf 88' lang='lat' dir='ltr'><strong>est</strong></span> 
     </span>
     <span class='ocr_line' id='line_1_10' title="bbox 214 1425 1304 1502; baseline 0.002 -20"><span class='ocrx_word' id='word_1_77' title='bbox 214 1426 345 1501; x_wconf 79' lang='lat' dir='ltr'>physice,</span> <span class='ocrx_word' id='word_1_78' title='bbox 360 1444 437 1500; x_wconf 90' lang='lat' dir='ltr'><strong>saepe</strong></span> <span class='ocrx_word' id='word_1_79' title='bbox 450 1435 494 1482; x_wconf 89' lang='lat' dir='ltr'><strong>est</strong></span> <span class='ocrx_word' id='word_1_80' title='bbox 506 1425 649 1482; x_wconf 81' lang='lat' dir='ltr'><strong>diversum</strong></span> <span class='ocrx_word' id='word_1_81' title='bbox 661 1427 761 1482; x_wconf 89' lang='lat' dir='ltr'><strong>morali</strong></span> <span class='ocrx_word' id='word_1_82' title='bbox 773 1437 913 1502; x_wconf 87' lang='lat' dir='ltr'><strong>respectu.</strong></span> <span class='ocrx_word' id='word_1_83' title='bbox 934 1427 1047 1486; x_wconf 83' lang='lat' dir='ltr'><strong>Eadem</strong></span> <span class='ocrx_word' id='word_1_84' title='bbox 1056 1427 1162 1484; x_wconf 84' lang='lat' dir='ltr'><strong>semina</strong></span> <span class='ocrx_word' id='word_1_85' title='bbox 1174 1445 1192 1482; x_wconf 89' lang='lat' dir='ltr'><strong>a</strong></span> <span class='ocrx_word' id='word_1_86' title='bbox 1204 1428 1304 1485; x_wconf 89' lang='lat' dir='ltr'><strong>marito</strong></span> 
     </span>
     <span class='ocr_line' id='line_1_11' title="bbox 215 1523 1304 1602; baseline 0.002 -22"><span class='ocrx_word' id='word_1_87' title='bbox 215 1523 325 1591; x_wconf 89' lang='lat' dir='ltr'><strong>dilecta,</strong></span> <span class='ocrx_word' id='word_1_88' title='bbox 339 1532 367 1580; x_wconf 89' lang='lat' dir='ltr'><strong>et</strong></span> <span class='ocrx_word' id='word_1_89' title='bbox 380 1525 414 1580; x_wconf 90' lang='lat' dir='ltr'><strong>ab</strong></span> <span class='ocrx_word' id='word_1_90' title='bbox 427 1524 529 1589; x_wconf 86' lang='lat' dir='ltr'><strong>alieno,</strong></span> <span class='ocrx_word' id='word_1_91' title='bbox 544 1531 588 1580; x_wconf 86' lang='lat' dir='ltr'><strong>est</strong></span> <span class='ocrx_word' id='word_1_92' title='bbox 600 1523 742 1600; x_wconf 88' lang='lat' dir='ltr'><strong>objectum</strong></span> <span class='ocrx_word' id='word_1_93' title='bbox 755 1523 898 1582; x_wconf 84' lang='lat' dir='ltr'><strong>diversum</strong></span> <span class='ocrx_word' id='word_1_94' title='bbox 917 1526 1033 1593; x_wconf 84' lang='lat' dir='ltr'><strong>morale,</strong></span> <span class='ocrx_word' id='word_1_95' title='bbox 1048 1525 1173 1602; x_wconf 84' lang='lat' dir='ltr'><strong>conjugii</strong></span> <span class='ocrx_word' id='word_1_96' title='bbox 1185 1533 1213 1582; x_wconf 91' lang='lat' dir='ltr'><strong>et</strong></span> <span class='ocrx_word' id='word_1_97' title='bbox 1227 1523 1304 1582; x_wconf 87' lang='lat' dir='ltr'><strong>adul·</strong></span> 
     </span>
     <span class='ocr_line' id='line_1_12' title="bbox 217 1621 1304 1698; baseline 0.002 -20"><span class='ocrx_word' id='word_1_98' title='bbox 217 1623 290 1678; x_wconf 83' lang='lat' dir='ltr'><strong>terii.</strong></span> <span class='ocrx_word' id='word_1_99' title='bbox 331 1621 469 1678; x_wconf 87' lang='lat' dir='ltr'><strong>Primaria</strong></span> <span class='ocrx_word' id='word_1_100' title='bbox 481 1624 593 1697; x_wconf 90' lang='lat' dir='ltr'><strong>species</strong></span> <span class='ocrx_word' id='word_1_101' title='bbox 607 1622 720 1679; x_wconf 88' lang='lat' dir='ltr'><strong>moralis</strong></span> <span class='ocrx_word' id='word_1_102' title='bbox 731 1623 765 1678; x_wconf 86' lang='lat' dir='ltr'><strong>ab</strong></span> <span class='ocrx_word' id='word_1_103' title='bbox 778 1623 889 1698; x_wconf 89' lang='lat' dir='ltr'><strong>objecto</strong></span> <span class='ocrx_word' id='word_1_104' title='bbox 908 1623 1073 1689; x_wconf 80' lang='lat' dir='ltr'><strong>desumitur,</strong></span> <span class='ocrx_word' id='word_1_105' title='bbox 1087 1623 1211 1698; x_wconf 88' lang='lat' dir='ltr'><strong>primum</strong></span> <span class='ocrx_word' id='word_1_106' title='bbox 1225 1621 1304 1680; x_wconf 91' lang='lat' dir='ltr'><strong>enim</strong></span> 
     </span>
     <span class='ocr_line' id='line_1_13' title="bbox 218 1720 1304 1797; baseline 0.002 -21"><span class='ocrx_word' id='word_1_107' title='bbox 218 1720 340 1776; x_wconf 88' lang='lat' dir='ltr'><strong>occurrit</strong></span> <span class='ocrx_word' id='word_1_108' title='bbox 352 1721 440 1775; x_wconf 89' lang='lat' dir='ltr'><strong>menti</strong></span> <span class='ocrx_word' id='word_1_109' title='bbox 452 1721 586 1777; x_wconf 83' lang='lat' dir='ltr'>moralem</span> <span class='ocrx_word' id='word_1_110' title='bbox 605 1721 668 1797; x_wconf 87' lang='lat' dir='ltr'><strong>ejus</strong></span> <span class='ocrx_word' id='word_1_111' title='bbox 688 1729 815 1777; x_wconf 88' lang='lat' dir='ltr'><strong>naturam</strong></span> <span class='ocrx_word' id='word_1_112' title='bbox 834 1721 1032 1780; x_wconf 83' lang='lat' dir='ltr'><strong>consideranti.</strong></span> <span class='ocrx_word' id='word_1_113' title='bbox 1075 1721 1124 1778; x_wconf 87' lang='lat' dir='ltr'><strong>Sic</strong></span> <span class='ocrx_word' id='word_1_114' title='bbox 1144 1721 1304 1795; x_wconf 84' lang='lat' dir='ltr'><strong>eleemosy-</strong></span> 
     </span>
     <span class='ocr_line' id='line_1_14' title="bbox 216 1817 1306 1894; baseline -0.001 -19"><span class='ocrx_word' id='word_1_115' title='bbox 216 1835 317 1875; x_wconf 88' lang='lat' dir='ltr'><strong>narum</strong></span> <span class='ocrx_word' id='word_1_116' title='bbox 330 1817 441 1892; x_wconf 87' lang='lat' dir='ltr'><strong>largitio</strong></span> <span class='ocrx_word' id='word_1_117' title='bbox 453 1817 649 1876; x_wconf 76' lang='lat' dir='ltr'><strong>misericordie:</strong></span> <span class='ocrx_word' id='word_1_118' title='bbox 662 1837 730 1893; x_wconf 87' lang='lat' dir='ltr'><strong>erga</strong></span> <span class='ocrx_word' id='word_1_119' title='bbox 742 1818 916 1894; x_wconf 84' lang='lat' dir='ltr'><strong>indigentem</strong></span> <span class='ocrx_word' id='word_1_120' title='bbox 938 1820 1104 1877; x_wconf 81' lang='lat' dir='ltr'><strong>exercitium</strong></span> <span class='ocrx_word' id='word_1_121' title='bbox 1117 1817 1209 1894; x_wconf 85' lang='lat' dir='ltr'><strong>primb</strong></span> <span class='ocrx_word' id='word_1_122' title='bbox 1223 1817 1306 1875; x_wconf 85' lang='lat' dir='ltr'><strong>offert</strong></span> 
     </span>
     <span class='ocr_line' id='line_1_15' title="bbox 217 1914 1306 1992; baseline 0 -20"><span class='ocrx_word' id='word_1_123' title='bbox 217 1914 471 1972; x_wconf 89' lang='lat' dir='ltr'><strong>considerandum:</strong></span> <span class='ocrx_word' id='word_1_124' title='bbox 493 1915 598 1974; x_wconf 83' lang='lat' dir='ltr'><strong>lurtum</strong></span> <span class='ocrx_word' id='word_1_125' title='bbox 608 1919 649 1974; x_wconf 90' lang='lat' dir='ltr'><strong>rei</strong></span> <span class='ocrx_word' id='word_1_126' title='bbox 662 1917 760 1975; x_wconf 86' lang='lat' dir='ltr'><strong>alieuae</strong></span> <span class='ocrx_word' id='word_1_127' title='bbox 774 1917 909 1992; x_wconf 88' lang='lat' dir='ltr'><strong>injustam</strong></span> <span class='ocrx_word' id='word_1_128' title='bbox 931 1917 1099 1974; x_wconf 86' lang='lat' dir='ltr'><strong>ablationem</strong></span> <span class='ocrx_word' id='word_1_129' title='bbox 1112 1915 1200 1972; x_wconf 89' lang='lat' dir='ltr'><strong>menti</strong></span> <span class='ocrx_word' id='word_1_130' title='bbox 1213 1915 1306 1972; x_wconf 86' lang='lat' dir='ltr'><strong>statim</strong></span> 
     </span>
     <span class='ocr_line' id='line_1_16' title="bbox 216 2011 1306 2092; baseline 0 -21"><span class='ocrx_word' id='word_1_131' title='bbox 216 2013 323 2090; x_wconf 88' lang='lat' dir='ltr'><strong>objicit,</strong></span> <span class='ocrx_word' id='word_1_132' title='bbox 338 2022 368 2069; x_wconf 92' lang='lat' dir='ltr'><strong>ut</strong></span> <span class='ocrx_word' id='word_1_133' title='bbox 375 2014 457 2090; x_wconf 84' lang='lat' dir='ltr'><strong>juxta</strong></span> <span class='ocrx_word' id='word_1_134' title='bbox 469 2032 581 2072; x_wconf 88' lang='lat' dir='ltr'><strong>morum</strong></span> <span class='ocrx_word' id='word_1_135' title='bbox 593 2016 687 2092; x_wconf 85' lang='lat' dir='ltr'><strong>legem</strong></span> <span class='ocrx_word' id='word_1_136' title='bbox 701 2013 735 2072; x_wconf 89' lang='lat' dir='ltr'><strong>de</strong></span> <span class='ocrx_word' id='word_1_137' title='bbox 749 2034 783 2072; x_wconf 89' lang='lat' dir='ltr'><strong>ea</strong></span> <span class='ocrx_word' id='word_1_138' title='bbox 791 2014 942 2092; x_wconf 88' lang='lat' dir='ltr'><strong>judicetur.</strong></span> <span class='ocrx_word' id='word_1_139' title='bbox 984 2015 1030 2072; x_wconf 92' lang='lat' dir='ltr'><strong>De</strong></span> <span class='ocrx_word' id='word_1_140' title='bbox 1050 2012 1185 2072; x_wconf 80' lang='lat' dir='ltr'><strong>Israelitis</strong></span> <span class='ocrx_word' id='word_1_141' title='bbox 1198 2011 1233 2070; x_wconf 88' lang='lat' dir='ltr'><strong>ad</strong></span> <span class='ocrx_word' id='word_1_142' title='bbox 1247 2011 1306 2071; x_wconf 90' lang='lat' dir='ltr'><strong>ido-</strong></span> 
     </span>
     <span class='ocr_line' id='line_1_17' title="bbox 215 2111 1306 2190; baseline -0.001 -20"><span class='ocrx_word' id='word_1_143' title='bbox 215 2113 306 2170; x_wconf 87' lang='lat' dir='ltr'><strong>lorum</strong></span> <span class='ocrx_word' id='word_1_144' title='bbox 320 2112 425 2169; x_wconf 91' lang='lat' dir='ltr'><strong>cultum</strong></span> <span class='ocrx_word' id='word_1_145' title='bbox 439 2111 564 2190; x_wconf 86' lang='lat' dir='ltr'><strong>delapsis</strong></span> <span class='ocrx_word' id='word_1_146' title='bbox 577 2114 646 2172; x_wconf 88' lang='lat' dir='ltr'><strong>dicit</strong></span> <span class='ocrx_word' id='word_1_147' title='bbox 665 2112 759 2172; x_wconf 88' lang='lat' dir='ltr'><strong>Osee:</strong></span> <span class='ocrx_word' id='word_1_148' title='bbox 781 2122 800 2149; x_wconf 89' lang='lat'><strong>“</strong></span> <span class='ocrx_word' id='word_1_149' title='bbox 811 2114 876 2171; x_wconf 85' lang='lat' dir='ltr'><strong>lacti</strong></span> <span class='ocrx_word' id='word_1_150' title='bbox 895 2122 961 2172; x_wconf 88' lang='lat' dir='ltr'><strong>sunt</strong></span> <span class='ocrx_word' id='word_1_151' title='bbox 973 2112 1173 2172; x_wconf 88' lang='lat' dir='ltr'><strong>abominabiles</strong></span> <span class='ocrx_word' id='word_1_152' title='bbox 1186 2111 1259 2170; x_wconf 88' lang='lat' dir='ltr'><strong>sicut</strong></span> <span class='ocrx_word' id='word_1_153' title='bbox 1271 2129 1306 2170; x_wconf 87' lang='lat' dir='ltr'><strong>ea</strong></span> 
     </span>
     <span class='ocr_line' id='line_1_18' title="bbox 216 2205 501 2282; baseline 0 -15"><span class='ocrx_word' id='word_1_154' title='bbox 216 2229 279 2282; x_wconf 82' lang='lat' dir='ltr'><strong>quae</strong></span> <span class='ocrx_word' id='word_1_155' title='bbox 293 2205 501 2268; x_wconf 78' lang='lat' dir='ltr'><strong>dilexerunt.”⁴</strong></span> 
     </span>
    </p>

    <p class='ocr_par' dir='ltr' id='par_1_4' title="bbox 254 2305 1307 2386">
     <span class='ocr_line' id='line_1_19' title="bbox 254 2305 1307 2386; baseline -0.002 -20"><span class='ocrx_word' id='word_1_156' title='bbox 254 2312 304 2366; x_wconf 76' lang='lat'><strong>42.</strong></span> <span class='ocrx_word' id='word_1_157' title='bbox 326 2309 375 2368; x_wconf 86' lang='lat' dir='ltr'><strong>Ex</strong></span> <span class='ocrx_word' id='word_1_158' title='bbox 379 2309 448 2386; x_wconf 83' lang='lat' dir='ltr'><strong>fine</strong></span> <span class='ocrx_word' id='word_1_159' title='bbox 461 2318 540 2367; x_wconf 88' lang='lat' dir='ltr'><strong>actus</strong></span> <span class='ocrx_word' id='word_1_160' title='bbox 552 2310 662 2368; x_wconf 84' lang='lat' dir='ltr'><strong>bonitas</strong></span> <span class='ocrx_word' id='word_1_161' title='bbox 676 2309 721 2368; x_wconf 88' lang='lat' dir='ltr'><strong>vel</strong></span> <span class='ocrx_word' id='word_1_162' title='bbox 740 2309 847 2368; x_wconf 86' lang='lat' dir='ltr'><strong>malitie</strong></span> <span class='ocrx_word' id='word_1_163' title='bbox 868 2311 955 2368; x_wconf 88' lang='lat' dir='ltr'><strong>etiam</strong></span> <span class='ocrx_word' id='word_1_164' title='bbox 973 2310 1183 2369; x_wconf 84' lang='lat' dir='ltr'><strong>detenniuetur.</strong></span> <span class='ocrx_word' id='word_1_165' title='bbox 1225 2305 1307 2364; x_wconf 85' lang='lat' dir='ltr'><strong>Finis</strong></span> 
     </span>
    </p>
   </div>
   <div class='ocr_carea' id='block_1_3' title="bbox 127 2404 1307 2484">
    <p class='ocr_par' dir='ltr' id='par_1_5' title="bbox 127 2404 1307 2484">
     <span class='ocr_line' id='line_1_20' title="bbox 127 2404 1307 2484; baseline -0.003 -20"><span class='ocrx_word' id='word_1_166' title='bbox 127 2409 130 2414; x_wconf 87' lang='lat'>&#39;</span> <span class='ocrx_word' id='word_1_167' title='bbox 217 2406 399 2466; x_wconf 78' lang='lat' dir='ltr'><strong>intrinsecus</strong></span> <span class='ocrx_word' id='word_1_168' title='bbox 413 2407 460 2464; x_wconf 91' lang='lat' dir='ltr'><strong>ille</strong></span> <span class='ocrx_word' id='word_1_169' title='bbox 473 2417 518 2466; x_wconf 88' lang='lat' dir='ltr'><strong>est</strong></span> <span class='ocrx_word' id='word_1_170' title='bbox 530 2407 565 2464; x_wconf 88' lang='lat' dir='ltr'><strong>ad</strong></span> <span class='ocrx_word' id='word_1_171' title='bbox 578 2427 664 2480; x_wconf 86' lang='lat' dir='ltr'><strong>quem</strong></span> <span class='ocrx_word' id='word_1_172' title='bbox 677 2417 754 2466; x_wconf 88' lang='lat' dir='ltr'><strong>actus</strong></span> <span class='ocrx_word' id='word_1_173' title='bbox 768 2427 820 2466; x_wconf 88' lang='lat' dir='ltr'><strong>sua</strong></span> <span class='ocrx_word' id='word_1_174' title='bbox 832 2417 930 2466; x_wconf 85' lang='lat' dir='ltr'><strong>natura</strong></span> <span class='ocrx_word' id='word_1_175' title='bbox 942 2409 1047 2468; x_wconf 86' lang='lat' dir='ltr'><strong>tendit:</strong></span> <span class='ocrx_word' id='word_1_176' title='bbox 1069 2427 1103 2466; x_wconf 85' lang='lat' dir='ltr'><strong>v:</strong></span> <span class='ocrx_word' id='word_1_177' title='bbox 1119 2425 1154 2484; x_wconf 91' lang='lat' dir='ltr'><strong>g:</strong></span> <span class='ocrx_word' id='word_1_178' title='bbox 1169 2404 1307 2463; x_wconf 87' lang='lat' dir='ltr'><strong>eleemos·</strong></span> 
     </span>
    </p>
   </div>
   <div class='ocr_carea' id='block_1_4' title="bbox 156 2502 1312 3754">
    <p class='ocr_par' dir='ltr' id='par_1_6' title="bbox 156 2502 1312 3754">
     <span class='ocr_line' id='line_1_21' title="bbox 217 2502 1306 2583; baseline -0.005 -19"><span class='ocrx_word' id='word_1_179' title='bbox 217 2523 281 2578; x_wconf 85' lang='lat' dir='ltr'><strong>ynae</strong></span> <span class='ocrx_word' id='word_1_180' title='bbox 313 2505 349 2562; x_wconf 86' lang='lat' dir='ltr'><strong>ad</strong></span> <span class='ocrx_word' id='word_1_181' title='bbox 370 2507 503 2582; x_wconf 89' lang='lat' dir='ltr'><strong>pauperis</strong></span> <span class='ocrx_word' id='word_1_182' title='bbox 524 2506 672 2574; x_wconf 84' lang='lat' dir='ltr'><strong>levamen:</strong></span> <span class='ocrx_word' id='word_1_183' title='bbox 697 2507 794 2582; x_wconf 87' lang='lat' dir='ltr'><strong>legum</strong></span> <span class='ocrx_word' id='word_1_184' title='bbox 815 2507 884 2564; x_wconf 90' lang='lat' dir='ltr'><strong>latio</strong></span> <span class='ocrx_word' id='word_1_185' title='bbox 911 2507 947 2564; x_wconf 88' lang='lat' dir='ltr'><strong>ad</strong></span> <span class='ocrx_word' id='word_1_186' title='bbox 971 2506 1131 2583; x_wconf 77' lang='lat' dir='ltr'><strong>reipublice</strong></span> <span class='ocrx_word' id='word_1_187' title='bbox 1157 2502 1306 2562; x_wconf 82' lang='lat' dir='ltr'><strong>ordinem:</strong></span> 
     </span>
     <span class='ocr_line' id='line_1_22' title="bbox 217 2600 1309 2682; baseline 0 -24"><span class='ocrx_word' id='word_1_188' title='bbox 217 2601 283 2660; x_wconf 84' lang='lat' dir='ltr'><strong>finis</strong></span> <span class='ocrx_word' id='word_1_189' title='bbox 296 2605 481 2662; x_wconf 69' lang='lat' dir='ltr'><strong>eoetmnsecus</strong></span> <span class='ocrx_word' id='word_1_190' title='bbox 495 2614 538 2662; x_wconf 88' lang='lat' dir='ltr'><strong>est</strong></span> <span class='ocrx_word' id='word_1_191' title='bbox 551 2623 638 2676; x_wconf 87' lang='lat' dir='ltr'><strong>quem</strong></span> <span class='ocrx_word' id='word_1_192' title='bbox 650 2623 736 2682; x_wconf 88' lang='lat' dir='ltr'><strong>agens</strong></span> <span class='ocrx_word' id='word_1_193' title='bbox 750 2605 805 2661; x_wconf 86' lang='lat' dir='ltr'><strong>sibi</strong></span> <span class='ocrx_word' id='word_1_194' title='bbox 818 2607 967 2682; x_wconf 88' lang='lat' dir='ltr'><strong>proponit:</strong></span> <span class='ocrx_word' id='word_1_195' title='bbox 987 2625 1021 2662; x_wconf 88' lang='lat' dir='ltr'><strong>v:</strong></span> <span class='ocrx_word' id='word_1_196' title='bbox 1036 2624 1071 2681; x_wconf 88' lang='lat' dir='ltr'><strong>g:</strong></span> <span class='ocrx_word' id='word_1_197' title='bbox 1086 2615 1118 2661; x_wconf 91' lang='lat' dir='ltr'><strong>ut</strong></span> <span class='ocrx_word' id='word_1_198' title='bbox 1129 2600 1252 2668; x_wconf 88' lang='lat' dir='ltr'><strong>laudem,</strong></span> <span class='ocrx_word' id='word_1_199' title='bbox 1262 2601 1309 2658; x_wconf 90' lang='lat' dir='ltr'><strong>vel</strong></span> 
     </span>
     <span class='ocr_line' id='line_1_23' title="bbox 218 2698 1310 2775; baseline -0.002 -20"><span class='ocrx_word' id='word_1_200' title='bbox 218 2700 387 2774; x_wconf 88' lang='lat' dir='ltr'><strong>popularem</strong></span> <span class='ocrx_word' id='word_1_201' title='bbox 400 2719 494 2760; x_wconf 81' lang='lat' dir='ltr'><strong>aurum</strong></span> <span class='ocrx_word' id='word_1_202' title='bbox 507 2710 607 2775; x_wconf 86' lang='lat' dir='ltr'><strong>captet.</strong></span> <span class='ocrx_word' id='word_1_203' title='bbox 635 2704 724 2757; x_wconf 77' lang='lat' dir='ltr'><strong>Actius</strong></span> <span class='ocrx_word' id='word_1_204' title='bbox 738 2720 789 2772; x_wconf 85' lang='lat' dir='ltr'><strong>per</strong></span> <span class='ocrx_word' id='word_1_205' title='bbox 801 2721 833 2756; x_wconf 88' lang='lat' dir='ltr'><strong>se</strong></span> <span class='ocrx_word' id='word_1_206' title='bbox 846 2703 937 2756; x_wconf 84' lang='lat' dir='ltr'><strong>malus</strong></span> <span class='ocrx_word' id='word_1_207' title='bbox 950 2719 1107 2770; x_wconf 85' lang='lat' dir='ltr'><strong>numquam</strong></span> <span class='ocrx_word' id='word_1_208' title='bbox 1120 2707 1213 2771; x_wconf 81' lang='lat' dir='ltr'><strong>potest</strong></span> <span class='ocrx_word' id='word_1_209' title='bbox 1225 2698 1310 2753; x_wconf 86' lang='lat' dir='ltr'><strong>insito</strong></span> 
     </span>
     <span class='ocr_line' id='line_1_24' title="bbox 217 2791 1310 2872; baseline -0.002 -20"><span class='ocrx_word' id='word_1_210' title='bbox 217 2796 274 2852; x_wconf 87' lang='lat' dir='ltr'><strong>sibi</strong></span> <span class='ocrx_word' id='word_1_211' title='bbox 294 2796 363 2852; x_wconf 88' lang='lat' dir='ltr'><strong>vitio</strong></span> <span class='ocrx_word' id='word_1_212' title='bbox 381 2797 483 2872; x_wconf 85' lang='lat' dir='ltr'><strong>privari</strong></span> <span class='ocrx_word' id='word_1_213' title='bbox 502 2815 538 2852; x_wconf 87' lang='lat' dir='ltr'><strong>ex</strong></span> <span class='ocrx_word' id='word_1_214' title='bbox 558 2798 664 2872; x_wconf 89' lang='lat' dir='ltr'><strong>agentis</strong></span> <span class='ocrx_word' id='word_1_215' title='bbox 685 2796 850 2861; x_wconf 89' lang='lat' dir='ltr'><strong>intentione,</strong></span> <span class='ocrx_word' id='word_1_216' title='bbox 872 2794 1046 2870; x_wconf 89' lang='lat' dir='ltr'><strong>proindeque</strong></span> <span class='ocrx_word' id='word_1_217' title='bbox 1069 2791 1249 2850; x_wconf 86' lang='lat' dir='ltr'><strong>mendacium</strong></span> <span class='ocrx_word' id='word_1_218' title='bbox 1274 2791 1310 2850; x_wconf 90' lang='lat' dir='ltr'><strong>ed</strong></span> 
     </span>
     <span class='ocr_line' id='line_1_25' title="bbox 218 2891 1308 2972; baseline -0.002 -23"><span class='ocrx_word' id='word_1_219' title='bbox 218 2893 303 2952; x_wconf 86' lang='lat' dir='ltr'><strong>vitam</strong></span> <span class='ocrx_word' id='word_1_220' title='bbox 317 2895 431 2952; x_wconf 85' lang='lat' dir='ltr'><strong>alterius</strong></span> <span class='ocrx_word' id='word_1_221' title='bbox 441 2893 606 2952; x_wconf 87' lang='lat' dir='ltr'><strong>servandam</strong></span> <span class='ocrx_word' id='word_1_222' title='bbox 617 2902 765 2972; x_wconf 86' lang='lat' dir='ltr'><strong>peccatum</strong></span> <span class='ocrx_word' id='word_1_223' title='bbox 774 2903 835 2950; x_wconf 89' lang='lat' dir='ltr'><strong>est:</strong></span> <span class='ocrx_word' id='word_1_224' title='bbox 850 2903 1030 2970; x_wconf 88' lang='lat' dir='ltr'><strong>quapropter,</strong></span> <span class='ocrx_word' id='word_1_225' title='bbox 1041 2892 1133 2964; x_wconf 88' lang='lat' dir='ltr'><strong>iuquit</strong></span> <span class='ocrx_word' id='word_1_226' title='bbox 1141 2891 1308 2968; x_wconf 83' lang='lat' dir='ltr'><strong>Apostolus,</strong></span> 
     </span>
     <span class='ocr_line' id='line_1_26' title="bbox 218 2986 1308 3072; baseline -0.005 -21"><span class='ocrx_word' id='word_1_227' title='bbox 218 2999 237 3028; x_wconf 84' lang='lat'>“</span> <span class='ocrx_word' id='word_1_228' title='bbox 246 3011 304 3051; x_wconf 88' lang='lat' dir='ltr'><strong>non</strong></span> <span class='ocrx_word' id='word_1_229' title='bbox 318 2991 405 3072; x_wconf 90' lang='lat' dir='ltr'><strong>(siout</strong></span> <span class='ocrx_word' id='word_1_230' title='bbox 415 2993 654 3070; x_wconf 84' lang='lat' dir='ltr'><strong>blasphemamur,</strong></span> <span class='ocrx_word' id='word_1_231' title='bbox 669 3001 697 3049; x_wconf 92' lang='lat' dir='ltr'><strong>et</strong></span> <span class='ocrx_word' id='word_1_232' title='bbox 709 2993 782 3050; x_wconf 91' lang='lat' dir='ltr'><strong>sicut</strong></span> <span class='ocrx_word' id='word_1_233' title='bbox 794 2993 871 3049; x_wconf 89' lang='lat' dir='ltr'><strong>aiunt</strong></span> <span class='ocrx_word' id='word_1_234' title='bbox 889 2991 1003 3062; x_wconf 88' lang='lat' dir='ltr'><strong>quidam</strong></span> <span class='ocrx_word' id='word_1_235' title='bbox 1022 3009 1075 3050; x_wconf 89' lang='lat' dir='ltr'><strong>nos</strong></span> <span class='ocrx_word' id='word_1_236' title='bbox 1095 2986 1211 3067; x_wconf 67' lang='lat' dir='ltr'><strong>dicere)</strong></span> <span class='ocrx_word' id='word_1_237' title='bbox 1226 2989 1308 3048; x_wconf 87' lang='lat' dir='ltr'><strong>facia·</strong></span> 
     </span>
     <span class='ocr_line' id='line_1_27' title="bbox 217 3084 1308 3166; baseline -0.004 -18"><span class='ocrx_word' id='word_1_238' title='bbox 217 3109 281 3148; x_wconf 88' lang='lat' dir='ltr'><strong>mus</strong></span> <span class='ocrx_word' id='word_1_239' title='bbox 294 3091 380 3159; x_wconf 88' lang='lat' dir='ltr'><strong>mala,</strong></span> <span class='ocrx_word' id='word_1_240' title='bbox 393 3101 425 3149; x_wconf 93' lang='lat' dir='ltr'><strong>ut</strong></span> <span class='ocrx_word' id='word_1_241' title='bbox 436 3093 551 3149; x_wconf 82' lang='lat' dir='ltr'><strong>veniant</strong></span> <span class='ocrx_word' id='word_1_242' title='bbox 561 3094 652 3149; x_wconf 87' lang='lat' dir='ltr'><strong>bona:</strong></span> <span class='ocrx_word' id='word_1_243' title='bbox 675 3109 795 3162; x_wconf 86' lang='lat' dir='ltr'><strong>quorum</strong></span> <span class='ocrx_word' id='word_1_244' title='bbox 808 3089 950 3147; x_wconf 85' lang='lat' dir='ltr'><strong>damnatio</strong></span> <span class='ocrx_word' id='word_1_245' title='bbox 959 3091 1037 3166; x_wconf 85' lang='lat' dir='ltr'><strong>justa</strong></span> <span class='ocrx_word' id='word_1_246' title='bbox 1053 3084 1144 3146; x_wconf 80' lang='lat' dir='ltr'><strong>est.”⁴</strong></span> <span class='ocrx_word' id='word_1_247' title='bbox 1185 3087 1308 3145; x_wconf 86' lang='lat' dir='ltr'><strong>Pulchre</strong></span> 
     </span>
     <span class='ocr_line' id='line_1_28' title="bbox 218 3187 1308 3265; baseline -0.004 -19"><span class='ocrx_word' id='word_1_248' title='bbox 218 3189 411 3264; x_wconf 84' lang='lat' dir='ltr'><strong>Augustinus:</strong></span> <span class='ocrx_word' id='word_1_249' title='bbox 432 3190 583 3248; x_wconf 86' lang='lat' dir='ltr'><strong>“Interest</strong></span> <span class='ocrx_word' id='word_1_250' title='bbox 595 3190 711 3262; x_wconf 87' lang='lat' dir='ltr'><strong>quidem</strong></span> <span class='ocrx_word' id='word_1_251' title='bbox 723 3189 886 3265; x_wconf 86' lang='lat' dir='ltr'><strong>plurimum,</strong></span> <span class='ocrx_word' id='word_1_252' title='bbox 901 3206 958 3260; x_wconf 89' lang='lat' dir='ltr'><strong>qua</strong></span> <span class='ocrx_word' id='word_1_253' title='bbox 977 3199 1071 3254; x_wconf 86' lang='lat' dir='ltr'><strong>causa,</strong></span> <span class='ocrx_word' id='word_1_254' title='bbox 1092 3205 1149 3258; x_wconf 91' lang='lat' dir='ltr'><strong>quo</strong></span> <span class='ocrx_word' id='word_1_255' title='bbox 1168 3187 1236 3253; x_wconf 87' lang='lat' dir='ltr'><strong>fine,</strong></span> <span class='ocrx_word' id='word_1_256' title='bbox 1252 3203 1308 3257; x_wconf 86' lang='lat' dir='ltr'><strong>qua</strong></span> 
     </span>
     <span class='ocr_line' id='line_1_29' title="bbox 156 3284 1309 3364; baseline -0.003 -20"><span class='ocrx_word' id='word_1_257' title='bbox 156 3311 157 3314; x_wconf 42' lang='lat'>¹</span> <span class='ocrx_word' id='word_1_258' title='bbox 218 3287 373 3344; x_wconf 87' lang='lat' dir='ltr'><strong>intentione</strong></span> <span class='ocrx_word' id='word_1_259' title='bbox 393 3287 461 3360; x_wconf 89' lang='lat' dir='ltr'><strong>quid</strong></span> <span class='ocrx_word' id='word_1_260' title='bbox 480 3289 544 3345; x_wconf 87' lang='lat' dir='ltr'><strong>fiat:</strong></span> <span class='ocrx_word' id='word_1_261' title='bbox 565 3287 617 3344; x_wconf 88' lang='lat' dir='ltr'><strong>sed</strong></span> <span class='ocrx_word' id='word_1_262' title='bbox 636 3305 670 3345; x_wconf 91' lang='lat' dir='ltr'><strong>ea</strong></span> <span class='ocrx_word' id='word_1_263' title='bbox 691 3306 754 3359; x_wconf 84' lang='lat' dir='ltr'><strong>quae</strong></span> <span class='ocrx_word' id='word_1_264' title='bbox 776 3295 885 3344; x_wconf 88' lang='lat' dir='ltr'><strong>constat</strong></span> <span class='ocrx_word' id='word_1_265' title='bbox 903 3305 966 3343; x_wconf 87' lang='lat' dir='ltr'><strong>esse</strong></span> <span class='ocrx_word' id='word_1_266' title='bbox 986 3295 1110 3364; x_wconf 87' lang='lat' dir='ltr'><strong>peccata,</strong></span> <span class='ocrx_word' id='word_1_267' title='bbox 1130 3284 1209 3342; x_wconf 90' lang='lat' dir='ltr'><strong>nullo</strong></span> <span class='ocrx_word' id='word_1_268' title='bbox 1228 3285 1309 3340; x_wconf 86' lang='lat' dir='ltr'><strong>bouae</strong></span> 
     </span>
     <span class='ocr_line' id='line_1_30' title="bbox 218 3382 1309 3458; baseline -0.003 -18"><span class='ocrx_word' id='word_1_269' title='bbox 218 3402 310 3440; x_wconf 76' lang='lat' dir='ltr'><strong>causae</strong></span> <span class='ocrx_word' id='word_1_270' title='bbox 324 3385 449 3454; x_wconf 87' lang='lat' dir='ltr'><strong>obtentu,</strong></span> <span class='ocrx_word' id='word_1_271' title='bbox 472 3386 551 3444; x_wconf 92' lang='lat' dir='ltr'><strong>nullo</strong></span> <span class='ocrx_word' id='word_1_272' title='bbox 573 3386 655 3458; x_wconf 85' lang='lat' dir='ltr'><strong>quasi</strong></span> <span class='ocrx_word' id='word_1_273' title='bbox 672 3387 748 3442; x_wconf 91' lang='lat' dir='ltr'><strong>bono</strong></span> <span class='ocrx_word' id='word_1_274' title='bbox 772 3385 840 3452; x_wconf 86' lang='lat' dir='ltr'><strong>fine,</strong></span> <span class='ocrx_word' id='word_1_275' title='bbox 861 3385 938 3441; x_wconf 90' lang='lat' dir='ltr'><strong>nulla</strong></span> <span class='ocrx_word' id='word_1_276' title='bbox 956 3385 1034 3442; x_wconf 85' lang='lat' dir='ltr'><strong>velut</strong></span> <span class='ocrx_word' id='word_1_277' title='bbox 1056 3385 1129 3440; x_wconf 91' lang='lat' dir='ltr'><strong>bona</strong></span> <span class='ocrx_word' id='word_1_278' title='bbox 1154 3382 1309 3439; x_wconf 83' lang='lat' dir='ltr'><strong>intentione</strong></span> 
     </span>
     <span class='ocr_line' id='line_1_31' title="bbox 220 3479 1312 3554; baseline -0.005 -18"><span class='ocrx_word' id='word_1_279' title='bbox 220 3479 349 3540; x_wconf 84' lang='lat' dir='ltr'><strong>facienda</strong></span> <span class='ocrx_word' id='word_1_280' title='bbox 370 3480 483 3542; x_wconf 83' lang='lat' dir='ltr'><strong>sunt.”⁵</strong></span> <span class='ocrx_word' id='word_1_281' title='bbox 523 3483 609 3549; x_wconf 85' lang='lat' dir='ltr'><strong>Quod</strong></span> <span class='ocrx_word' id='word_1_282' title='bbox 628 3492 721 3541; x_wconf 90' lang='lat' dir='ltr'><strong>autem</strong></span> <span class='ocrx_word' id='word_1_283' title='bbox 741 3484 905 3539; x_wconf 87' lang='lat' dir='ltr'><strong>obstetrices</strong></span> <span class='ocrx_word' id='word_1_284' title='bbox 926 3481 1108 3554; x_wconf 86' lang='lat' dir='ltr'><strong>AEgyptiacae</strong></span> <span class='ocrx_word' id='word_1_285' title='bbox 1128 3479 1312 3552; x_wconf 84' lang='lat' dir='ltr'><strong>praemiuma</strong></span> 
     </span>
     <span class='ocr_line' id='line_1_32' title="bbox 222 3574 1311 3657; baseline -0.004 -21"><span class='ocrx_word' id='word_1_286' title='bbox 222 3576 288 3635; x_wconf 88' lang='lat' dir='ltr'><strong>Deo</strong></span> <span class='ocrx_word' id='word_1_287' title='bbox 301 3583 466 3657; x_wconf 81' lang='lat' dir='ltr'><strong>acceperint,</strong></span> <span class='ocrx_word' id='word_1_288' title='bbox 479 3583 546 3640; x_wconf 90' lang='lat' dir='ltr'><strong>licet</strong></span> <span class='ocrx_word' id='word_1_289' title='bbox 558 3581 706 3639; x_wconf 90' lang='lat' dir='ltr'><strong>mendacio</strong></span> <span class='ocrx_word' id='word_1_290' title='bbox 720 3596 823 3654; x_wconf 86' lang='lat' dir='ltr'><strong>pueros</strong></span> <span class='ocrx_word' id='word_1_291' title='bbox 836 3577 1017 3643; x_wconf 86' lang='lat' dir='ltr'><strong>servaverint,</strong></span> <span class='ocrx_word' id='word_1_292' title='bbox 1028 3576 1145 3653; x_wconf 88' lang='lat' dir='ltr'><strong>contigit</strong></span> <span class='ocrx_word' id='word_1_293' title='bbox 1154 3575 1190 3632; x_wconf 94' lang='lat' dir='ltr'><strong>ob</strong></span> <span class='ocrx_word' id='word_1_294' title='bbox 1203 3574 1311 3632; x_wconf 88' lang='lat' dir='ltr'><strong>miseri·</strong></span> 
     </span>
     <span class='ocr_line' id='line_1_33' title="bbox 221 3673 1310 3754; baseline -0.001 -22"><span class='ocrx_word' id='word_1_295' title='bbox 221 3675 347 3734; x_wconf 86' lang='lat' dir='ltr'><strong>cordiam</strong></span> <span class='ocrx_word' id='word_1_296' title='bbox 360 3699 442 3752; x_wconf 89' lang='lat' dir='ltr'><strong>quam</strong></span> <span class='ocrx_word' id='word_1_297' title='bbox 456 3681 652 3746; x_wconf 85' lang='lat' dir='ltr'><strong>exhibuerunt,</strong></span> <span class='ocrx_word' id='word_1_298' title='bbox 667 3697 730 3751; x_wconf 82' lang='lat' dir='ltr'><strong>que</strong></span> <span class='ocrx_word' id='word_1_299' title='bbox 743 3677 860 3753; x_wconf 87' lang='lat' dir='ltr'><strong>praer&#39;nio</strong></span> <span class='ocrx_word' id='word_1_300' title='bbox 872 3676 925 3735; x_wconf 90' lang='lat' dir='ltr'><strong>fuit</strong></span> <span class='ocrx_word' id='word_1_301' title='bbox 944 3675 1045 3754; x_wconf 86' lang='lat' dir='ltr'><strong>digna:</strong></span> <span class='ocrx_word' id='word_1_302' title='bbox 1066 3674 1117 3735; x_wconf 88' lang='lat' dir='ltr'><strong>sed</strong></span> <span class='ocrx_word' id='word_1_303' title='bbox 1129 3673 1310 3735; x_wconf 88' lang='lat' dir='ltr'><strong>mendacium</strong></span> 
     </span>
    </p>
   </div>
   <div class='ocr_carea' id='block_1_5' title="bbox 220 3871 1314 4446">
    <p class='ocr_par' dir='ltr' id='par_1_7' title="bbox 220 3871 1314 4264">
     <span class='ocr_line' id='line_1_34' title="bbox 257 3871 1312 3940; baseline -0.003 -18"><span class='ocrx_word' id='word_1_304' title='bbox 257 3874 300 3940; x_wconf 90' lang='lat' dir='ltr'><strong>(l)</strong></span> <span class='ocrx_word' id='word_1_305' title='bbox 319 3875 482 3940; x_wconf 82' lang='lat' dir='ltr'><strong>“Generally‚</strong></span> <span class='ocrx_word' id='word_1_306' title='bbox 494 3893 509 3926; x_wconf 89' lang='lat' dir='ltr'><strong>a</strong></span> <span class='ocrx_word' id='word_1_307' title='bbox 525 3877 611 3938; x_wconf 84' lang='lat' dir='ltr'><strong>design</strong></span> <span class='ocrx_word' id='word_1_308' title='bbox 631 3883 657 3926; x_wconf 87' lang='lat' dir='ltr'><strong>tc</strong></span> <span class='ocrx_word' id='word_1_309' title='bbox 668 3883 802 3938; x_wconf 79' lang='lat' dir='ltr'><strong>transgress</strong></span> <span class='ocrx_word' id='word_1_310' title='bbox 814 3876 835 3926; x_wconf 86' lang='lat' dir='ltr'><strong>is</strong></span> <span class='ocrx_word' id='word_1_311' title='bbox 846 3882 890 3925; x_wconf 92' lang='lat' dir='ltr'><strong>not</strong></span> <span class='ocrx_word' id='word_1_312' title='bbox 902 3890 929 3924; x_wconf 89' lang='lat' dir='ltr'><strong>so</strong></span> <span class='ocrx_word' id='word_1_313' title='bbox 940 3876 1045 3936; x_wconf 84' lang='lat' dir='ltr'><strong>flagrant</strong></span> <span class='ocrx_word' id='word_1_314' title='bbox 1056 3889 1088 3923; x_wconf 87' lang='lat' dir='ltr'><strong>au</strong></span> <span class='ocrx_word' id='word_1_315' title='bbox 1100 3873 1219 3936; x_wconf 82' lang='lat' dir='ltr'><strong>cuormlty</strong></span> <span class='ocrx_word' id='word_1_316' title='bbox 1232 3887 1260 3920; x_wconf 88' lang='lat' dir='ltr'><strong>ss</strong></span> <span class='ocrx_word' id='word_1_317' title='bbox 1270 3871 1312 3920; x_wconf 89' lang='lat' dir='ltr'><strong>the</strong></span> 
     </span>
     <span class='ocr_line' id='line_1_35' title="bbox 220 3955 1314 4025; baseline -0.007 -15"><span class='ocrx_word' id='word_1_318' title='bbox 220 3962 299 4011; x_wconf 78' lang='lat' dir='ltr'><strong>actual</strong></span> <span class='ocrx_word' id='word_1_319' title='bbox 311 3962 499 4025; x_wconf 82' lang='lat' dir='ltr'><strong>completiones</strong></span> <span class='ocrx_word' id='word_1_320' title='bbox 512 3963 564 4012; x_wconf 89' lang='lat' dir='ltr'><strong>that</strong></span> <span class='ocrx_word' id='word_1_321' title='bbox 575 3963 668 4024; x_wconf 74' lang='lat' dir='ltr'><strong>denigo.</strong></span> <span class='ocrx_word' id='word_1_322' title='bbox 703 3962 754 4010; x_wconf 84' lang='lat' dir='ltr'><strong>For</strong></span> <span class='ocrx_word' id='word_1_323' title='bbox 764 3963 819 4022; x_wconf 88' lang='lat' dir='ltr'><strong>evil,</strong></span> <span class='ocrx_word' id='word_1_324' title='bbox 831 3961 873 4010; x_wconf 91' lang='lat' dir='ltr'><strong>the</strong></span> <span class='ocrx_word' id='word_1_325' title='bbox 892 3976 977 4010; x_wconf 89' lang='lat' dir='ltr'><strong>nearer</strong></span> <span class='ocrx_word' id='word_1_326' title='bbox 997 3975 1034 4007; x_wconf 85' lang='lat' dir='ltr'><strong>we</strong></span> <span class='ocrx_word' id='word_1_327' title='bbox 1052 3957 1174 4021; x_wconf 78' lang='lat' dir='ltr'><strong>approach</strong></span> <span class='ocrx_word' id='word_1_328' title='bbox 1194 3956 1253 4016; x_wconf 65' lang='lat' dir='ltr'><strong>itis</strong></span> <span class='ocrx_word' id='word_1_329' title='bbox 1271 3955 1314 4004; x_wconf 88' lang='lat' dir='ltr'><strong>the</strong></span> 
     </span>
     <span class='ocr_line' id='line_1_36' title="bbox 220 4041 1313 4108; baseline -0.003 -16"><span class='ocrx_word' id='word_1_330' title='bbox 220 4059 286 4093; x_wconf 87' lang='lat' dir='ltr'><strong>more</strong></span> <span class='ocrx_word' id='word_1_331' title='bbox 294 4044 456 4105; x_wconf 76' lang='lat' dir='ltr'><strong>discgreesble</strong></span> <span class='ocrx_word' id='word_1_332' title='bbox 464 4045 512 4094; x_wconf 84' lang='lat' dir='ltr'><strong>and</strong></span> <span class='ocrx_word' id='word_1_333' title='bbox 521 4045 654 4107; x_wconf 82' lang='lat' dir='ltr'><strong>shocking:</strong></span> <span class='ocrx_word' id='word_1_334' title='bbox 667 4061 694 4095; x_wconf 89' lang='lat' dir='ltr'><strong>so</strong></span> <span class='ocrx_word' id='word_1_335' title='bbox 702 4045 755 4095; x_wconf 90' lang='lat' dir='ltr'><strong>that</strong></span> <span class='ocrx_word' id='word_1_336' title='bbox 766 4047 785 4094; x_wconf 85' lang='lat' dir='ltr'><strong>it</strong></span> <span class='ocrx_word' id='word_1_337' title='bbox 794 4045 901 4108; x_wconf 88' lang='lat' dir='ltr'><strong>requires</strong></span> <span class='ocrx_word' id='word_1_338' title='bbox 911 4059 978 4092; x_wconf 89' lang='lat' dir='ltr'><strong>more</strong></span> <span class='ocrx_word' id='word_1_339' title='bbox 990 4042 1115 4105; x_wconf 84' lang='lat' dir='ltr'><strong>obstinacy</strong></span> <span class='ocrx_word' id='word_1_340' title='bbox 1125 4041 1151 4091; x_wconf 88' lang='lat' dir='ltr'><strong>iu</strong></span> <span class='ocrx_word' id='word_1_341' title='bbox 1160 4041 1313 4091; x_wconf 82' lang='lat' dir='ltr'><strong>wickedness</strong></span> 
     </span>
     <span class='ocr_line' id='line_1_37' title="bbox 221 4120 1311 4192; baseline -0.002 -17"><span class='ocrx_word' id='word_1_342' title='bbox 221 4133 247 4176; x_wconf 92' lang='lat' dir='ltr'><strong>to</strong></span> <span class='ocrx_word' id='word_1_343' title='bbox 257 4135 397 4191; x_wconf 83' lang='lat' dir='ltr'><strong>perpetuata</strong></span> <span class='ocrx_word' id='word_1_344' title='bbox 408 4145 440 4178; x_wconf 86' lang='lat' dir='ltr'><strong>an</strong></span> <span class='ocrx_word' id='word_1_345' title='bbox 452 4128 573 4180; x_wconf 80' lang='lat' dir='ltr'><strong>unlawtul</strong></span> <span class='ocrx_word' id='word_1_346' title='bbox 584 4131 673 4191; x_wconf 88' lang='lat' dir='ltr'><strong>action,</strong></span> <span class='ocrx_word' id='word_1_347' title='bbox 694 4129 754 4180; x_wconf 85' lang='lat' dir='ltr'><strong>thau</strong></span> <span class='ocrx_word' id='word_1_348' title='bbox 773 4129 854 4192; x_wconf 81' lang='lat' dir='ltr'><strong>barely</strong></span> <span class='ocrx_word' id='word_1_349' title='bbox 875 4135 901 4176; x_wconf 89' lang='lat' dir='ltr'><strong>to</strong></span> <span class='ocrx_word' id='word_1_350' title='bbox 921 4127 1040 4177; x_wconf 86' lang='lat' dir='ltr'><strong>entertaiu</strong></span> <span class='ocrx_word' id='word_1_351' title='bbox 1056 4127 1098 4178; x_wconf 89' lang='lat' dir='ltr'><strong>the</strong></span> <span class='ocrx_word' id='word_1_352' title='bbox 1110 4125 1214 4189; x_wconf 81' lang='lat' dir='ltr'><strong>thought</strong></span> <span class='ocrx_word' id='word_1_353' title='bbox 1225 4127 1254 4174; x_wconf 78' lang='lat' dir='ltr'><strong>ol</strong></span> <span class='ocrx_word' id='word_1_354' title='bbox 1269 4120 1311 4174; x_wconf 82' lang='lat' dir='ltr'><strong>it.”</strong></span> 
     </span>
     <span class='ocr_line' id='line_1_38' title="bbox 221 4210 535 4264; baseline 0.01 -4"><span class='ocrx_word' id='word_1_355' title='bbox 221 4210 369 4264; x_wconf 72' lang='lat' dir='ltr'><strong>Blackstoue</strong></span> <span class='ocrx_word' id='word_1_356' title='bbox 380 4215 396 4264; x_wconf 90' lang='lat' dir='ltr'><strong>l.</strong></span> <span class='ocrx_word' id='word_1_357' title='bbox 409 4214 442 4264; x_wconf 82' lang='lat' dir='ltr'><strong>iv.</strong></span> <span class='ocrx_word' id='word_1_358' title='bbox 455 4231 481 4264; x_wconf 89' lang='lat' dir='ltr'><strong>u.</strong></span> <span class='ocrx_word' id='word_1_359' title='bbox 497 4219 535 4264; x_wconf 87' lang='grc'><strong>15.</strong></span> 
     </span>
    </p>

    <p class='ocr_par' dir='ltr' id='par_1_8' title="bbox 257 4296 1050 4362">
     <span class='ocr_line' id='line_1_39' title="bbox 257 4296 1050 4362; baseline 0 -18"><span class='ocrx_word' id='word_1_360' title='bbox 257 4297 299 4362; x_wconf 81' lang='grc'><strong>(2)</strong></span> <span class='ocrx_word' id='word_1_361' title='bbox 320 4296 349 4344; x_wconf 86' lang='lat' dir='ltr'><strong>L.</strong></span> <span class='ocrx_word' id='word_1_362' title='bbox 362 4299 415 4347; x_wconf 83' lang='lat' dir='ltr'><strong>xiii.</strong></span> <span class='ocrx_word' id='word_1_363' title='bbox 430 4299 461 4347; x_wconf 91' lang='lat' dir='ltr'><strong>de</strong></span> <span class='ocrx_word' id='word_1_364' title='bbox 472 4298 593 4350; x_wconf 84' lang='lat' dir='ltr'><strong>Trinitate</strong></span> <span class='ocrx_word' id='word_1_365' title='bbox 605 4317 625 4350; x_wconf 87' lang='lat' dir='ltr'><strong>c.</strong></span> <span class='ocrx_word' id='word_1_366' title='bbox 638 4315 661 4348; x_wconf 84' lang='lat' dir='ltr'><strong>v.</strong></span> <span class='ocrx_word' id='word_1_367' title='bbox 829 4296 870 4362; x_wconf 85' lang='grc'><strong>(3)</strong></span> <span class='ocrx_word' id='word_1_368' title='bbox 891 4297 955 4346; x_wconf 87' lang='lat' dir='ltr'><strong>Osee</strong></span> <span class='ocrx_word' id='word_1_369' title='bbox 966 4297 999 4346; x_wconf 87' lang='lat' dir='ltr'><strong>ix.</strong></span> <span class='ocrx_word' id='word_1_370' title='bbox 1011 4296 1050 4344; x_wconf 86' lang='lat'><strong>10·</strong></span> 
     </span>
    </p>

    <p class='ocr_par' dir='ltr' id='par_1_9' title="bbox 256 4377 1280 4446">
     <span class='ocr_line' id='line_1_40' title="bbox 256 4377 1280 4446; baseline -0.003 -20"><span class='ocrx_word' id='word_1_371' title='bbox 256 4379 298 4446; x_wconf 77' lang='lat' dir='ltr'><strong>(t)</strong></span> <span class='ocrx_word' id='word_1_372' title='bbox 318 4380 391 4430; x_wconf 87' lang='lat' dir='ltr'><strong>Rom.</strong></span> <span class='ocrx_word' id='word_1_373' title='bbox 400 4381 434 4430; x_wconf 91' lang='lat' dir='ltr'><strong>iii.</strong></span> <span class='ocrx_word' id='word_1_374' title='bbox 447 4385 472 4430; x_wconf 82' lang='grc' dir='ltr'><strong>Β.</strong></span> <span class='ocrx_word' id='word_1_375' title='bbox 831 4382 872 4444; x_wconf 80' lang='grc'><strong>(5)</strong></span> <span class='ocrx_word' id='word_1_376' title='bbox 890 4379 921 4432; x_wconf 88' lang='lat' dir='ltr'><strong>L.</strong></span> <span class='ocrx_word' id='word_1_377' title='bbox 932 4388 1016 4430; x_wconf 87' lang='lat' dir='ltr'><strong>contra</strong></span> <span class='ocrx_word' id='word_1_378' title='bbox 1027 4378 1190 4435; x_wconf 87' lang='lat' dir='ltr'><strong>mendacium,</strong></span> <span class='ocrx_word' id='word_1_379' title='bbox 1200 4393 1226 4426; x_wconf 88' lang='lat' dir='ltr'><strong>n.</strong></span> <span class='ocrx_word' id='word_1_380' title='bbox 1240 4377 1280 4424; x_wconf 80' lang='grc'><strong>18.</strong></span> 
     </span>
    </p>
   </div>
   <div class='ocr_carea' id='block_1_6' title="bbox 0 0 1592 5266">
    <p class='ocr_par' dir='ltr' id='par_1_10' title="bbox 0 0 1592 5266">
     <span class='ocr_line' id='line_1_41' title="bbox 0 0 1592 5266; baseline 0 0"><span class='ocrx_word' id='word_1_381' title='bbox 0 0 1592 5266; x_wconf 95' lang='lat' dir='ltr'><strong> </strong></span> 
     </span>
    </p>
   </div>
  </div>
 </body>
</html>
