3078 5258
695 1205 837 1266 CAPUT
858 1207 912 1267 IV.

605 1425 650 1466 DE
691 1423 1019 1491 CONSUETUDINE.

310 1615 358 1669 39.
373 1611 510 1670 Passus
526 1610 620 1685 legem
632 1608 766 1683 scriptam
779 1605 972 1673 consuetudo,
992 1622 1043 1662 seu
1056 1604 1104 1664 lex
1121 1609 1180 1663 non
1195 1605 1299 1682 scripta
1312 1625 1358 1684 ag·

269 1711 404 1768 noscitur.
446 1707 655 1786 Obligationem
669 1706 776 1764 inducit
788 1707 898 1779 quoties
912 1705 1042 1783 amajori
1055 1715 1134 1781 parte
1148 1705 1357 1766 communitatis

270 1811 410 1868 animose
429 1807 572 1886 obligandi
586 1808 670 1866 suerit
682 1806 802 1882 publicis
816 1806 922 1863 actibus
943 1790 1089 1862 celebrata.
1132 1803 1181 1862 Sic
1202 1803 1301 1862 fideles
1324 1803 1358 1862 ad

270 1907 439 1969 audiendam
452 1907 574 1968 Missam
588 1907 687 1967 diebus
700 1907 779 1964 festis
793 1923 830 1964 ex
853 1901 1056 1963 consuetudine
1074 1905 1189 1976 antiqua
1201 1913 1358 1963 noscuntur

269 2009 393 2084 obligati.
436 2016 455 2044 “
463 2007 498 2066 In
511 2008 557 2066 his
570 2009 653 2068 rebus
667 2005 701 2063 de
716 2006 817 2077 quibus
828 2003 900 2063 nihil
912 2004 981 2061 certi
994 2004 1089 2062 statuit
1098 2002 1192 2066 divina
1202 2003 1357 2080 Scriptura,

269 2123 332 2163 mos
345 2105 447 2182 populi
459 2106 526 2172 Dei,
540 2116 569 2162 ct
580 2107 705 2164 instimta
718 2105 856 2181 majorum
867 2122 919 2180 pro
931 2103 995 2180 lege
1009 2102 1130 2160 tenenda
1142 2095 1257 2160 sunt.”l
1285 2103 1355 2170 Qus

270 2212 363 2262 autem
375 2204 447 2262 fiunt
459 2223 475 2261 a
488 2203 630 2280 plerisque
644 2222 681 2261 ex
694 2203 755 2261 sola
767 2203 855 2261 animi
868 2203 1028 2269 devotione,
1041 2202 1148 2260 nullam
1161 2199 1296 2260 inducunt
1308 2203 1357 2260 ob·

269 2302 443 2378 ligationem.
465 2301 650 2362 Consuetudo
663 2303 748 2378 igitur
760 2321 791 2360 se
806 2321 878 2374 aqua
890 2301 998 2359 lustrali
1012 2301 1191 2378 aspergendi,
1207 2300 1252 2358 vel
1265 2302 1357 2359 crucis

269 2401 352 2476 signo
374 2410 438 2461 ante
461 2401 609 2477 prandium
629 2400 785 2468 muniendi,
806 2401 852 2457 vel
871 2418 970 2476 preces
990 2402 1127 2460 matutino
1147 2410 1176 2458 et
1197 2401 1358 2477 vespertino

269 2508 395 2577 tempore
408 2498 555 2568 frmdeudi,
569 2503 628 2559 vim
640 2501 713 2578 legis
727 2518 784 2558 non
801 2499 903 2566 habet;
925 2501 1055 2570 quamvis
1068 2510 1199 2576 peccaret
1211 2500 1262 2572 qui
1274 2500 1357 2558 ritum

268 2601 440 2659 lustrationis
450 2610 614 2678 spemeret;
635 2599 709 2658 vela
722 2600 804 2676 signo
817 2598 908 2658 crucis
921 2597 1062 2668 faciendo,
1076 2599 1164 2658 fidem
1178 2599 1357 2658 catholicam

269 2701 449 2769 erubescens,
470 2701 639 2768 abstinerem
660 2699 859 2758 velorationis
880 2715 984 2757 munus
1010 2697 1059 2758 diu
1081 2699 1247 2777 negligeret.
1290 2699 1359 2758 Nou

269 2811 368 2876 peccat
381 2811 475 2861 autem
488 2800 538 2874 qui
551 2799 702 2877 aliquando
716 2801 750 2857 ab
763 2800 887 2858 externis
898 2797 942 2855 his
957 2797 1068 2874 pietatis
1082 2797 1224 2856 exercitiis
1234 2799 1313 2875 justa
1324 2798 1358 2856 de

269 2915 354 2956 causa
367 2901 496 2966 abstinet,
504 2915 541 2956 ne
554 2901 664 2958 scilicet
676 2899 782 2970 absque
792 2899 850 2956 ulla
862 2897 980 2955 utilitate
991 2893 1188 2973 hereticorum
1202 2897 1356 2956 cachinnos

269 3004 391 3054 moveat.

308 3098 357 3152 40.
380 3091 567 3152 Consuetudo
584 3103 628 3150 est
640 3093 725 3151 etiam
739 3102 758 3130 “
768 3096 875 3170 optima
887 3095 984 3172 legum
998 3091 1184 3172 interpres,”²
1203 3114 1267 3167 quae
1281 3097 1357 3153 enim

269 3192 354 3251 dubia
367 3192 412 3250 vel
425 3194 544 3252 obscura
556 3193 586 3250 in
598 3193 661 3270 lege
675 3193 765 3252 videri
785 3203 915 3270 possunt,
937 3193 1085 3253 manifestis
1105 3195 1300 3271 intelliguntur
1319 3213 1354 3252 ex

268 3293 389 3370 publicis
412 3302 440 3350 et
457 3293 661 3352 universalibus
685 3293 783 3369 populi
803 3295 937 3352 moribus.
981 3293 1113 3360 Quodsi
1137 3293 1248 3371 legibus
1275 3293 1357 3370 plane

270 3393 440 3462 adversetur,
453 3411 507 3450 uec
520 3410 614 3468 perse
627 3391 701 3450 mala
714 3393 760 3460 sit,
771 3411 867 3452 earum
881 3394 941 3451 vim
954 3393 1042 3462 tollet,
1057 3393 1213 3452 dummodo
1227 3411 1279 3468 per
1298 3392 1356 3450 diu·

269 3503 381 3553 uernum
399 3504 512 3572 tempus
531 3492 694 3552 invaluerit:
718 3492 844 3550 “Nemo
870 3511 945 3549 sanae
965 3493 1068 3551 mentis
1089 3493 1221 3568 iutelligit
1241 3491 1357 3551 naturali

268 3595 326 3668 juri
336 3592 430 3672 (cujus
439 3594 627 3669 transgressio
636 3593 794 3669 periculum
805 3593 903 3650 salutis
914 3589 1034 3671 inducit)
1049 3610 1227 3665 quacumque
1241 3609 1359 3649 consue·

269 3690 364 3747 tudine
389 3688 464 3768 (quae
487 3690 606 3747 dicenda
628 3701 672 3748 est
691 3693 785 3749 verius
806 3693 837 3749 in
856 3691 910 3750 hac
930 3699 1008 3767 parte
1022 3688 1193 3770 corruptela)
1208 3709 1295 3767 posse
1309 3691 1356 3748 ali·

267 3799 406 3862 quatenus
421 3787 557 3864 derogari.
600 3788 682 3845 Licet
694 3791 778 3846 etiam
797 3789 932 3866 longaevae
946 3789 1157 3849 consuetudinis
1170 3809 1230 3850 non
1243 3791 1280 3847 sit
1292 3790 1355 3847 vilis

268 3890 428 3962 auctoritas,
442 3907 501 3948 non
514 3895 608 3944 umen
627 3896 779 3961 estusque
800 3887 870 3946 adeo
890 3888 1017 3959 valitura,
1038 3899 1069 3948 ut
1090 3889 1137 3948 vel
1150 3890 1211 3969 juri
1234 3890 1355 3966 positivo

268 3986 367 4044 debeat
379 3989 576 4066 prejudicium
588 4005 732 4064 generare,
747 3988 803 4046 nisi
820 3987 903 4047 fuern
922 3989 1106 4056 rationabilis,
1128 3999 1156 4046 et
1175 3989 1302 4066 legitime
1322 3987 1356 4043 sit

267 4088 463 4161 praescripta.'’
505 4089 548 4147 Ita
562 4086 719 4166 Gregorius
738 4081 809 4146 ΙΧ.3
850 4087 1038 4147 Rationabilis
1053 4097 1148 4148 autem
1161 4089 1279 4146 habetur
1292 4106 1355 4172 cou-

267 4183 387 4242 suetudo
400 4204 464 4257 quae
477 4186 596 4245 naturali
609 4188 654 4246 vel
668 4188 764 4247 divino
774 4187 832 4265 juri
843 4199 901 4246 nou
913 4197 1061 4265 repugnat,
1074 4207 1128 4246 nec
1141 4188 1258 4266 publico
1270 4189 1352 4252 bonor

369 4370 412 4436 (l)
432 4369 494 4421 Can.
506 4376 529 4420 7.
541 4369 599 4421 dist.
614 4373 650 4421 ll.
837 4375 879 4440 (2)
900 4373 962 4453 Can.
975 4375 1024 4424 viii.
1036 4374 1065 4426 dc
1074 4373 1260 4428 consuetudine.

601 4455 641 4521 (3)
660 4455 724 4506 Cau·
736 4456 779 4506 ult.
797 4456 826 4508 de
837 4458 1023 4512 consuetudine.
