3046 5262
269 507 328 562 808
514 499 571 558 DE
593 497 802 558 PEOOATIS
824 496 1116 558 CAPITALIBUS.

269 667 333 726 facti
346 674 413 724 sunt
424 673 453 722 et
465 665 591 724 moribus
604 663 792 722 suavissimis.
835 663 867 720 S.
882 662 1052 720 Franciscus
1069 660 1197 720 Salesius
1210 662 1286 721 inter
1300 663 1361 741 plu-

268 767 357 826 rimos
371 764 487 822 eminet.
529 765 635 823 Animo
649 765 772 840 cogitare
785 770 896 838 oportet
916 779 1000 833 quam
1014 761 1113 820 inutile
1127 761 1165 817 sit
1176 773 1206 819 et
1219 764 1360 838 pernicio·

269 883 333 923 sum
346 865 395 922 irae
409 860 565 938 indulgere,
588 871 607 900 ‘⁶
617 864 658 920 ira
671 864 749 922 enim
762 861 815 918 viri
829 861 969 937 justitiam
989 859 1046 921 Dei
1060 878 1119 919 non
1131 858 1313 935 operatur‚”¹
1334 871 1361 918 et

268 963 374 1040 sepius
386 962 583 1021 renovandum
597 971 640 1022 est
652 962 829 1040 propositum
849 977 912 1017 eam
933 960 1067 1028 evitandi,
1089 958 1185 1032 nilque
1200 960 1361 1037 proferendi

269 1063 364 1120 animo
377 1060 612 1120 excandescente.
641 1061 674 1118 Si
688 1061 752 1133 quis
766 1061 807 1117 ira
820 1057 979 1132 deliquerit,
994 1059 1207 1134 quamprimum
1220 1057 1362 1117 sedendus

269 1161 407 1220 estanimi
416 1169 522 1228 motus,
529 1161 613 1237 juxta
621 1158 751 1234 Apostoli
759 1158 899 1217 monitum
911 1177 918 1214 :
935 1165 955 1192 ‘⁶
967 1158 1086 1217 Solnon
1095 1157 1207 1216 occidat
1215 1176 1304 1234 super
1312 1159 1362 1216 ira·

267 1259 400 1318 cundiam
414 1253 586 1316 vestram.’'²
613 1258 712 1316 Oratio
723 1255 867 1316 fundenda
880 1267 924 1315 est
936 1267 968 1314 ut
981 1255 1114 1315 Christus
1128 1275 1181 1314 nos
1198 1267 1360 1315 mansuetos

270 1367 298 1416 et
310 1357 444 1426 humiles,
455 1359 500 1416 sui
513 1359 610 1426 instar,
624 1357 737 1424 efficiat,
760 1365 788 1413 ct
806 1355 1002 1425 laborandum,
1016 1366 1056 1424 ut,
1071 1356 1179 1414 actibus
1199 1357 1306 1432 saepius
1319 1375 1359 1414 re·

267 1457 373 1534 petitis,
388 1457 563 1516 consuetudo
583 1457 746 1533 patientiam
765 1454 918 1513 exercendi
938 1456 1080 1513 habeatur.
1123 1455 1289 1512 Mitissimae
1299 1455 1359 1514 Vir·

270 1557 345 1633 ginis
358 1556 521 1632 exemplum
535 1564 677 1632 et-preces
690 1554 844 1633 plurimum
858 1563 976 1629 prosunt
995 1553 1030 1611 ad
1044 1553 1291 1612 mansuetudinem
1304 1553 1359 1612 adi-

268 1653 445 1730 piscendam.

672 1808 772 1869 “Virgo
784 1806 921 1869 singularis,

694 1892 760 1941 lnter
772 1907 857 1940 omnes
868 1891 941 1949 mitis,

689 1977 744 2025 Nos
755 1977 834 2040 culpis
845 1977 937 2025 solutos

687 2061 761 2111 Mites
772 2061 808 2110 sac
816 2069 841 2110 et
851 2058 955 2110 castoe.”

309 2251 358 2306 ut.
379 2247 509 2306 Saevities
523 2247 558 2306 ad
578 2248 647 2306 iram
667 2246 816 2306 reserenda
835 2246 955 2315 viderit,
977 2255 1020 2306 cst
1040 2247 1149 2306 scilicet
1170 2266 1205 2305 ea
1218 2249 1306 2306 animi
1318 2248 1356 2306 in·

268 2345 347 2402 doles
362 2363 418 2417 qua
431 2348 496 2418 quis
509 2347 604 2403 bestia
618 2345 720 2403 ferocis
741 2347 838 2414 instar,
853 2329 1008 2422 impellitur
1027 2345 1063 2404 ad
1081 2347 1214 2404 homines
1234 2347 1357 2404 cruciati-

266 2443 318 2500 bus
333 2442 507 2500 afficiendos.
550 2443 605 2501 Est
620 2444 745 2503 immane
766 2461 882 2518 prorsus
903 2446 1014 2504 vitium.
1056 2445 1231 2514 Grudelitas,
1246 2465 1309 2519 quae
1330 2447 1357 2502 in

267 2544 360 2620 poenis
374 2541 531 2618 irrogandis
545 2541 661 2600 modum
675 2525 798 2611 excedit,
813 2562 849 2601 ex
864 2546 905 2603 ira
918 2563 994 2622 saepe
1008 2547 1157 2621 provenit:
1179 2544 1231 2602 sed
1245 2555 1357 2604 nonest

268 2643 360 2719 gravis
375 2643 485 2720 peccati
497 2641 665 2711 damnanda,
679 2643 735 2700 nisi
748 2642 833 2702 luerit
846 2643 926 2702 valde
941 2652 1032 2702 ahox.

673 2843 741 2916 §V.
762 2841 810 2900 Drr
831 2844 961 2900 Ananis.

307 3014 355 3067 65.
386 3009 757 3088 Αοθάἰθ-ἀκηδίθ-ρτουῖ
783 3015 907 3092 speciale
930 3024 973 3072 θεῖ
996 3016 1107 3084 vitium,
1131 3025 1175 3074 est
1199 3017 1311 3073 tristitia
1333 3025 1358 3072 θῖ

267 3107 380 3166 taedium
394 3107 523 3166 debonis
537 3110 640 3170 divinis
654 3121 793 3184 quatenns
807 3113 842 3170 ad
862 3133 915 3172 noe
936 3117 1097 3192 pertinent:
1119 3114 1234 3187 quando
1252 3115 1359 3173 scilicet

267 3206 331 3278 quis
345 3205 475 3266 difficiles
495 3209 580 3268 nimis
601 3211 743 3269 aestimans
764 3231 827 3283 esse
842 3213 939 3270 salutis
960 3215 1147 3281 conditiones,
1168 3232 1216 3270 eas
1241 3213 1358 3290 implere

266 3304 378 3384 refugit.
420 3309 476 3366 Est
488 3311 605 3368 mortale
624 3321 772 3386 peccatum
786 3330 822 3372 ca
835 3330 943 3389 genere
954 3331 1008 3372 auo
1016 3336 1029 3384 ,·
1050 3314 1101 3371 scd
1115 3331 1192 3389 saepe
1207 3314 1273 3385 quis
1287 3330 1357 3388 aegre

266 3405 320 3463 lert
333 3407 461 3480 quaedam
475 3409 530 3466 sibi
542 3410 671 3468 facienda
691 3431 754 3484 quae
768 3422 862 3469 mmen
883 3411 997 3471 tandem
1017 3414 1176 3484 exequitur,
1191 3422 1222 3470 ut
1242 3430 1355 3488 gravem

266 3507 352 3565 evitet
372 3507 504 3586 culpam:
527 3528 590 3582 quae
614 3511 702 3568 animi
725 3511 878 3588 dispositio
899 3531 960 3571 nou
982 3522 1026 3569 θεῖ
1047 3511 1184 3578 mortalis,
1227 3513 1356 3569 “Motus

266 3605 403 3674 acedioe,”
424 3608 516 3680 inquit
539 3609 570 3665 S.
593 3610 735 3680 Thomas,
756 3613 816 3670 “in
837 3611 898 3668 sola
920 3610 1099 3668 sensualitate
1121 3609 1295 3684 quandoque
1316 3619 1356 3667 est

265 3713 381 3780 propter
393 3709 607 3782 repugnantiam
629 3711 720 3767 carnis
740 3710 776 3768 ad
789 3711 936 3786 spiritum:
959 3717 987 3765 ct
1000 3719 1066 3768 tunc
1086 3718 1130 3768 est
1148 3720 1297 3786 peccatum
1312 3728 1354 3766 ve-

265 3803 348 3861 niale.
392 3804 571 3878 Quandoque
585 3827 653 3866 vero
666 3810 800 3886 pertingit
813 3826 903 3882 neque
924 3807 959 3866 ad
972 3809 1121 3878 rationem,
1136 3828 1199 3883 quae
1213 3809 1353 3868 consentit

221 3980 223 3984 Ι
266 3903 296 3960 in
306 3901 403 3980 fugam
417 3914 445 3962 et
457 3904 603 3967 horrorem
616 3916 645 3964 et
657 3906 871 3966 detestationem
882 3908 949 3965 boni
963 3906 1061 3978 divini,
1077 3927 1160 3966 carne
1170 3917 1269 3966 contra
1282 3911 1350 3987 spir·

265 4003 336 4059 itum
350 4005 536 4079 prevalente:
558 4017 586 4067 θῖ
596 4017 662 4068 tunc
675 4007 854 4067 manifestum
875 4017 927 4075 θεῖ,
949 4009 1026 4080 quod
1039 4008 1136 4067 acedia
1148 4017 1192 4066 est
1205 4020 1350 4085 peccatum

265 4094 434 4159 mortale.'’³

465 4290 508 4356 (1)
522 4291 574 4341 Jac-
584 4292 601 4341 i·
612 4296 653 4344 2⁰·
956 4297 1174 4363 (amparare.

465 4374 507 4440 (3)
523 4376 550 4426 S.
561 4375 678 4441 Thomas,
690 4383 713 4431 9.
724 4383 770 4432 Qae.
782 4399 822 4448 qn.
834 4400 910 4434 xxxv.
923 4394 965 4436 ert.
977 4385 1011 4434 iii.
