3068 5256
713 1203 854 1264 CAPUT
874 1205 913 1262 X.

595 1433 641 1472 DE
672 1433 793 1472 SEXTO
821 1431 1044 1472 PRAEGEPTO·

676 1606 690 1629 “
698 1599 723 1648 N
726 1616 757 1648 on
771 1597 950 1650 moechaberis.”

313 1767 380 1821 139.
402 1763 615 1829 Annnrmuun,
638 1763 747 1820 scilicet
766 1763 931 1822 concubitus
952 1762 1005 1819 uiri
1019 1781 1084 1819 oum
1103 1761 1219 1829 femina,
1241 1780 1361 1834 quorum

271 1863 401 1921 alteruter
412 1863 458 1920 vel
471 1874 588 1934 uterque
602 1862 638 1918 sit
651 1862 777 1939 conjugii
787 1861 900 1920 vinculo
911 1861 988 1918 alteri
1000 1861 1113 1937 ligatus
1125 1870 1206 1918 sexto
1219 1869 1360 1937 praecepto

270 1962 443 2039 prohibetur.
486 1961 582 2038 Hujus
596 1962 721 2018 oriminis
735 1963 841 2019 malitia
854 1980 890 2018 cx
910 1979 944 2018 eo
964 1970 1040 2035 patet
1060 1958 1136 2032 quod
1150 1958 1220 2016 fides
1233 1961 1361 2036 conjugii

270 2061 400 2128 violetur,
414 2060 489 2117 hand
503 2062 564 2117 sinc
578 2060 708 2135 conjugis
722 2061 890 2136 gravissima
909 2059 1020 2134 injuria,
1035 2069 1063 2115 et
1082 2061 1189 2116 incerta
1208 2077 1285 2134 saepc
1300 2059 1359 2116 rcd-

270 2157 351 2215 datur
363 2159 467 2232 proles,
482 2167 510 2215 et
522 2157 601 2215 oncri
615 2158 735 2215 alienam
748 2160 857 2234 prolem
865 2158 1004 2216 educandi
1013 2160 1129 2216 maritus
1143 2176 1363 2229 nonnumquam

270 2256 443 2332 subjiciatur,
466 2257 511 2314 vel
536 2254 631 2332 proles
656 2259 736 2314 omni
760 2257 933 2315 educationis
960 2256 1087 2315 subsidio
1114 2266 1215 2314 carcat.
1268 2257 1362 2314 Grave

271 2355 378 2412 crimen
401 2363 453 2422 est,
475 2364 647 2430 quapropter
666 2355 684 2412 J
687 2358 733 2423 ob,
748 2375 779 2413 se
802 2376 837 2415 eo
856 2357 1014 2413 immunem
1028 2375 1091 2413 csse
1105 2355 1260 2423 affirmans,
1276 2355 1360 2414 dicit:

273 2453 335 2510 “Si
351 2452 502 2530 deceptum
517 2461 560 2511 est
582 2471 741 2512 cormeum
765 2473 850 2531 super
869 2456 998 2522 muliere,
1013 2463 1041 2511 et
1061 2456 1086 2512 si
1108 2453 1142 2510 ad
1161 2456 1267 2511 ostium
1282 2455 1363 2514 amici

270 2555 327 2612 mci
341 2552 489 2610 insidiatus
510 2551 693 2610 snm—Hoc
713 2555 791 2611 cuim
811 2553 889 2616 nefas
910 2562 962 2620 est,
984 2561 1012 2610 et
1032 2554 1166 2626 iniquitas
1185 2548 1360 2611 maximam

272 2652 403 2711 Mulieris
433 2651 564 2710 adulterae
594 2651 733 2728 flagitium
765 2661 917 2729 exaggerat
948 2651 1190 2709 Ecclesiasticus:
1226 2652 1364 2710 “Mulier

270 2753 365 2812 omnis
387 2752 550 2825 relinquens
564 2751 657 2808 virum
681 2770 774 2820 sunm,
798 2761 826 2808 et
847 2760 973 2809 statuens
995 2749 1189 2808 haereditatcm
1210 2769 1247 2808 cx
1272 2752 1363 2808 alieno

270 2853 466 2910 matrimonio:
487 2849 579 2925 primb
594 2851 670 2907 enirn
684 2852 713 2908 in
726 2851 789 2926 lege
801 2851 939 2908 Altissimi
953 2849 1126 2907 incredibilis
1140 2849 1212 2918 suit;
1234 2847 1362 2907 secundi

272 2951 302 3006 in
315 2950 407 3005 virum
426 2966 511 3004 suum
524 2947 659 3018 deliquit:
682 2947 761 3005 tertid
781 2950 811 3006 in
834 2947 969 3007 adulterio
991 2949 1127 3006 fornicata
1146 2957 1198 3015 est,
1212 2959 1240 3006 et
1261 2968 1298 3006 ex
1312 2949 1365 3005 alio

270 3047 332 3103 viro
345 3046 419 3102 filios
433 3045 527 3102 statuit
539 3038 643 3101 sibi.’'²
683 3047 774 3104 Poena
792 3048 892 3104 mortis
912 3049 1024 3120 utrique
1045 3047 1171 3104 adultero
1192 3048 1282 3105 veteri
1301 3047 1364 3123 lege

271 3144 490 3202 decernebatur:
513 3151 531 3178 “
544 3142 577 3200 Si
590 3144 748 3202 moechatns
763 3146 826 3218 quis
837 3147 921 3202 fucrit
934 3165 999 3204 cum
1008 3164 1098 3205 uxore
1112 3146 1235 3214 alterius,
1245 3156 1274 3204 et
1287 3144 1364 3202 adnl-

271 3245 372 3304 tcrium
386 3243 588 3318 perpetraverit
606 3262 672 3302 curn
692 3246 813 3322 conjuge
833 3245 957 3321 proximi
977 3247 1031 3314 sui,
1052 3254 1142 3302 morta
1163 3246 1319 3304 moriantur
1338 3253 1366 3300 ct

272 3341 400 3402 moechus
414 3351 443 3400 st
465 3335 636 3400 addaram
676 3345 804 3402 AEtemae
819 3345 917 3402 mortis
931 3362 1045 3419 poenam
1064 3343 1196 3403 adulteris
1210 3342 1365 3420 Apostolus

271 3443 378 3522 passim
392 3444 532 3500 minatur:
555 3449 575 3476 “
585 3441 760 3500 Honorabile
777 3443 950 3501 connubium
965 3445 994 3501 iu
1008 3443 1149 3508 omnibus
1164 3453 1193 3502 ct
1205 3444 1304 3502 thorus
1315 3443 1366 3499 im·

271 3544 435 3604 maculatus.
478 3542 676 3600 Fomicatores
690 3544 768 3601 euim
781 3553 809 3601 et
819 3542 957 3600 adulteros
967 3541 1107 3622 judicabit
1116 3535 1248 3601 Daus.''⁴
1276 3551 1308 3578 ’“
1319 3541 1365 3599 Ne

271 3645 335 3715 quis
355 3639 591 3716 supergrediatur,
613 3661 706 3712 nequo
720 3642 921 3699 circumveniat
939 3642 969 3698 in
989 3642 1104 3718 negotio
1127 3638 1163 3720 (εν
1174 3662 1210 3699 τω
1222 3634 1363 3715 upapam)

271 3741 385 3798 fratrem
398 3756 499 3794 suum:
522 3739 656 3809 quoniam
665 3738 769 3796 vindex
779 3750 823 3796 est
832 3739 976 3798 Dominus
986 3741 1021 3798 de
1032 3741 1077 3798 his
1089 3734 1271 3796 omnibus.'’⁵
1320 3736 1364 3794 De

271 3859 302 3898 re
316 3837 434 3896 maritali
448 3836 494 3914 agi
507 3853 544 3892 ex
564 3846 696 3894 contextu
716 3838 822 3909 liquet;
842 3840 968 3897 hortatus
983 3841 1060 3898 anim
1080 3847 1140 3896 erat
1152 3837 1309 3913 Apostolus
1331 3853 1364 3892 nc

273 3941 347 4012 quis,
361 3937 538 3995 ethnicorum
552 3935 649 4004 instar,
662 3936 774 3995 libidini
788 3955 818 3995 se
833 3938 956 3996 dederet.

315 4040 381 4094 140.
402 4036 540 4094 Adulterii
554 4036 659 4093 malitia
677 4046 782 4106 manet,
795 4038 862 4096 licet
874 4024 981 4114 conjnx
1000 4055 1082 4093 suam
1102 4035 1235 4112 injuriam
1248 4050 1365 4092 consen·

309 4220 350 4284 (l)
370 4221 417 4268 Job
429 4219 495 4270 xxxi.
507 4223 529 4267 9.
544 4221 582 4268 11.
863 4224 904 4288 (2)
925 4223 992 4271 Eccl.
1007 4221 1074 4269 rriii.
1087 4224 1127 4270 32.

309 4307 352 4370 (3)
373 4303 453 4352 Lavit.
465 4320 506 4352 xx.
522 4305 560 4353 10.
785 4301 788 4304 ¹
864 4310 905 4373 (4)
926 4309 988 4358 Heb.
1002 4307 1053 4355 xiii.
1066 4309 1089 4353 t.

310 4391 352 4455 (5)
373 4387 486 4437 l'l'hcss.
501 4390 532 4437 iv.
547 4392 571 4438 6.
605 4391 704 4440 Videat
719 4395 728 4439 l
742 4393 798 4441 Cor.
812 4393 842 4440 ui,
856 4395 879 4441 9.
