3078 5258
262 519 319 576 teo
590 511 647 572 DE
669 509 1029 572 DrsPENsnulouE.

306 683 355 738 58.
377 677 473 736 Morte
486 676 678 753 dispensantis
691 694 750 736 nou
762 684 875 734 cessant
886 675 1030 751 pleraeque
1044 673 1281 750 dispensationes,
1293 694 1361 736 nam

268 778 444 837 “concessio
471 775 580 856 (quam,
607 795 673 836 cum
693 771 847 853 specialem
869 775 987 850 gratiam
1013 774 1166 842 contineat,
1187 773 1270 833 decet
1296 793 1363 836 esse

267 872 443 953 mansuram)
457 892 516 934 non
528 875 650 952 expirat,
663 876 749 934 etiam
762 875 916 951 reintegra
934 891 987 950 per
1006 873 1114 932 obitum
1128 871 1362 934 concedentis.’'²

269 976 414 1036 Ceterum
428 976 454 1032 si
476 974 614 1052 Superior
636 974 840 1052 dispensaverit
852 971 893 1032 ad
906 991 998 1032 auam
1020 971 1195 1040 arbitrium,
1208 973 1362 1034 veldense

269 1078 295 1136 ei
313 1073 474 1154 placuerit,
488 1083 579 1134 morte
599 1073 675 1134 illius
698 1074 810 1151 expirat
830 1072 1023 1149 dispensatio:
1044 1091 1129 1130 secus
1149 1074 1174 1132 si
1187 1072 1365 1149 dispensatio

268 1193 406 1236 concessa
419 1174 503 1233 suerit
514 1172 558 1232 ad
570 1172 734 1234 arbitrium
751 1170 837 1231 Sedis
852 1169 1044 1252 Apostolicae,
1059 1172 1107 1230 vel
1126 1171 1259 1251 episcopi.
1265 1193 1279 1242 ,·
1299 1173 1365 1232 hae

270 1277 348 1334 enim
362 1282 473 1333 mortuo
493 1272 644 1342 Pontifice,
658 1273 703 1330 vel
725 1274 874 1350 episcopo,
898 1271 1041 1350 perdurat.
1083 1271 1119 1330 In
1139 1271 1224 1330 rebus
1244 1289 1307 1344 quae
1322 1272 1360 1330 ad

267 1373 376 1452 judicia
389 1373 530 1450 pertinent
552 1371 756 1442 “mandatum
775 1389 806 1430 re
826 1372 944 1448 integra,
966 1370 1087 1430 Domini
1106 1378 1196 1430 morte
1216 1364 1362 1438 finitur‚'’²

270 1473 341 1534 adeo
363 1482 394 1532 ut
413 1473 439 1530 si
462 1471 635 1548 dispensatio
656 1489 793 1530 concessa
811 1470 897 1530 fuerit
909 1469 944 1528 ad
957 1469 1088 1530 ordinem
1108 1479 1276 1529 consuetum
1284 1469 1364 1548 judi·

271 1572 380 1630 ciorum
394 1570 594 1637 omittendum,
607 1581 636 1627 et
654 1569 799 1648 delegatus
820 1569 951 1628 facultate
965 1570 1021 1628 sibi
1041 1569 1105 1627 data
1117 1587 1176 1628 non
1189 1570 1307 1648 coeperit
1319 1569 1363 1628 uti

270 1679 333 1727 ante
359 1667 542 1727 concedentis
568 1668 687 1736 obitum,
714 1670 823 1728 nullum
851 1668 918 1727 inde
944 1668 1127 1728 commodum
1153 1667 1278 1727 derivare
1307 1667 1365 1725 sibi

270 1769 389 1844 poterit:
411 1766 463 1825 sed
475 1770 501 1828 si
510 1769 572 1846 jam
586 1767 698 1828 initium
712 1767 857 1842 quoddam
865 1767 969 1845 judicii
982 1769 1119 1844 posuerit,
1133 1769 1236 1844 poterit
1248 1785 1310 1827 rem
1324 1766 1360 1824 ad

269 1867 356 1937 finem
370 1870 515 1944 prosequi,
529 1868 615 1927 etiam
628 1866 811 1946 dispensante
825 1875 946 1926 mortuo.

277 2018 280 2024 .
308 1971 357 2026 59.
380 1967 608 2026 Renunciatione
622 1965 842 2045 dispensationis
856 1974 950 2042 potest
962 1951 1105 2044 quis'ejus
1120 1965 1260 2024 beneficio
1273 1964 1363 2042 spoli·

268 2066 319 2129 ari,
334 2064 404 2122 adeo
417 2076 448 2122 ut
459 2075 559 2142 postea
572 2083 629 2124 non
641 2067 725 2124 liceat
737 2067 793 2142 ipsi
807 2064 913 2139 aliquid
925 2065 991 2124 inde
1005 2065 1132 2124 utilitatis
1141 2065 1197 2123 sibi
1207 2065 1361 2125 vindicare.

270 2163 382 2235 Nequit
394 2173 488 2222 umen
501 2164 603 2236 aliquis
624 2183 690 2224 auur
710 2165 824 2223 alterius
844 2164 960 2236 damno,
974 2163 1020 2222 rel
1040 2165 1260 2233 communitatis,
1275 2166 1364 2240 cujus

269 2271 313 2322 est
338 2263 508 2330 membrum,
535 2263 713 2333 detrimento,
746 2263 954 2340 dispensationi
979 2265 1151 2323 renuntiare.
1198 2264 1364 2336 numquam

269 2362 445 2418 renunciatio
459 2381 474 2419 a
487 2363 632 2437 superiore
655 2373 799 2439 acceptata
820 2362 915 2430 fuerit,
936 2363 1066 2422 absoluta
1087 2372 1218 2431 nonest,
1238 2362 1364 2436 ideoque

266 2467 361 2538 potest
373 2460 437 2530 quia
452 2459 663 2536 dispensatione
678 2462 729 2518 uti.
756 2461 854 2520 ·Licet
866 2461 952 2520 etiam
965 2481 998 2520 ea
1009 2463 1059 2530 uti,
1075 2463 1128 2520 etsi
1142 2463 1207 2536 quis
1221 2464 1247 2520 ei
1259 2479 1363 2521 renun-

268 2559 352 2616 tiasse
367 2557 579 2630 quodammodo
593 2559 672 2618 visus
693 2560 740 2628 sit,
755 2559 911 2620 dummodo
925 2561 955 2620 id
968 2561 1018 2619 liat
1030 2561 1136 2620 nullius
1146 2562 1260 2638 juribus
1273 2562 1360 2620 laesis.

269 2656 349 2716 Hinc
363 2659 412 2730 qui
425 2657 604 2734 dispensatus
619 2660 653 2717 ab
666 2658 761 2719 officio
774 2658 875 2719 diuma
889 2659 959 2718 illud
972 2661 1141 2728 recitaverit,
1156 2670 1250 2737 potest
1263 2671 1363 2738 postea

270 2757 490 2834 dispensationis
505 2758 644 2818 beneficio
657 2759 723 2818 frui.

312 2861 360 2914 60.
382 2858 446 2914 Lex
460 2859 519 2916 vim
532 2876 612 2915 snam
626 2859 727 2917 amittit
735 2858 761 2915 si
774 2859 903 2934 superior
921 2867 1044 2934 potestas
1059 2876 1122 2918 carn
1137 2859 1167 2917 iu
1177 2860 1287 2918 irritum
1301 2861 1364 2917 mit·

271 2962 318 3010 tat.
362 2954 411 3010 Sic
432 2972 523 3011 canon
540 2955 653 3012 concilii
674 2954 921 3015 Chalcedonensis
948 2955 983 3014 de
1005 2958 1136 3035 episcopi
1162 2957 1363 3016 Constantino·

270 3050 387 3128 politani
413 3031 570 3126 privilegiis
593 3053 686 3110 irritus
709 3052 799 3112 laeuas
820 3065 900 3112 esta
926 3056 957 3113 S.
979 3055 1077 3115 Leone
1096 3058 1141 3117 M.
1182 3059 1363 3135 abrogentur

269 3149 355 3206 etiam
367 3149 446 3225 leges
462 3151 523 3227 jam
544 3151 683 3228 vigentes,
704 3152 750 3210 rel
772 3153 936 3229 Superioris
959 3157 1134 3226 auctoritate,
1157 3158 1203 3215 vel
1224 3159 1363 3216 contraria

268 3248 474 3308 consuetudine
487 3267 537 3306 eas
550 3251 761 3326 praescribente,
776 3253 823 3310 vel
835 3253 945 3331 legibus
956 3257 1161 3331 posuerioribus
1169 3270 1217 3314 eas
1227 3275 1364 3333 expresse

270 3348 316 3405 vel
330 3350 412 3406 tacite
426 3350 632 3408 revocantibus.
676 3351 823 3427 speciales
835 3354 984 3430 regionum
998 3355 1076 3432 leges
1096 3356 1206 3434 legibus
1219 3357 1365 3415 universa-

268 3448 342 3507 libus
358 3450 496 3526 abrogata
509 3448 585 3508 haud
605 3460 766 3520 censentur,
788 3452 844 3510 nisi
864 3470 999 3528 expresse
1019 3465 1197 3524 revocentur,
1212 3474 1266 3514 nec
1286 3457 1364 3514 enim

270 3548 377 3606 sufficit
389 3549 516 3608 clausula
528 3551 688 3626 generalis:
711 3559 796 3610 “non
816 3552 944 3610 obstante
965 3571 1146 3628 quacumque
1165 3556 1229 3632 lege
1242 3557 1365 3633 particu-

268 3647 352 3702 lari.”
394 3649 428 3703 Si
442 3650 597 3724 superioris
618 3651 766 3708 auctoritas
787 3650 929 3710 inferioris
944 3653 1051 3730 praelati
1070 3654 1180 3732 legibus
1200 3656 1363 3720 accesserit,

268 3761 375 3802 novum
396 3745 545 3820 majusque
568 3747 652 3805 robur
675 3749 891 3819 listribuendo,
913 3753 1014 3826 nequit
1035 3753 1084 3811 hic
1105 3772 1153 3811 aas
1176 3773 1229 3813 suo
1252 3754 1365 3812 arbitrio

271 3843 379 3911 tollere,
393 3843 532 3902 habentur
544 3846 621 3902 enim
635 3856 778 3919 tamquam
799 3851 955 3925 superioris
975 3853 1075 3928 leges:
1098 3871 1181 3912 secus
1195 3854 1220 3911 si
1234 3853 1365 3930 superior

266 3944 344 4020 leges
358 3944 475 4004 honoris
489 3953 596 4004 tantum
609 3964 694 4005 causa
710 3945 890 4006 confirmarit.
933 3951 1027 4028 Leges
1044 3951 1213 4012 dioecesanae
1237 3953 1283 4010 vel
1296 3969 1364 4030 pro·

266 4043 412 4110 vinciales,
426 4046 480 4104 etsi
494 4045 646 4105 Pontificia
659 4048 811 4106 accesserit
829 4049 1017 4118 confirmatio,
1038 4061 1172 4128 poterunt
1190 4052 1362 4129 plerumque

270 4140 344 4198 solvi
358 4143 464 4215 absque
486 4147 569 4204 venia
588 4147 749 4222 pontificis:
772 4148 828 4206 nisi
847 4149 966 4224 speciali
986 4149 1108 4223 quadam
1129 4154 1237 4211 radone
1246 4153 1367 4228 jusserit

268 4239 492 4297 casservandas.
1158 4268 1162 4274 ·

301 4424 339 4489 (l)
359 4423 389 4474 0.
401 4409 486 4474 xirvi.
497 4425 527 4476 de
532 4427 677 4492 praebendis
688 4432 714 4481 in
725 4435 747 4480 6.
894 4438 937 4503 (2)
958 4433 1025 4500 Lege
1036 4453 1077 4488 xv.
1089 4436 1189 4499 Codice,
1201 4437 1330 4488 Mandati.
