3076 5260
268 477 327 534 368
459 475 515 534 DE
540 474 780 536 PARENTUM
800 473 1171 536 OBLIGATIONIBUS.

271 641 375 718 picoto,
389 639 536 710 librosque
549 656 652 716 pravos
665 657 703 696 ex
717 657 816 699 sorum
837 640 967 698 manibus
980 639 1102 716 eripere,
1119 643 1301 719 juvenesque
1314 643 1358 700 de·

269 739 428 812 linquentes
442 737 555 814 punire,
570 754 620 795 ssu
634 755 650 796 s
663 737 762 796 schola
781 739 931 805 dimittere,
952 755 988 794 nc
1006 737 1076 796 alios
1090 741 1149 797 suis
1163 741 1291 799 inficiant
1302 743 1356 800 col-

269 835 579 913 loquiiaetsxomplls.
600 835 696 894 Sedet
705 847 817 914 oportet
825 835 980 912 discipulos
990 835 1058 895 fidei
1074 837 1201 898 doctrina
1212 841 1355 908 instrucre,

269 935 344 996 etad
357 937 491 1012 pictatem
505 933 666 1000 informare,
680 936 794 1008 quando
814 935 842 994 id
863 952 914 1010 pcr
935 945 1066 1010 parentes
1086 937 1189 996 liccat:
1213 939 1354 996 acatholici

269 1045 362 1094 autcm
376 1035 457 1111 puori
470 1041 624 1105 noqueunt,
639 1035 800 1108 parentibus
814 1034 919 1100 invitis,
941 1031 977 1090 ad
997 1033 1083 1092 tidem
1102 1035 1220 1103 traduci,
1235 1038 1291 1096 nisi
1303 1039 1356 1112 ipsi

268 1143 395 1206 querant
407 1130 442 1190 da
456 1150 489 1190 ca
508 1130 729 1190 instructionem.
772 1133 807 1190 ln
819 1131 926 1189 scholis
947 1131 1032 1206 igitur
1049 1134 1078 1192 in
1092 1136 1197 1206 quibus
1211 1137 1355 1194 acatholici

266 1249 331 1290 cum
345 1229 491 1288 catholicis
504 1227 687 1296 conveniunt,
708 1239 821 1306 prostat
839 1239 870 1286 ut
882 1238 996 1305 tempus
1017 1241 1213 1308 opportunum
1227 1233 1355 1311 salig-atur

267 1330 361 1406 pueris
374 1328 523 1386 catholicis
536 1328 567 1385 in
585 1326 670 1386 rebus
684 1327 751 1386 fidei
771 1326 951 1386 instituendis
972 1345 1101 1388 seorsum
1126 1333 1160 1388 ab
1181 1333 1353 1391 acatholicis.

269 1428 400 1486 Graviter
413 1436 507 1484 autam
521 1435 640 1504 peccant
652 1427 780 1504 magistri
794 1426 843 1499 qui
862 1444 921 1483 non
939 1435 1040 1484 curant
1059 1438 1090 1485 ut
1108 1431 1190 1506 pueri
1212 1431 1356 1505 proficiant

269 1527 377 1593 littoris,
392 1535 420 1584 et
432 1526 535 1601 probos
549 1524 642 1582 colant
654 1544 759 1593 moros,
773 1524 824 1582 scd
844 1533 873 1582 et
885 1523 970 1582 fidem
991 1537 1105 1584 servent
1124 1529 1274 1604 integram,
1289 1549 1352 1602 qua·

267 1635 347 1682 tenus
360 1641 450 1700 penes
471 1624 550 1700 ipsos
571 1634 623 1680 est.
666 1623 806 1702 Magnum
826 1624 912 1699 igitur
932 1639 1035 1682 munus
1059 1643 1158 1684 corum
1172 1635 1227 1694 est,
1250 1627 1354 1700 dequo

265 1723 335 1780 ratio
342 1739 476 1796 supremo
482 1719 574 1799 judici
583 1720 741 1780 reddenda:
758 1729 777 1756 ‘⁴
787 1721 863 1788 Quid
873 1721 998 1798 majus‚”
1010 1723 1102 1796 inquit
1112 1723 1350 1802 chrysostomus,

267 1829 286 1858 ‘⁶
296 1837 380 1894 quam
394 1819 668 1880 adolescentulorum
682 1821 790 1896 fingere
804 1837 897 1877 mores
910 1813 959 1874 2⁹⁹¹

670 2006 712 2072 (1)
731 2004 806 2056 Hom.
817 2006 851 2060 lx·
862 2005 888 2056 in
901 2005 960 2060 Mat
