3046 5262
284 479 344 536 250
699 474 757 534 DE
779 473 925 534 BELLO.

283 659 398 702 oausam
410 649 510 719 sponte
524 641 665 719 amplecti,
680 649 708 699 et
719 641 793 699 bello
806 639 871 698 dare
884 655 1011 715 operam,
1025 639 1080 696 nisi
1092 636 1162 695 illud
1170 639 1283 715 justum
1295 637 1368 694 vide·

284 747 353 798 atur.
395 741 427 800 Si
447 740 552 800 bellum
565 741 603 798 sit
622 739 770 798 manifeste
790 740 938 816 injustum,
952 755 1005 794 nec
1025 735 1128 794 subditi
1140 753 1193 794 nec
1207 736 1368 812 alienigene

284 838 487 914 possuntillud
506 857 613 915 gerere.
655 839 781 898 Possunt
801 835 916 910 quidem
937 835 1015 892 cives
1036 843 1065 892 et
1081 835 1187 892 milites
1208 833 1372 909 plerumque

285 953 367 996 suam
378 936 413 996 de
426 938 564 1015 injustitia
575 937 642 996 belli
655 937 820 1014 opinionem
829 935 982 1012 deponere,
993 941 1082 991 coetus
1093 933 1199 1009 publici
1213 950 1266 989 seu
1276 934 1372 1010 princi-

285 1036 330 1112 pis
344 1036 406 1094 nixi
421 1034 550 1113 judiciot
570 1034 647 1108 quod
667 1035 692 1092 si
712 1033 820 1092 veritati
840 1052 898 1092 non
919 1033 956 1090 sit
975 1049 1143 1100 consonum,
1166 1033 1373 1090 excusabuntur

285 1133 400 1204 milites,
413 1135 480 1192 licet
492 1143 591 1211 peccet
602 1136 736 1210 princeps
750 1133 775 1190 si
783 1141 888 1191 temere
901 1129 1086 1206 etcupiditate
1095 1129 1261 1206 impellente
1273 1129 1372 1188 bellurn

286 1230 397 1291 inserat.
419 1241 439 1268 “
454 1232 507 1290 Vir
514 1231 642 1310 justus,’'
657 1233 748 1304 inquit
755 1230 941 1308 Augustinus,
957 1237 976 1264 “
988 1228 1014 1286 si
1026 1227 1097 1286 forte
1111 1228 1196 1286 etiam
1209 1228 1264 1285 sub
1277 1246 1340 1304 rege
1346 1238 1372 1284 et

285 1330 403 1388 homine
422 1331 559 1407 sacrilego
578 1330 689 1398 militet,
710 1337 784 1388 recte
806 1338 908 1405 potest,
929 1326 978 1386 illo
994 1327 1123 1404 jubente,
1143 1325 1261 1395 bellare,
1282 1327 1371 1384 civice

289 1429 370 1504 pacis
384 1428 514 1488 ordinem
526 1447 653 1498 servans,
668 1447 744 1496 curn,
764 1427 840 1502 quod
861 1428 916 1486 sibi
932 1427 1048 1503 jubetur
1067 1424 1113 1482 vel
1133 1443 1191 1484 non
1206 1443 1273 1483 esee
1287 1433 1373 1484 contra

290 1523 348 1586 Dei
360 1536 534 1604 preceptum
547 1537 655 1586 certum
674 1536 727 1594 cst,
741 1527 788 1584 vel
807 1535 900 1584 utrum
920 1525 958 1582 sit
969 1532 1077 1582 certum
1090 1541 1148 1582 non
1161 1535 1213 1592 est,
1228 1525 1268 1583 ita
1281 1533 1311 1581 ut
1323 1523 1372 1581 for

286 1631 360 1686 tasse
374 1642 455 1682 reum
469 1623 552 1682 faciat
564 1643 661 1702 regem
674 1625 808 1696 iniquitas
818 1622 988 1700 imperandi,
1002 1624 1183 1682 innocentem
1196 1631 1292 1680 autem
1306 1621 1372 1680 mili·

286 1730 344 1782 tem
357 1719 486 1780 ostendat
504 1721 573 1782 ordo
586 1719 777 1780 serviendi.”¹
796 1722 893 1780 Facile
913 1721 1053 1797 contingit
1065 1719 1257 1802 desertricem
1270 1719 1372 1779 bellum

285 1837 349 1880 esse
359 1821 479 1897 justum,
494 1821 547 1878 etsi
561 1839 646 1880 causa
658 1819 721 1878 date
742 1821 779 1878 sit
796 1821 875 1889 belli,
896 1820 1018 1904 sienim
1037 1821 1176 1895 reparatio
1199 1820 1310 1895 injuriae
1331 1820 1374 1876 ob·

286 1920 342 1978 lata
368 1920 414 1987 sit,
434 1920 481 1977 vel
500 1919 525 1976 si
550 1919 639 1977 nimia
665 1927 804 1992 quaeratur
823 1903 954 1986 vindicta,
981 1918 1098 1994 patriam
1119 1918 1198 1995 juste
1224 1917 1375 1977 defendunt

288 2011 395 2078 cives.²

325 2120 376 2174 27.
398 2113 433 2172 ln
451 2115 527 2175 bello
535 2118 616 2193 justo
628 2117 717 2175 licent
735 2135 770 2176 ea
781 2117 878 2174 omnia
891 2134 953 2190 quae
967 2114 1102 2174 adfinem
1114 2114 1182 2174 belli
1195 2125 1264 2174 sunt
1283 2133 1374 2174 neces·

287 2213 371 2283 saria,
384 2213 495 2272 scilicet
502 2214 537 2273 ad
545 2234 657 2289 equam
666 2217 832 2293 injun‘amm
839 2215 986 2282 ultionem,
997 2223 1025 2272 et
1032 2215 1249 2290 reparationem.
1273 2214 1375 2272 Hostes

287 2314 363 2372 licite
377 2313 546 2373 occiduntur
558 2324 695 2374 consueto
704 2313 827 2372 bellandi
840 2331 930 2381 more,
939 2313 1088 2389 velaperto
1102 2321 1201 2381 marte,
1212 2313 1259 2371 rel
1268 2313 1374 2371 insidiis

285 2413 439 2490 legitimis:
460 2431 526 2470 nam
539 2423 570 2471 nt
582 2415 621 2471 ait
633 2413 829 2488 Augustinus:
853 2419 872 2447 ‘⁶
883 2430 949 2469 cum
965 2413 1076 2489 justum
1088 2411 1195 2470 bellum
1209 2413 1371 2488 suscipitur,

286 2513 315 2570 ri
329 2521 426 2588 aperta
437 2519 544 2587 pugnet
557 2512 631 2582 quis,
645 2519 693 2568 eut
705 2529 742 2568 ex
765 2508 886 2578 insidiis,
906 2510 979 2568 nihil
998 2510 1033 2568 ad
1050 2512 1189 2587 justitiam
1212 2502 1373 2569 interest.”⁸

287 2609 347 2669 Sed
360 2609 439 2669 nefas
453 2617 496 2666 est
508 2628 558 2669 eos
572 2611 621 2683 qui
634 2628 711 2668 arma
733 2608 888 2685 deponunt,
908 2618 937 2666 et
954 2609 1108 2686 implorant
1126 2609 1261 2678 salutem,
1276 2608 1376 2668 interii·

287 2728 364 2776 cere,
386 2710 443 2768 nisi
465 2708 588 2768 bellandi
609 2727 688 2768 more
709 2709 797 2766 atroci
816 2708 989 2784 supplicium
1011 2717 1170 2768 extremum
1196 2709 1290 2766 meriti
1313 2709 1375 2765 sint.

289 2807 348 2874 Qui
371 2808 402 2866 in
421 2808 547 2867 hostium
568 2809 667 2868 eastris
686 2809 863 2884 reperiuntur
885 2805 1052 2875 desertores,
1072 2817 1163 2866 morte
1182 2808 1270 2865 etiam
1286 2803 1376 2882 puniri

286 2913 417 2980 possunt.
459 2906 517 2970 Qui
538 2923 575 2964 ex
597 2906 726 2964 hostibus
749 2906 824 2982 capti
846 2914 913 2963 sunt
932 2925 990 2964 non
1016 2914 1090 2974 sont,
1110 2904 1309 2972 interficiendi,
1330 2900 1378 2962 sed

289 3002 473 3059 commutatio
487 3019 553 3058 oum
566 3002 629 3058 aliis
643 3003 677 3059 ab
689 3003 819 3062 hostibus
832 3005 923 3080 captis
936 3003 1064 3062 iacienda
1083 3013 1136 3073 est,
1150 3013 1178 3062 ct
1196 3005 1309 3062 interim
1328 3003 1376 3060 hu·

286 3098 408 3156 maniter
428 3096 563 3158 tractandi
577 3107 651 3166 eunt,
672 3109 810 3171 quatenns
824 3120 918 3161 rerum
938 3101 1063 3162 conditio
1082 3103 1159 3160 sinit.
1208 3102 1376 3165 inermibus,

287 3196 450 3270 quietatis,
465 3213 564 3264 sexus,
579 3196 625 3254 vel
647 3201 774 3257 muneris
798 3202 872 3259 sacri
891 3203 999 3259 ratione
1018 3200 1131 3260 hostilia
1149 3220 1208 3259 non
1222 3207 1376 3276 gesserunt»

286 3312 402 3374 parcere
418 3303 538 3374 oportet.
580 3295 746 3356 Proditione
760 3300 881 3359 militum
901 3299 1058 3358 alienorum
1081 3301 1126 3359 vel
1148 3301 1268 3358 aliorum
1282 3299 1330 3371 qui
1348 3298 1376 3353 in

286 3396 413 3454 hostium
427 3395 526 3454 castris
544 3377 701 3464 veniatur,
716 3415 775 3454 non
788 3398 854 3455 lieet
866 3398 906 3453 uti
921 3396 956 3452 ad
970 3397 1051 3454 ducis
1065 3399 1111 3455 val
1123 3398 1248 3455 hostium
1262 3397 1378 3453 aliomm

287 3494 530 3556 intersectionem:
552 3511 606 3552 nec
625 3494 692 3553 licet
710 3512 821 3553 veneno
840 3493 957 3552 inficere
977 3512 1075 3567 aquas,
1096 3493 1141 3552 vel
1162 3495 1233 3554 alies
1247 3493 1376 3552 adhibere

322 3685 364 3748 (1)
377 3682 406 3733 L.
417 3684 478 3734 xxii.
490 3691 576 3734 contra
587 3684 717 3745 Faustum,
728 3700 750 3736 o.
761 3686 828 3735 lxxv.

319 3765 362 3836 (2)
382 3773 396 3798 ‘²
404 3765 459 3818 The
471 3768 555 3818 netion
567 3768 666 3818 insanit
678 3769 698 3818 is
710 3776 735 3819 to
746 3770 837 3822 submit
845 3776 870 3819 to
882 3786 897 3819 a
907 3769 1007 3835 penalty
1017 3769 1098 3820 which
1110 3770 1129 3820 it
1140 3769 1186 3822 hae
1196 3768 1320 3828 deserved,
1331 3765 1377 3816 end

284 3852 359 3904 suffer
370 3852 389 3902 it
398 3853 432 3917 hy
443 3868 499 3916 way
516 3851 544 3901 oi
557 3852 714 3914 subelection,
726 3861 768 3917 yet
777 3870 810 3903 no
823 3870 877 3918 wey
892 3854 987 3917 obliged
1004 3863 1029 3905 to
1040 3855 1095 3917 give
1107 3853 1176 3904 itseli
1189 3870 1224 3919 up
1239 3864 1265 3904 to
1283 3853 1323 3904 the
1333 3852 1379 3902 dis·

284 3938 377 3988 cretion
388 3937 417 3986 oi
430 3953 462 3988 an
473 3937 587 3988 incensed
600 3953 697 4002 enemy.
730 3938 870 3998 Therefore,
882 3939 957 3990 when
974 3940 1092 3999 attached,
1110 3939 1129 3988 it
1142 3940 1164 3988 is
1177 3947 1202 3989 to
1214 3939 1313 3988 mahen
1329 3944 1378 3986 ten·

284 4021 327 4068 der
338 4021 367 4069 oi
379 4021 536 4081 satisfacticn,
548 4022 592 4071 seh
602 4022 671 4073 what
687 4023 786 4086 penalty
797 4021 819 4071 is
837 4022 954 4086 required,
973 4022 1021 4073 and
1041 4023 1063 4072 is
1075 4039 1108 4072 no
1121 4021 1222 4087 explicit
1239 4037 1334 4072 snswer
1349 4021 1378 4069 be

284 4096 366 4163 gisem
377 4119 404 4152 or
416 4104 456 4154 the
467 4121 555 4170 enemy
567 4106 588 4155 is
599 4106 636 4157 ior
647 4106 769 4173 impceing
786 4106 1029 4172 edieproportionate
1046 4107 1153 4172 penalty,
1168 4107 1188 4158 it
1198 4107 1257 4158 then
1270 4105 1377 4170 acquires

226 4247 229 4260 A
284 4201 299 4234 a
310 4186 375 4247 right
386 4187 414 4235 oi
428 4189 548 4252 resisting,
560 4191 607 4240 end
617 4191 716 4244 desenoe
727 4195 839 4244 meones
850 4190 958 4242 lewiul.’'
993 4191 1032 4242 De
1043 4191 1132 4242 Vettel.
1150 4191 1215 4244 Loto
1222 4187 1255 4259 of
1268 4190 1378 4244 Netinos,

283 4269 419 4322 lfflcffl

320 4354 362 4420 (³)
382 4353 431 4414 Qu.
444 4371 468 4404 x.
480 4355 641 4420 snperJosue.
659 4360 723 4410 Vide
734 4364 804 4427 plura
815 4363 880 4428 apud
891 4362 1005 4414 Grotium
1016 4362 1110 4428 dejure
1121 4362 1178 4414 belli
1191 4369 1215 4411 et
1227 4360 1298 4426 pecie,
1311 4359 1328 4407 l.
1340 4357 1376 4406 iii·

283 4455 304 4490 c.
315 4440 331 4491 i.
344 4444 358 4502 ς
372 4440 402 4490 vi.
421 4443 444 4490 2.
