3146 5266
356 1384 780 1478 THEOLOGIA
833 1387 1170 1480 MORALIS.

651 2085 904 2146 PROOEMIUM.

271 2315 296 2366 l.
318 2309 504 2369 Trrnonosra
527 2312 648 2372 Moralis
670 2313 825 2390 appellatur
851 2329 963 2370 morum
990 2310 1139 2388 disciplina
1157 2331 1193 2370 ex
1214 2311 1317 2372 divinis

230 2409 405 2466 documentis
416 2409 549 2468 derivata.
585 2413 662 2478 Quid
674 2431 755 2490 agere
769 2411 932 2479 debeamus,
942 2410 1085 2484 quomodo
1098 2429 1192 2470 mores
1206 2423 1316 2470 nostros

231 2526 400 2584 componere
415 2519 553 2585 oporteat,
568 2511 665 2569 docuit
676 2529 728 2570 nos
742 2511 823 2568 Deus
837 2527 895 2567 non
909 2519 1014 2566 tantum
1029 2509 1135 2568 lumine
1148 2511 1236 2568 menti
1254 2511 1317 2567 inti·

231 2607 304 2662 mins
313 2606 475 2682 affulgente,
484 2609 536 2666 sed
544 2613 692 2686 praeceptis
701 2610 800 2686 primis
809 2609 971 2666 hominibus
980 2607 1061 2676 datis,
1071 2619 1100 2665 et
1108 2609 1170 2686 lege
1182 2609 1211 2666 in
1221 2619 1317 2666 monte

232 2704 320 2775 Sinai
334 2705 399 2772 lata,
420 2717 448 2761 et
472 2707 600 2782 plurimis
627 2728 690 2782 quat
713 2707 846 2765 Christus
873 2707 1016 2763 Dominus
1037 2705 1158 2762 tradidit.
1212 2705 1317 2770 “Quia

230 2800 351 2869 homo‚'”
365 2803 457 2876 inquit
467 2805 498 2861 S.
512 2806 650 2876 Thomas,
667 2806 840 2866 “ordinatur
855 2805 986 2862 adfinem
1005 2802 1183 2862 beatitudinis
1197 2811 1316 2868 aeterna,

229 2920 290 2972 quae
305 2901 417 2958 excedit
429 2907 641 2980 proportionem
654 2905 786 2964 naturalis
800 2904 937 2962 facultatis
951 2903 1092 2970 humanae,
1111 2902 1175 2962 ideo
1189 2921 1316 2960 necessa·

227 3001 300 3058 rium
313 3001 376 3068 fuit,
384 3013 416 3058 ut
429 3021 513 3078 supra
526 3005 620 3080 legem
634 3005 788 3062 naturalem
802 3013 830 3060 et
839 3003 992 3060 humanam
1006 3001 1170 3078 dirigeretur
1183 3004 1267 3060 etiam
1282 3001 1317 3058 ad

228 3117 310 3156 suum
321 3099 408 3166 finem
422 3101 485 3178 lege
500 3102 633 3160 divinitus
647 3103 719 3160 data.
742 3101 885 3170 Secundo,
895 3102 961 3174 quia
971 3110 1085 3178 propter
1093 3099 1316 3159 incertitudinem

227 3197 343 3255 humani
353 3198 464 3275 judicii,
479 3201 621 3276 precipue
635 3202 670 3260 de
692 3203 775 3260 rebus
797 3200 1031 3276 contingentibus,
1047 3208 1075 3256 et
1095 3199 1316 3275 particularibus,

227 3297 364 3372 contingit
385 3296 420 3354 de
441 3299 547 3356 actibus
569 3299 701 3358 humanis
729 3300 902 3359 diversorum
924 3297 1035 3355 diversa
1054 3316 1117 3355 esse
1140 3298 1258 3374 judicia,
1281 3315 1316 3353 ex

228 3395 329 3464 quibus
343 3396 428 3454 ctiam
442 3396 560 3454 diversae
574 3408 603 3455 et
615 3400 759 3458 contrariae
783 3399 860 3474 leges
881 3396 1045 3472 procedunt.
1089 3397 1130 3454 Ut
1149 3415 1216 3473 ergo
1230 3395 1317 3452 homo

228 3493 333 3565 absque
348 3496 426 3552 omni
439 3495 610 3555 dubitatione
632 3500 705 3556 scire
726 3497 817 3571 possit
838 3494 906 3566 quid
929 3495 956 3550 ei
980 3495 1017 3548 sit
1037 3493 1188 3566 agendum,
1210 3491 1318 3562 etquid

228 3591 385 3658 vitandum,
405 3595 594 3674 necessarium
615 3596 678 3663 fnit,
703 3604 734 3652 ut
756 3593 785 3650 in
809 3591 915 3648 actibus
936 3589 1057 3666 propriis
1084 3587 1249 3666 dirigeretur
1267 3607 1319 3666 per

227 3689 321 3764 legem
343 3689 474 3748 divinitus
490 3688 601 3761 ¹datam,
621 3694 656 3752 de
678 3713 735 3767 qua
756 3699 873 3757 constat,
890 3688 966 3763 quod
988 3708 1045 3747 non
1065 3699 1158 3766 potest
1177 3684 1317 3748 errare.''¹

226 3787 315 3844 Juxta
334 3787 407 3847 hano
434 3790 469 3848 de
489 3809 602 3848 morum
629 3793 733 3869 regulis
761 3799 848 3867 agunt
873 3789 1015 3865 theologi3
1037 3807 1126 3862 quum
1153 3788 1317 3864 philosophi

227 3885 335 3944 ethices
350 3886 529 3966 disciplinam
543 3898 630 3949 totam
641 3909 678 3948 ex
690 3890 805 3948 rationis
813 3888 1020 3956 dictaminibus,
1035 3888 1080 3944 vel
1089 3886 1237 3944 hominurn
1251 3904 1317 3942 con·

227 4003 322 4053 sensu,
337 3985 473 4046 derivant.
517 3989 589 4054 Qua
603 3989 742 4048 Ecclesiae
756 3987 891 4065 praesules
905 3987 968 4061 lege
979 3994 1142 4053 statuerunt,
1151 3984 1196 4044 vel
1205 3984 1317 4042 decreto

227 4083 381 4152 firmarunt,
402 4085 537 4143 adhibent
559 4089 643 4146 etiam
657 4088 783 4164 theologi
796 4087 825 4143 in
847 4085 972 4142 moribus
995 4084 1188 4142 informandis.
1231 4084 1265 4142 In
1283 4085 1318 4141 iis

229 4199 292 4253 quae
306 4182 402 4243 divino
416 4185 513 4258 aliquo
527 4185 706 4256 documento,
721 4185 767 4242 vel
780 4183 919 4243 Ecclesiae
933 4181 1046 4241 decreto
1055 4201 1113 4240 non
1127 4184 1316 4248 innotuerunt,

495 4385 538 4450 (1)
554 4385 580 4434 S.
591 4339 681 4436 Thom.
694 4385 717 4446 1,
729 4388 753 4436 2,
765 4400 805 4450 qu.
817 4382 864 4434 xci.
878 4390 921 4433 art.
933 4382 965 4432 iv.
974 4381 1047 4446 Resp.

310 4447 382 4509 Vol.
400 4448 499 4512 1.-2.
