3068 5256
684 1319 825 1377 CAPUT
846 1317 932 1376 VIII.

612 1555 651 1592 DE
674 1553 793 1598 Qunn‘ro
818 1549 992 1590 PRAEcnt’To.

292 1731 305 1755 ‘⁴
315 1724 433 1774 Honori
447 1737 554 1772 rrrnrn
567 1737 645 1770 ruunt
664 1735 698 1768 nr
716 1734 831 1768 nurnero
844 1733 927 1776 roan,
945 1723 973 1766 ut
984 1716 1017 1766 sis
1034 1715 1160 1777 longevus
1172 1727 1245 1778 snper
1257 1721 1353 1771 terrum,

259 1825 333 1876 quam
346 1808 469 1857 Dominus
480 1807 549 1858 Deus
559 1813 617 1856 tuus
628 1806 694 1856 dabit
704 1804 771 1854 tibi.’'

306 2008 355 2060 88.
378 2001 518 2059 Hononrs
531 2002 647 2057 nomine
663 2017 747 2055 omne
767 1997 878 2073 pietatis
893 2013 959 2071 erga
978 2002 1108 2070 parentes
1122 1993 1246 2050 officium
1260 1994 1355 2050 venit:

268 2103 317 2172 qui
330 2117 418 2171 quurn
438 2099 495 2155 Dei
515 2099 591 2154 vices
612 2095 820 2168 quodammodo
843 2103 949 2170 gerant,
973 2103 1001 2150 et
1021 2093 1174 2150 exhibeant
1192 2093 1356 2168 imaginem,

269 2207 334 2256 sunt
353 2198 430 2254 enim
451 2198 513 2272 ejus
535 2196 730 2263 instrumenta,
750 2195 832 2250 nobis
845 2191 911 2249 verb
931 2194 994 2248 vitae
1015 2200 1153 2258 auctores
1168 2209 1217 2248 eos
1236 2191 1358 2247 revereri

268 2287 388 2373 oportet,
402 2313 556 2366 eorumque
577 2295 770 2370 gubernationi
790 2312 844 2350 nos
865 2291 994 2358 subdere,
1015 2291 1106 2362 iisque
1130 2291 1200 2366 grati
1222 2290 1310 2346 animi
1323 2290 1359 2345 ob

268 2394 405 2452 beneficia
418 2403 549 2468 praestare
563 2392 678 2450 indubia
691 2392 860 2448 testimonia.
904 2399 922 2424 ‘⁴
935 2391 1011 2446 Scite
1025 2389 1150 2456 autem‚”
1166 2388 1361 2446 animadvertit

270 2491 469 2550 catechismus
484 2492 640 2558 Romanus,
656 2500 675 2526 “
685 2493 714 2548 in
726 2491 788 2566 lege
802 2491 894 2564 posita
906 2499 949 2545 est
956 2488 1076 2545 ¹honoris
1090 2507 1157 2555 vox,
1169 2507 1225 2545 non
1245 2487 1358 2552 amoris,

271 2601 319 2650 aut
331 2599 433 2658 metus,
448 2592 557 2649 etiarnsi
571 2589 651 2647 valde
671 2589 783 2647 amandi
803 2607 834 2644 ao
854 2587 997 2646 metuendi
1016 2599 1146 2662 parentes
1160 2588 1234 2654 sint;
1256 2586 1360 2643 etenim

271 2694 321 2765 qui
336 2699 418 2758 amat,
433 2709 490 2748 non
504 2709 618 2766 semper
631 2691 761 2747 observat
780 2698 808 2745 et
822 2697 985 2745 veneratur:
1008 2688 1057 2759 qui
1076 2687 1184 2754 metuit,
1208 2705 1266 2744 non
1289 2703 1361 2741 sem·

270 2811 321 2868 per
335 2791 444 2867 diligit:
467 2810 550 2862 quern
565 2787 631 2848 verb
646 2789 747 2861 aliquis
761 2807 797 2845 ex
812 2788 905 2844 animo
918 2787 1046 2852 honorat,
1060 2786 1126 2843 item
1141 2788 1224 2854 amat,
1239 2795 1267 2841 et
1284 2803 1362 2840 vere·

271 2885 363 2946 tur.'’1
405 2890 583 2964 Praeceptum
604 2890 658 2944 boc
680 2887 813 2944 Christus
832 2886 974 2943 Dominus
996 2885 1099 2959 saepius
1118 2884 1277 2949 inculcavit,
1292 2884 1364 2939 sieut

241 3063 242 3068 ἵ
271 2996 301 3043 et
314 2985 478 3060 Apostolus,
494 2987 542 3056 qui
562 2995 590 3042 et
609 2985 823 3041 animadvertit:
846 2993 865 3019 “
877 2984 953 3055 quod
967 2991 1010 3040 est
1022 2983 1183 3041 mandatum
1197 2985 1320 3059 primurn
1334 2981 1363 3036 in

272 3083 472 3160 promissione,
485 3093 516 3140 ut
528 3085 599 3140 benc
614 3084 649 3140 sit
662 3084 722 3150 tibi,
737 3093 765 3139 et
777 3083 816 3138 sis
829 3082 974 3158 longaevus
988 3101 1075 3161 super
1087 3076 1236 3140 terram.’'²
1261 3081 1364 3138 Honor

271 3183 319 3239 ille
330 3188 477 3257 praestatur
489 3191 619 3257 parentes
633 3191 793 3238 reverenter
805 3181 945 3249 babendo,
959 3183 1050 3252 iisque
1061 3182 1196 3252 obsequia
1209 3181 1272 3238 data
1285 3199 1364 3237 occa·

273 3282 353 3338 sione
367 3278 521 3348 reddendo,
541 3290 674 3339 monente
689 3282 796 3358 Spiritu
817 3279 938 3338 Sancto:
961 3290 980 3315 “
992 3281 1026 3337 In
1040 3300 1125 3356 opere
1139 3289 1168 3337 et
1187 3298 1317 3336 sermone
1337 3288 1366 3336 et

273 3380 351 3437 omni
365 3379 500 3454 patientia
512 3381 622 3439 honora
634 3389 741 3456 patrem
756 3389 843 3447 tuum,
858 3389 888 3436 ut
906 3381 1085 3455 superveniat
1098 3380 1147 3436 tibi
1160 3378 1318 3436 benedictio
1332 3379 1365 3434 ab

277 3499 322 3548 eu,
338 3487 366 3536 et
378 3478 538 3538 benedictio
551 3481 626 3539 illius
640 3480 669 3536 in
682 3479 839 3538 novissimo
853 3473 1011 3536 maneat.”³

313 3584 362 3636 89.
384 3580 433 3637 Ex
446 3580 627 3654 ipso'naturae
642 3580 773 3636 instinctu
787 3597 872 3636 umor
887 3578 1013 3636 tribuitur
1025 3579 1195 3652 parentibus.
1220 3576 1364 3648 Equidem

275 3677 408 3733 Christus
422 3695 473 3732 eos
487 3678 553 3734 odio
569 3678 714 3735 habendos
734 3697 946 3748 nonnumquam
967 3677 1038 3734 dixit
1048 3672 1072 3743 3⁴
1091 3677 1142 3734 sed
1161 3677 1191 3734 id
1210 3677 1366 3752 intelligen-

275 3773 343 3832 dum
357 3782 399 3830 est
413 3782 551 3847 quatenus
565 3775 623 3832 Dei
636 3775 772 3832 voluntati
791 3784 963 3851 repugnant;
985 3784 1051 3833 sunt
1069 3777 1175 3850 quippe
1195 3777 1288 3831 minus
1303 3775 1366 3832 Deo

275 3872 420 3950 diligendi,
436 3891 499 3945 quae
514 3874 557 3931 vis
572 3884 615 3932 est
627 3892 728 3930 vocum
744 3872 958 3942 Hebraioarum,
976 3876 1060 3951 juxta
1078 3874 1165 3931 illud:
1189 3883 1208 3909 “
1220 3874 1277 3940 Qui
1291 3881 1367 3930 amat

274 3984 382 4048 patrem
396 3982 443 4032 aut
455 3982 572 4031 matrem
587 3974 650 4050 pius
665 3991 749 4045 quam
770 3991 826 4041 me,
840 3992 898 4030 non
918 3982 961 4029 est
972 3992 1018 4030 me
1033 3967 1184 4050 dignus.”⁵
1224 3982 1243 4007 “
1256 3967 1365 4048 Grego-

273 4072 332 4126 rius
347 4089 493 4148 exponens
509 4073 577 4131 illud
592 4075 708 4130 verbum
721 4072 850 4140 Domini,
862 4071 930 4129 dicit
943 4072 1018 4144 quod
1029 4081 1170 4147 parentes
1181 4090 1252 4142 quos
1270 4071 1366 4128 adver·

273 4169 362 4225 sorios
375 4171 405 4226 in
418 4171 464 4227 via
477 4171 533 4229 Dei
546 4173 677 4246 patimur,
693 4171 814 4230 odiendo
834 4181 862 4228 et
873 4170 1007 4246 fugiendo
1021 4172 1130 4228 nescire
1144 4171 1289 4228 debemus.
1333 4171 1366 4227 Si

340 4377 382 4441 (1)
397 4376 425 4424 P·
437 4376 472 4425 ru.
490 4377 565 4427 Praec·
577 4378 609 4427 iv·
622 4381 636 4438 t
651 4378 690 4430 to.
798 4380 839 4446 (a)
860 4380 967 4445 taphat.
980 4383 1003 4428 π.
1097 4379 1138 4446 (s)
1153 4377 1262 4427 nector.
1275 4379 1298 4425 a

341 4461 382 4528 (⁴)
397 4460 458 4511 Luc.
468 4461 518 4510 xiv.
527 4465 568 4510 26.
794 4467 836 4530 (5)
857 4466 916 4515 Mat.
924 4479 949 4514 x.
961 4464 1001 4514 37.
