3078 5258
299 511 358 566 220
586 501 643 564 DE
664 502 844 564 DECIMIS
864 501 1112 563 SOLVENDIS.

294 673 358 748 jure
372 687 426 728 suo
445 668 575 728 nolentes
592 668 643 736 uti,
665 687 700 726 ne
720 669 794 728 obici
814 668 908 728 forent
921 668 1006 726 saluti
1019 667 1186 727 animarum.
1229 668 1388 728 “Ministri

300 769 440 828 Ecclesiae
462 767 601 844 majorem
620 785 716 826 euram
742 765 844 826 debent
862 767 966 825 habere
986 767 1177 842 spiritualium
1199 767 1342 826 bonorum
1364 771 1388 826 in

297 868 406 946 populo
419 865 678 944 promovendorum
691 883 776 939 quam
790 865 987 942 temporalium
997 865 1231 942 colligendorum.
1272 866 1312 924 Et
1325 867 1389 924 ideo

299 966 455 1044 Apostolus
469 966 561 1024 noluit
572 965 614 1024 uti
625 973 764 1042 potestate
777 966 831 1024 sibi
844 984 860 1022 a
872 963 1000 1024 Domino
1023 963 1131 1033 tradita,
1144 973 1177 1024 ut
1195 964 1303 1022 scilicet
1317 968 1388 1024 acci·

299 1075 379 1143 peret
388 1064 528 1143 stipendia
538 1065 628 1122 victus
638 1065 672 1122 ab
681 1063 727 1121 his
738 1065 839 1136 quibus
848 1061 1039 1140 Evangelium
1049 1063 1226 1139 praedicabat,
1234 1082 1270 1122 ne
1280 1064 1388 1122 daretur

300 1163 416 1239 aliquod
429 1162 665 1241 impedimentum
680 1161 841 1240 Evangelio
856 1162 975 1221 Christi.
1004 1161 1069 1219 Neo
1078 1173 1173 1221 tamen
1182 1164 1337 1238 peccabant
1349 1163 1386 1220 illi

299 1266 349 1336 qui
361 1266 389 1322 ei
402 1281 459 1321 non
472 1262 692 1329 subveniebant;
714 1262 840 1334 alioquin
854 1259 1009 1338 Apostolus
1023 1278 1073 1320 eos
1089 1263 1230 1338 corrigere
1244 1281 1301 1320 non
1315 1265 1384 1320 omi·

299 1364 394 1420 sisset.
436 1361 476 1420 Et
488 1360 804 1420 similiterlaudabiliter
822 1360 946 1420 ministri
954 1359 1095 1420 Ecclesiae
1109 1359 1234 1418 decimas
1248 1361 1385 1419 Ecclesia

299 1480 358 1520 non
370 1461 525 1533 requirunt,
540 1460 588 1518 ubi
601 1462 664 1518 sine
678 1459 810 1518 seandalo
822 1460 928 1534 requiri
941 1478 1000 1518 non
1012 1468 1141 1535 possent,
1155 1468 1270 1536 propter
1283 1459 1386 1518 dissue

300 1560 437 1627 tudinem,
458 1559 504 1616 vel
529 1567 644 1636 propter
664 1557 787 1630 aliquam
811 1561 894 1617 aliam
913 1577 1039 1616 causam.
1081 1558 1146 1616 Neo
1167 1569 1262 1616 tamen
1281 1560 1387 1616 suntin

298 1666 370 1715 statu
383 1649 636 1729 damnationisflui
649 1674 706 1715 non
720 1655 834 1716 solvunt
853 1659 883 1716 in
902 1658 974 1716 locis
994 1657 1061 1723 illis,
1081 1658 1111 1716 in
1132 1658 1236 1730 quibus
1256 1659 1387 1716 Ecclesia

299 1775 356 1815 non
370 1757 457 1833 petit:
478 1756 536 1815 nisi
555 1756 626 1814 forte
646 1763 762 1832 propter
781 1756 997 1816 obstinationem
1018 1757 1116 1824 animi,
1134 1757 1270 1815 habentes
1290 1758 1386 1816 volun·

300 1865 386 1914 tatem
398 1875 457 1916 non
470 1855 608 1924 solvendi,
623 1856 708 1916 etiam
719 1856 744 1914 si
758 1856 846 1914 abeis
860 1850 1068 1931 peterentur.''¹

340 1959 388 2013 64.
409 1955 428 2015 J
431 1974 476 2014 arn
495 1973 562 2012 vero
582 1955 726 2031 plerisque
747 1955 776 2012 in
794 1955 867 2013 locis
886 1954 1003 2012 declinas
1017 1953 1133 2012 sublatae
1153 1963 1229 2020 sunt,
1250 1963 1280 2010 et
1299 1955 1385 2014 clerus

299 2063 470 2111 sustentatur
482 2054 528 2111 vel
547 2053 747 2112 beneficiorum
768 2052 933 2120 redditibus,
947 2052 994 2110 vel
1007 2053 1145 2128 pensione
1160 2071 1259 2113 annua
1282 2055 1384 2118 efisco,

299 2152 345 2209 vel
357 2150 483 2210 fidelium
497 2153 603 2209 incerta
614 2152 749 2228 largitate.
790 2151 825 2210 ln
845 2152 891 2210 his
911 2152 1064 2230 provinciis
1086 2170 1148 2210 mos
1168 2153 1223 2210 late
1244 2152 1350 2210 obtinet
1361 2160 1386 2208 ut

299 2268 416 2308 scamna
436 2249 563 2308 locentur
584 2251 615 2308 in
635 2250 765 2318 ecclesia,
791 2250 837 2307 vel
862 2250 1028 2318 vendantur,
1050 2259 1126 2308 certa
1147 2251 1287 2326 pensione
1301 2269 1387 2310 annua

298 2345 444 2412 solvenda,
471 2357 499 2403 et
523 2364 561 2404 ex
585 2347 739 2404 redditibus
766 2349 867 2422 pensio
890 2349 1054 2424 adsignetur
1078 2349 1293 2408 sacerdotibus:
1314 2348 1385 2406 unde

297 2443 464 2520 gravissima
476 2443 657 2502 incommoda
669 2453 698 2501 et
710 2445 784 2503 mala
796 2454 856 2502 orta
865 2463 929 2504 esse
943 2465 1030 2506 nemo
1040 2447 1160 2522 ignorat.
1202 2447 1275 2514 Quae
1289 2455 1385 2523 sponte

298 2541 366 2600 dant
377 2539 475 2600 fideles
499 2543 647 2600 occasione
669 2543 802 2619 baptismi
821 2550 850 2600 et
869 2547 1043 2612 matrimonii
1065 2546 1149 2604 etiam
1163 2547 1194 2604 in
1206 2547 1382 2604 sacerdotum

298 2640 530 2700 sustentationem
543 2639 656 2706 cedunt,
670 2650 774 2713 atquae
788 2640 843 2697 alio
864 2644 966 2712 quovis
986 2652 1069 2716 pacto
1089 2643 1203 2700 donant.
1246 2643 1282 2700 Id
1296 2651 1382 2723 autem

298 2740 432 2800 omnibus
458 2755 626 2814 persuasum
651 2756 716 2796 esse
738 2735 820 2794 debet
839 2747 968 2813 oportere
986 2749 1018 2795 ut
1036 2739 1141 2814 singuli
1161 2758 1213 2814 pro
1233 2758 1286 2797 sua
1308 2751 1380 2817 parte

298 2837 403 2909 aliquid
417 2838 570 2903 conferant,
584 2854 621 2892 ne
640 2835 843 2894 sustentatione
862 2837 1024 2894 necessaria
1042 2835 1188 2912 indigeant
1206 2837 1379 2896 sacerdotes:

297 2932 348 2990 sed
361 2931 496 3004 quamdiu
509 2933 587 2990 nulla
599 2943 673 2990 certa
685 2932 749 3009 lege
762 2949 835 2988 onus
849 2934 1004 3010 injungitur
1023 2942 1052 2992 et
1070 2932 1212 3003 delinitur,
1233 2952 1292 2995 non
1306 2936 1382 2994 aude·

297 3047 361 3086 mus
381 3031 490 3104 peccati
513 3029 638 3086 mortalis
658 3028 791 3088 damnare
812 3048 879 3089 eum
901 3033 952 3105 qui
972 3033 1075 3092 omittit
1094 3051 1205 3106 aequam
1227 3036 1383 3112 portionem

297 3125 436 3194 conferre,
452 3126 562 3198 quoties
576 3144 634 3184 non
647 3135 691 3184 est
703 3127 862 3204 periculum
884 3148 921 3188 ne
944 3131 1103 3191 sacerdotes
1117 3150 1151 3190 ea
1170 3132 1205 3190 de
1218 3151 1306 3192 causa
1318 3133 1381 3191 indi·

297 3234 390 3302 geant,
404 3225 450 3283 vel
463 3225 511 3283 alii
523 3223 622 3282 fideles
642 3226 727 3284 nimis
747 3235 905 3304 graventur.
946 3229 992 3287 Illi
1012 3238 1108 3288 autem
1127 3233 1177 3303 qui
1197 3251 1254 3307 praa
1277 3231 1383 3294 avaritia

297 3333 428 3384 recusant
440 3324 510 3397 quid
522 3323 598 3392 dare,
612 3325 643 3384 in
655 3326 690 3382 iis
704 3343 766 3398 qum
787 3325 974 3386 indicavimus
988 3327 1138 3405 adjunctis,
1152 3329 1282 3388 videntur
1302 3329 1383 3404 gravi·

297 3433 340 3481 ter
361 3425 413 3491 rei,
436 3431 464 3482 et
485 3421 595 3500 indigni
615 3424 697 3482 venia
716 3424 929 3484 sacramentali:
951 3426 1059 3484 violant
1071 3428 1255 3506 enimlegem
1277 3426 1379 3484 Christi

297 3521 416 3583 Domini
442 3521 477 3580 de
503 3523 699 3582 ministrorum
726 3523 877 3601 Evangelii
907 3525 1119 3594 sustentatione,
1146 3537 1175 3586 et
1199 3547 1231 3586 se
1257 3526 1377 3596 aliosque

259 3679 264 3687 ,
297 3619 434 3694 objiciunt
447 3620 606 3680 discrimini
619 3620 726 3680 salutis.

569 3785 610 3850 (1)
631 3788 653 3834 2.
667 3790 690 3835 2.
700 3803 723 3851 q.
736 3787 836 3838 lxxxvii.
850 3796 894 3838 ert.
906 3789 922 3839 i.
931 3790 962 3840 ad
976 3788 1096 3856 quintum.
