3068 5256
693 1327 835 1388 CAPUT
858 1327 911 1388 VI.

591 1555 631 1596 DE
655 1555 790 1596 SECUNDO
811 1553 985 1596 resume.

450 1727 466 1752 ‘⁸
475 1721 502 1772 N
504 1737 536 1774 on
548 1738 658 1773 assumes
667 1738 758 1773 nomen
770 1721 872 1772 Domini
883 1721 931 1775 Dei
942 1720 979 1770 tui
994 1720 1021 1770 iu
1031 1720 1146 1772 vanum.''

600 1879 653 1956 §L
680 1879 729 1938 Ds
744 1880 952 1938 Bneseuenm.

289 2047 338 2103 37.
360 2043 494 2102 Secundo
507 2051 659 2119 praeeepto‚
673 2061 710 2101 ne
724 2041 781 2100 Dei
790 2059 896 2101 nomen
909 2037 1030 2100 temerel
1043 2050 1203 2117 usurpetur,
1218 2051 1339 2101 vetatur.

251 2141 463 2200 Gravissimum
477 2141 563 2217 igitur
576 2150 725 2217 peecatum
747 2140 937 2219 blasphemiae
954 2149 1007 2208 est,
1025 2138 1104 2213 quod
1117 2142 1182 2213 quis
1195 2141 1342 2215 loquendo

249 2238 332 2299 ledat
340 2240 465 2299 divinam
478 2241 662 2317 majestatem,
673 2258 724 2298 seu
733 2239 797 2298 Deo
808 2241 864 2316 ipsi
874 2240 1075 2300 contumeliam
1085 2240 1172 2298 veluti
1181 2239 1341 2307 inserendo,

250 2357 301 2396 seu
315 2339 418 2396 sanetis
444 2337 625 2407 detrahendo,
647 2357 697 2396 sen
719 2340 803 2396 rebus
823 2339 909 2414 saeris
930 2347 958 2394 et
977 2337 1090 2397 divinis
1132 2337 1262 2396 Haeresis
1275 2357 1343 2398 eum

250 2436 427 2513 blasphemia
439 2454 515 2512 saepe
536 2437 725 2513 conjungitur,
739 2436 852 2510 quando
875 2437 982 2494 scilieet
1001 2437 1069 2496 vitia
1088 2435 1152 2494 Deo
1172 2437 1342 2504 tribuuntur,

250 2535 410 2604 erudelitas,
441 2535 579 2611 tyrannis,
600 2524 756 2612 injustitia}
782 2535 828 2593 vel
847 2535 1023 2612 denegantur
1054 2536 1115 2613 ejus
1141 2536 1342 2611 perfectiones,

252 2635 381 2694 omniurn
395 2635 521 2704 seientia,
536 2635 750 2711 omnipotentia,
763 2634 890 2692 bonitas:
905 2635 951 2691 vel
961 2644 1094 2692 creaturae
1108 2635 1268 2692 tribuuntur
1281 2653 1343 2706 quae

252 2734 309 2794 Dei
322 2744 396 2793 sunt
438 2733 645 2812 imprecatione
658 2735 818 2792 consuetur
827 2732 1003 2809 blasphemia
1023 2732 1135 2806 quando
1156 2734 1220 2805 quis
1236 2733 1343 2791 malum

251 2834 317 2893 Deo
330 2844 417 2911 optat,
431 2844 463 2892 ut
481 2833 589 2892 scilieet
607 2851 670 2890 esse
691 2833 841 2900 desineret,
861 2841 892 2890 ut
911 2832 1018 2890 seelera
1035 2832 1135 2890 ulcisci
1155 2851 1213 2889 nou
1235 2840 1343 2909 posset

252 2932 450 2990 duramentum
463 2929 527 2987 Deo
540 2931 776 2988 contumeliosum
798 2931 983 3006 blasphemiae
1002 2931 1096 2989 labem
1117 2929 1242 2990 inducit:
1263 2933 1305 2988 uti
1318 2931 1347 2986 si

251 3030 315 3102 quis
335 3047 386 3104 per
406 3027 573 3104 sanguinem
593 3036 621 3084 et
639 3027 755 3086 vuhrera
768 3026 879 3086 Christi
891 3029 967 3089 haud
984 3039 1144 3088 reverenter
1153 3031 1244 3108 juret.
1286 3031 1345 3088 De·

252 3127 372 3185 honeste
383 3134 427 3184 est
438 3125 623 3201 blasphemia,
635 3127 749 3200 quaudo
761 3129 890 3187 membra
903 3127 1013 3186 Christi
1026 3137 1132 3188 temere
1141 3129 1342 3188 nominantur:

253 3225 344 3300 qualis
357 3234 401 3282 est
413 3224 461 3285 illa
474 3224 674 3283 nonnullorum
687 3245 761 3284 vox:
783 3226 809 3285 Ο
828 3228 996 3303 sanguinem
1009 3227 1083 3286 Dei!

293 3328 342 3382 38.
364 3323 549 3401 Blasphemia
561 3326 655 3383 omnis
668 3344 719 3401 per
732 3345 762 3382 se
779 3345 862 3402 grave
876 3335 1023 3403 peecatum
1036 3335 1089 3395 est,
1107 3333 1204 3402 utpote
1218 3326 1345 3385 seeundo

253 3433 395 3502 praeoepto
414 3423 497 3500 plane
520 3441 690 3502 repugnans,
740 3425 844 3483 Mortis
865 3444 950 3501 poena
969 3425 1033 3502 lege
1052 3425 1140 3482 veteri
1159 3423 1226 3483 huie
1246 3426 1346 3512 seeleri

254 3523 400 3602 adsignata
412 3532 473 3583 est:
496 3523 583 3591 “Qui
595 3523 831 3600 blasphemaverit
843 3543 949 3582 nomen
958 3523 1079 3582 Domini
1087 3533 1179 3583 morte
1192 3525 1346 3591 moriatur;

252 3621 393 3700 lapidibus
407 3624 549 3699 opprimet
560 3638 627 3681 enm
640 3626 734 3682 omnis
747 3615 947 3685 multitud0.”²
972 3622 1085 3681 “Nihil
1097 3623 1261 3681 horribilius
1274 3624 1347 3681 blas·

254 3719 401 3795 phemia‚”
416 3720 509 3791 inquit
521 3720 730 3797 Hieronymus,
752 3731 771 3757 “
783 3741 845 3794 quae
859 3723 939 3797 ponit
958 3723 988 3780 in
1007 3720 1153 3780 excelsum
1167 3741 1199 3780 os
1213 3718 1347 3781 suum.”³

255 3818 402 3892 Equidem
414 3816 513 3875 fideles
527 3819 576 3875 vix
589 3812 739 3894 proferunt
747 3819 855 3891 aliquid
868 3838 902 3879 eo
913 3821 1033 3879 oonsilio
1046 3830 1078 3879 ut
1091 3820 1187 3879 Deum
1201 3829 1346 3882 coutume-

254 3919 293 3977 lia
305 3917 446 3987 afficiant3
467 3915 519 3975 sed
536 3916 578 3975 rei
600 3925 675 3986 sunt,
688 3918 800 3992 quoties
822 3918 963 3978 dictorum
982 3921 1041 3980 vim
1064 3927 1176 3988 norunt.
1196 3921 1243 3978 vel
1262 3938 1347 3980 nosse

293 4122 335 4187 (1)
356 4105 464 4230 mvl!
493 4123 532 4175 De
543 4124 568 4175 vi
579 4124 646 4176 vocis
656 4123 704 4176 hoe
714 4124 768 4174 loco
779 4124 978 4185 controvertitur;
996 4125 1109 4187 vulgatus
1120 4124 1239 4190 interpres
1249 4140 1350 4176 sensum

257 4253 356 4305 obvium
367 4265 467 4308 secutus
483 4265 527 4309 eet
561 4258 676 4324 Plerique
695 4267 796 4312 censent
812 4260 945 4326 perjurium
962 4259 1096 4326 presertim
1112 4258 1154 4309 hie
1170 4258 1252 4309 veteri.
1286 4259 1350 4312 Vide

259 4339 365 4390 Gritieoe
376 4341 464 4391 Sortes
476 4342 504 4392 in
516 4340 558 4394 loe.

295 4425 338 4492 (²)
358 4423 419 4476 Μ’·
431 4426 498 4476 ¹¹³*
512 4425 550 4475 ¹⁶·
872 4432 914 4497 (a)
934 4429 963 4481 n.
975 4431 1016 4481 vn.
1028 4428 1160 4490 intutam,
1172 4444 1194 4480 ο.
1205 4427 1272 4479 eun
