3068 5256
259 475 315 538 150
542 477 598 536 DE
620 475 791 536 ooTnvo
813 475 1065 538 PRAEOEPTO.

259 643 351 702 verbis
362 643 566 709 manifestetur,
580 657 638 699 non
652 641 704 700 erit
717 659 877 700 consensus
890 641 925 698 ad
944 642 1146 718 paciscendum
1163 645 1361 710 necessarius,

259 750 353 801 mente
366 743 459 800 verbis
472 741 548 800 haud
560 740 758 816 respondente.
800 741 943 799 Frondem
953 742 1052 814 utique
1065 742 1170 801 faceret
1183 743 1234 816 qui
1248 760 1361 816 equum

260 841 339 898 alteri
352 841 535 918 promitteret,
548 840 673 916 ligneam
686 840 753 912 equi
773 839 897 916 effigiem
916 857 951 898 ea
972 859 1041 898 voce
1062 843 1234 920 intelligens.
1277 841 1361 918 11111-

260 941 332 998 riam
346 941 461 998 inferret
473 948 502 996 et
514 939 695 1005 calumniam,
710 939 760 1010 qui
773 939 899 1012 aliquem
908 938 1031 998 furatum
1044 959 1108 1000 esse
1121 937 1360 1018 magnam‘pecu·

261 1041 316 1098 111
330 1041 442 1116 copiam
455 1047 604 1106 enarraret,
626 1038 726 1096 animo
745 1038 906 1116 intelligens
928 1057 994 1097 eum
1014 1041 1088 1099 mira
1106 1051 1164 1098 arte
1178 1049 1207 1098 et
1219 1039 1362 1098 industria

262 1155 325 1197 eam
340 1140 394 1197 sibi
407 1156 597 1214 comparasse.
1196 1195 1198 1200 ,

306 1241 373 1296 194.
394 1238 429 1295 ln
441 1235 593 1295 foederibus
606 1243 636 1293 et
648 1236 737 1311 pactis
750 1236 872 1310 publicis
884 1236 1035 1296 verbomm
1057 1239 1141 1297 obvio
1164 1240 1262 1295 sensui
1283 1246 1360 1294 stan·

264 1336 343 1404 dum,
358 1355 410 1394 nec
423 1336 481 1394 ulla
493 1355 597 1394 vocum
620 1334 788 1410 ambiguitas
801 1344 845 1392 est
858 1335 1047 1394 admittenda:
1068 1336 1139 1394 fides
1152 1337 1230 1394 enirn
1244 1336 1362 1412 publica

264 1435 341 1494 nulla
354 1435 416 1502 erit,
430 1435 456 1492 si
468 1436 561 1493 verbis
572 1433 699 1492 occultus
710 1433 870 1491 adnectatur
883 1452 995 1503 sensus,
1006 1436 1117 1508 quovis
1128 1453 1227 1493 eorum
1235 1435 1359 1492 milatus.

265 1533 370 1593 Mariti
385 1535 561 1610 Augustinus
575 1534 629 1590 ait:
653 1531 768 1590 “Fides
783 1532 896 1603 quando
916 1535 1098 1611 promittitur,
1112 1536 1197 1593 etiam
1210 1533 1286 1591 hosti
1300 1551 1360 1590 ser·

266 1632 358 1690 venda
379 1641 430 1699 est,
454 1641 551 1690 contra
573 1647 659 1704 quem
678 1630 784 1688 bellum
804 1627 959 1708 geritur.”¹
999 1634 1130 1692 Pessime
1151 1633 1361 1690 calumniantur

266 1731 392 1789 hoeretici
401 1730 554 1789 catholicos
568 1729 655 1788 veluti
669 1728 898 1788 docentesfidem
911 1732 1165 1792 nullamhaereticis
1180 1731 1360 1789 servandam.

267 1831 353 1898 Quod
366 1831 391 1888 si
404 1830 468 1903 quis
481 1828 632 1907 grassatori
652 1830 819 1905 promittens
837 1827 1040 1908 redemptionis
1061 1850 1120 1890 suae
1140 1831 1274 1908 pretium,
1288 1847 1361 1887 voce

268 1931 398 2007 ambigua
411 1937 513 1997 utatur,
527 1936 665 1988 excusant
677 1947 743 1986 eum
758 1928 855 2005 plures
868 1928 1002 2008 injuriam
1025 1949 1087 2003 quae
1109 1932 1137 1988 ei
1156 1930 1274 1988 insertur
1294 1927 1363 1986 dolo

267 2030 460 2105 repellentem.
488 2028 537 2086 Sic
551 2029 576 2084 si
589 2027 755 2103 polliceatur
768 2046 799 2088 se
811 2028 855 2084 bis
868 2029 947 2087 mille
963 2048 1096 2088 nummos
1110 2029 1249 2096 datorum,
1264 2029 1362 2085 animo

269 2136 363 2185 autem
372 2125 542 2202 intelligeret
553 2125 741 2202 chirographa
750 2125 817 2184 dare
831 2145 937 2186 mensae
951 2130 1142 2196 nummularii,
1151 2129 1283 2206 quaejam
1295 2127 1362 2183 sub

267 2227 324 2284 lata
336 2233 388 2292 est,
403 2223 583 2282 excusandus
596 2223 746 2282 videretur.

312 2328 378 2381 195.
399 2323 521 2382 Videtur
533 2323 661 2399 pluribus
680 2323 767 2382 licere
787 2326 937 2384 verborum
960 2327 1141 2403 ambiguitate
1163 2327 1203 2386 uti
1221 2324 1255 2382 ad
1269 2326 1362 2401 impe·

269 2422 404 2480 diendum
416 2421 613 2489 homicidium,
629 2431 768 2499 stuprum,
783 2423 828 2480 vel
846 2424 921 2484 aliud
941 2443 1025 2501 grave
1038 2425 1158 2494 facinus,
1172 2425 1318 2484 innocenti
1331 2433 1363 2480 ut

270 2521 408 2580 consulat.
451 2522 500 2579 Sic
514 2521 652 2594 quoerenti
665 2522 790 2594 aliquem
812 2532 844 2579 ut
860 2540 923 2582 eum
939 2525 1049 2583 occidat
1061 2526 1085 2583 si
1106 2527 1170 2598 quis
1192 2522 1363 2600 respondeat

270 2639 335 2679 eum
349 2622 422 2680 sores
436 2621 570 2687 exivisse,
585 2620 745 2698 intelligens
765 2623 795 2678 in
815 2623 917 2682 atrium
927 2625 1063 2692 vicinum,
1078 2625 1150 2682 fallit
1162 2625 1248 2682 alium
1263 2631 1362 2699 putan-

271 2731 327 2779 tem
341 2739 407 2780 eum
420 2721 505 2780 domo
519 2739 571 2798 per
590 2721 732 2779 civitatem
754 2739 910 2798 egressum.
953 2723 1060 2782 Mulier
1079 2725 1139 2782 vim
1153 2725 1207 2780 sibi
1220 2723 1362 2780 illaturum

271 2821 342 2879 fallit
354 2821 476 2880 dicendo
497 2820 621 2892 aliquem
640 2822 670 2878 in
690 2821 783 2878 vicino
804 2821 933 2879 cubiculo
953 2822 1063 2890 adesse,
1088 2822 1245 2898 intelligens
1266 2821 1363 2878 Deum

271 2920 321 2990 qui
334 2919 440 2990 ubique
454 2927 506 2974 est.
549 2917 650 2975 Puella
669 2919 759 2976 latens
779 2937 815 2976 ue
833 2928 983 2996 stupratur,
1003 2921 1105 2980 dicitur
1125 2923 1237 2988 abiisse,
1261 2919 1362 2978 intelli-

271 3015 364 3092 gendo
377 3015 514 3072 inlocum
527 3015 575 3072 ubi
589 3015 780 3074 absconditur.
823 3018 897 3076 Haec
914 3037 995 3092 aequa
1014 3019 1153 3088 videntur,
1172 3039 1235 3092 quae
1256 3019 1363 3076 idcirco

271 3114 403 3170 damnare
416 3131 474 3170 non
488 3111 633 3171 audemus.

314 3214 381 3270 196.
404 3212 477 3269 Sunt
487 3211 617 3283 quadam
624 3212 758 3284 loquendi
765 3216 887 3274 rationes
901 3234 964 3289 quoe
978 3235 1015 3275 ex
1028 3217 1232 3276 consuetudine
1246 3235 1362 3274 sensum

273 3311 377 3369 habent
390 3311 554 3388 specialem.
598 3312 677 3370 “Sic
700 3331 753 3371 usu
774 3315 918 3372 communi
937 3335 1014 3375 nunc
1028 3327 1172 3394 receptum
1191 3326 1244 3383 est,
1257 3325 1290 3373 ut
1301 3315 1362 3371 haee

271 3413 357 3469 verba
377 3409 518 3470 dominus
537 3427 599 3470 non
622 3411 706 3470 adest
726 3411 818 3482 domi,
839 3413 895 3472 hoc
916 3415 1008 3473 solum
1028 3415 1199 3492 significent,
1220 3434 1286 3473 eum
1300 3421 1362 3471 actu

272 3511 362 3570 videri
375 3531 433 3570 non
453 3509 571 3587 posse.'’
613 3511 657 3570 Ita
677 3521 742 3588 post
761 3512 905 3572 Collemm
926 3511 1085 3574 Carriere.2
1112 3505 1174 3573 ¹Sic
1187 3525 1216 3572 et
1228 3513 1362 3589 quaerenti

271 3622 398 3668 mutuam
412 3611 564 3686 pecuniam
576 3612 754 3687 respondens
768 3631 798 3670 se
812 3631 875 3670 earn
888 3633 946 3672 non
965 3615 1078 3682 habere,
1094 3615 1257 3691 intelligitur
1279 3631 1362 3685 quam

273 3706 424 3765 commode
438 3717 565 3782 prestes.
607 3708 653 3766 Ad
666 3710 770 3767 famam
792 3711 925 3770 tuendam
945 3713 1039 3786 aliqua
1058 3733 1089 3770 se
1102 3713 1216 3772 viduam
1230 3712 1308 3779 dicit,
1323 3712 1362 3767 in·

272 3807 403 3884 telligens
416 3804 470 3863 riri
483 3806 626 3864 consortio
640 3808 787 3882 privatam,
802 3827 865 3880 quae
883 3819 977 3870 tamen
996 3813 1023 3870 ei
1043 3831 1200 3885 numquam
1219 3819 1361 3888 nupserat.

274 3907 349 3966 Eam
364 3906 485 3984 prodere
500 3923 530 3962 se
544 3904 687 3963 nolentem
701 3925 759 3964 non
773 3907 909 3967 audemus
923 3910 1066 3969 damnare.

506 4112 548 4176 (l)
568 4109 616 4176 Ep.
628 4127 679 4162 ccv.
691 4127 759 4162 nunc
770 4113 876 4162 clxxxix.

507 4194 548 4259 (2)
569 4195 607 4243 De
615 4197 711 4261 justitia
722 4205 746 4247 et
753 4199 817 4264 jure,
829 4199 875 4248 rol.
888 4199 913 4250 ii.
926 4216 950 4249 n·
963 4201 1020 4248 960.
