<?xml version="1.0" encoding="UTF-8"?>
<!DOCTYPE html PUBLIC "-//W3C//DTD XHTML 1.0 Transitional//EN"
    "http://www.w3.org/TR/xhtml1/DTD/xhtml1-transitional.dtd">
<html xmlns="http://www.w3.org/1999/xhtml" xml:lang="en" lang="en">
 <head>
  <title>
</title>
<meta http-equiv="Content-Type" content="text/html;charset=utf-8" />
  <meta name='ocr-system' content='tesseract 3.04.00' />
  <meta name='ocr-capabilities' content='ocr_page ocr_carea ocr_par ocr_line ocrx_word'/>
</head>
<body>
  <div class='ocr_page' id='page_1' title='image "./theologiaemoral03kenrgoog_0033.png"; bbox 0 0 3146 5266; ppageno 0'>
   <div class='ocr_carea' id='block_1_1' title="bbox 254 514 1098 578">
    <p class='ocr_par' dir='ltr' id='par_1_1' title="bbox 254 514 1098 578">
     <span class='ocr_line' id='line_1_1' title="bbox 254 514 1098 578; baseline -0.002 -2"><span class='ocrx_word' id='word_1_1' title='bbox 254 525 290 578; x_wconf 83' lang='grc'>14</span> <span class='ocrx_word' id='word_1_2' title='bbox 524 516 580 574; x_wconf 87' lang='lat' dir='ltr'>DE</span> <span class='ocrx_word' id='word_1_3' title='bbox 600 514 783 574; x_wconf 82' lang='lat' dir='ltr'>ACTIBUS</span> <span class='ocrx_word' id='word_1_4' title='bbox 802 514 1098 578; x_wconf 83' lang='lat' dir='ltr'>VOLUNTARIIS.</span> 
     </span>
    </p>
   </div>
   <div class='ocr_carea' id='block_1_2' title="bbox 251 679 1345 2036">
    <p class='ocr_par' dir='ltr' id='par_1_2' title="bbox 251 679 1345 2036">
     <span class='ocr_line' id='line_1_2' title="bbox 252 679 1343 758; baseline -0.002 -19"><span class='ocrx_word' id='word_1_5' title='bbox 252 703 268 739; x_wconf 89' lang='lat' dir='ltr'>a</span> <span class='ocrx_word' id='word_1_6' title='bbox 281 679 424 740; x_wconf 85' lang='lat' dir='ltr'>voluntate</span> <span class='ocrx_word' id='word_1_7' title='bbox 436 679 607 756; x_wconf 86' lang='lat' dir='ltr'>procedunt:</span> <span class='ocrx_word' id='word_1_8' title='bbox 631 699 666 737; x_wconf 87' lang='lat' dir='ltr'>v:</span> <span class='ocrx_word' id='word_1_9' title='bbox 690 699 725 758; x_wconf 83' lang='lat' dir='ltr'>g:</span> <span class='ocrx_word' id='word_1_10' title='bbox 747 689 840 739; x_wconf 86' lang='lat' dir='ltr'>motus</span> <span class='ocrx_word' id='word_1_11' title='bbox 851 682 931 757; x_wconf 87' lang='lat' dir='ltr'>pravi</span> <span class='ocrx_word' id='word_1_12' title='bbox 944 682 993 754; x_wconf 89' lang='lat' dir='ltr'>qui</span> <span class='ocrx_word' id='word_1_13' title='bbox 1006 682 1061 757; x_wconf 89' lang='lat' dir='ltr'>piis</span> <span class='ocrx_word' id='word_1_14' title='bbox 1074 679 1235 738; x_wconf 86' lang='lat' dir='ltr'>hominibus</span> <span class='ocrx_word' id='word_1_15' title='bbox 1249 680 1343 737; x_wconf 87' lang='lat' dir='ltr'>invitis</span> 
     </span>
     <span class='ocr_line' id='line_1_3' title="bbox 252 779 1342 857; baseline -0.004 -19"><span class='ocrx_word' id='word_1_16' title='bbox 252 790 280 838; x_wconf 89' lang='lat' dir='ltr'>et</span> <span class='ocrx_word' id='word_1_17' title='bbox 292 780 492 837; x_wconf 83' lang='lat' dir='ltr'><strong>reluctantibus</strong></span> <span class='ocrx_word' id='word_1_18' title='bbox 506 779 670 857; x_wconf 81' lang='lat' dir='ltr'>insurgunt:</span> <span class='ocrx_word' id='word_1_19' title='bbox 693 789 821 856; x_wconf 84' lang='lat' dir='ltr'>stuprum</span> <span class='ocrx_word' id='word_1_20' title='bbox 835 779 911 853; x_wconf 91' lang='lat' dir='ltr'>quod</span> <span class='ocrx_word' id='word_1_21' title='bbox 924 781 1028 855; x_wconf 86' lang='lat' dir='ltr'>patitur</span> <span class='ocrx_word' id='word_1_22' title='bbox 1039 781 1129 854; x_wconf 85' lang='lat' dir='ltr'>virgo,</span> <span class='ocrx_word' id='word_1_23' title='bbox 1144 779 1248 845; x_wconf 85' lang='lat' dir='ltr'>animo,</span> <span class='ocrx_word' id='word_1_24' title='bbox 1263 796 1342 844; x_wconf 85' lang='lat' dir='ltr'>voce,</span> 
     </span>
     <span class='ocr_line' id='line_1_4' title="bbox 252 876 1345 955; baseline -0.004 -19"><span class='ocrx_word' id='word_1_25' title='bbox 252 878 445 950; x_wconf 84' lang='lat' dir='ltr'>membrisque</span> <span class='ocrx_word' id='word_1_26' title='bbox 472 885 586 954; x_wconf 82' lang='lat' dir='ltr'>prbrsus</span> <span class='ocrx_word' id='word_1_27' title='bbox 612 897 783 955; x_wconf 78' lang='lat' dir='ltr'>repugnans,</span> <span class='ocrx_word' id='word_1_28' title='bbox 825 878 1015 936; x_wconf 88' lang='lat' dir='ltr'>Involuntaria</span> <span class='ocrx_word' id='word_1_29' title='bbox 1040 876 1204 935; x_wconf 82' lang='lat' dir='ltr'>secundum</span> <span class='ocrx_word' id='word_1_30' title='bbox 1229 876 1304 952; x_wconf 78' lang='lat' dir='ltr'>quid</span> <span class='ocrx_word' id='word_1_31' title='bbox 1328 895 1345 932; x_wconf 89' lang='lat' dir='ltr'>a</span> 
     </span>
     <span class='ocr_line' id='line_1_5' title="bbox 254 973 1344 1052; baseline -0.005 -18"><span class='ocrx_word' id='word_1_32' title='bbox 254 977 367 1034; x_wconf 80' lang='lat' dir='ltr'>Schclae</span> <span class='ocrx_word' id='word_1_33' title='bbox 388 975 548 1034; x_wconf 85' lang='lat' dir='ltr'>doctoribus</span> <span class='ocrx_word' id='word_1_34' title='bbox 571 976 700 1034; x_wconf 88' lang='lat' dir='ltr'>dicuntur</span> <span class='ocrx_word' id='word_1_35' title='bbox 721 995 755 1034; x_wconf 85' lang='lat' dir='ltr'>ea</span> <span class='ocrx_word' id='word_1_36' title='bbox 775 995 837 1048; x_wconf 82' lang='lat' dir='ltr'>quae</span> <span class='ocrx_word' id='word_1_37' title='bbox 851 976 979 1033; x_wconf 85' lang='lat' dir='ltr'>voluntas</span> <span class='ocrx_word' id='word_1_38' title='bbox 1003 995 1075 1052; x_wconf 77' lang='lat' dir='ltr'>segre</span> <span class='ocrx_word' id='word_1_39' title='bbox 1100 975 1285 1051; x_wconf 78' lang='lat' dir='ltr'>amplectitur,</span> <span class='ocrx_word' id='word_1_40' title='bbox 1310 973 1344 1030; x_wconf 89' lang='lat' dir='ltr'>ad</span> 
     </span>
     <span class='ocr_line' id='line_1_6' title="bbox 253 1072 1344 1148; baseline -0.005 -14"><span class='ocrx_word' id='word_1_41' title='bbox 253 1076 360 1134; x_wconf 88' lang='lat' dir='ltr'>malum</span> <span class='ocrx_word' id='word_1_42' title='bbox 374 1075 489 1148; x_wconf 87' lang='lat' dir='ltr'>aliquod</span> <span class='ocrx_word' id='word_1_43' title='bbox 503 1074 711 1142; x_wconf 87' lang='lat' dir='ltr'>declinandum,</span> <span class='ocrx_word' id='word_1_44' title='bbox 724 1075 791 1132; x_wconf 90' lang='lat' dir='ltr'>licet</span> <span class='ocrx_word' id='word_1_45' title='bbox 803 1075 929 1146; x_wconf 89' lang='lat' dir='ltr'>alioquin</span> <span class='ocrx_word' id='word_1_46' title='bbox 942 1092 975 1130; x_wconf 86' lang='lat' dir='ltr'>ea</span> <span class='ocrx_word' id='word_1_47' title='bbox 995 1083 1145 1131; x_wconf 88' lang='lat' dir='ltr'>aversetur.</span> <span class='ocrx_word' id='word_1_48' title='bbox 1189 1073 1238 1129; x_wconf 82' lang='lat' dir='ltr'>Sic</span> <span class='ocrx_word' id='word_1_49' title='bbox 1260 1072 1344 1148; x_wconf 88' lang='lat' dir='ltr'>proji-</span> 
     </span>
     <span class='ocr_line' id='line_1_7' title="bbox 253 1171 1344 1248; baseline -0.005 -16"><span class='ocrx_word' id='word_1_50' title='bbox 253 1176 365 1237; x_wconf 87' lang='lat' dir='ltr'>ciuntur</span> <span class='ocrx_word' id='word_1_51' title='bbox 387 1192 496 1232; x_wconf 88' lang='lat' dir='ltr'>merces</span> <span class='ocrx_word' id='word_1_52' title='bbox 520 1193 536 1229; x_wconf 84' lang='lat' dir='ltr'><strong>a</strong></span> <span class='ocrx_word' id='word_1_53' title='bbox 558 1183 642 1230; x_wconf 85' lang='lat' dir='ltr'>nauta</span> <span class='ocrx_word' id='word_1_54' title='bbox 662 1183 693 1230; x_wconf 88' lang='lat' dir='ltr'>ut</span> <span class='ocrx_word' id='word_1_55' title='bbox 708 1173 885 1248; x_wconf 77' lang='lat' dir='ltr'>naufragium</span> <span class='ocrx_word' id='word_1_56' title='bbox 906 1171 1021 1229; x_wconf 85' lang='lat' dir='ltr'>evadat:</span> <span class='ocrx_word' id='word_1_57' title='bbox 1044 1172 1158 1228; x_wconf 77' lang='lat' dir='ltr'>traditur</span> <span class='ocrx_word' id='word_1_58' title='bbox 1170 1171 1344 1246; x_wconf 88' lang='lat' dir='ltr'>marsupium</span> 
     </span>
     <span class='ocr_line' id='line_1_8' title="bbox 254 1268 1345 1346; baseline -0.005 -16"><span class='ocrx_word' id='word_1_59' title='bbox 254 1293 270 1330; x_wconf 86' lang='lat' dir='ltr'>a</span> <span class='ocrx_word' id='word_1_60' title='bbox 284 1274 390 1329; x_wconf 90' lang='lat' dir='ltr'>viatore</span> <span class='ocrx_word' id='word_1_61' title='bbox 402 1273 519 1329; x_wconf 82' lang='lat' dir='ltr'>latroni:</span> <span class='ocrx_word' id='word_1_62' title='bbox 543 1270 617 1328; x_wconf 88' lang='lat' dir='ltr'>cedit</span> <span class='ocrx_word' id='word_1_63' title='bbox 636 1273 695 1330; x_wconf 90' lang='lat' dir='ltr'>vim</span> <span class='ocrx_word' id='word_1_64' title='bbox 715 1271 846 1328; x_wconf 86' lang='lat' dir='ltr'>inserenti</span> <span class='ocrx_word' id='word_1_65' title='bbox 866 1270 969 1346; x_wconf 90' lang='lat' dir='ltr'>puella,</span> <span class='ocrx_word' id='word_1_66' title='bbox 983 1289 1019 1328; x_wconf 92' lang='lat' dir='ltr'>ne</span> <span class='ocrx_word' id='word_1_67' title='bbox 1031 1269 1187 1327; x_wconf 87' lang='lat' dir='ltr'>resistendo</span> <span class='ocrx_word' id='word_1_68' title='bbox 1201 1268 1345 1326; x_wconf 86' lang='lat' dir='ltr'>infamiam</span> 
     </span>
     <span class='ocr_line' id='line_1_9' title="bbox 253 1367 1345 1445; baseline -0.005 -18"><span class='ocrx_word' id='word_1_69' title='bbox 253 1372 386 1427; x_wconf 87' lang='lat' dir='ltr'>incurrat.</span> <span class='ocrx_word' id='word_1_70' title='bbox 430 1368 501 1436; x_wconf 81' lang='lat' dir='ltr'>Quae</span> <span class='ocrx_word' id='word_1_71' title='bbox 523 1378 589 1426; x_wconf 90' lang='lat' dir='ltr'>sunt</span> <span class='ocrx_word' id='word_1_72' title='bbox 601 1370 725 1428; x_wconf 87' lang='lat' dir='ltr'>absolute</span> <span class='ocrx_word' id='word_1_73' title='bbox 747 1369 933 1427; x_wconf 85' lang='lat' dir='ltr'>involuntaria</span> <span class='ocrx_word' id='word_1_74' title='bbox 953 1370 1036 1445; x_wconf 91' lang='lat' dir='ltr'>culpa</span> <span class='ocrx_word' id='word_1_75' title='bbox 1049 1369 1127 1426; x_wconf 92' lang='lat' dir='ltr'>omni</span> <span class='ocrx_word' id='word_1_76' title='bbox 1149 1374 1254 1424; x_wconf 85' lang='lat' dir='ltr'>carent.</span> <span class='ocrx_word' id='word_1_77' title='bbox 1297 1367 1345 1422; x_wconf 82' lang='lat' dir='ltr'>Sic</span> 
     </span>
     <span class='ocr_line' id='line_1_10' title="bbox 254 1464 1342 1544; baseline -0.006 -17"><span class='ocrx_word' id='word_1_78' title='bbox 254 1468 409 1544; x_wconf 83' lang='lat' dir='ltr'>Apostolus</span> <span class='ocrx_word' id='word_1_79' title='bbox 423 1468 459 1524; x_wconf 89' lang='lat' dir='ltr'>de</span> <span class='ocrx_word' id='word_1_80' title='bbox 472 1468 595 1525; x_wconf 87' lang='lat' dir='ltr'>motibus</span> <span class='ocrx_word' id='word_1_81' title='bbox 608 1469 773 1525; x_wconf 88' lang='lat' dir='ltr'>rebellibus:</span> <span class='ocrx_word' id='word_1_82' title='bbox 798 1468 861 1523; x_wconf 86' lang='lat' dir='ltr'>“Si</span> <span class='ocrx_word' id='word_1_83' title='bbox 883 1474 975 1524; x_wconf 87' lang='lat' dir='ltr'>autem</span> <span class='ocrx_word' id='word_1_84' title='bbox 990 1465 1066 1538; x_wconf 84' lang='lat' dir='ltr'>quod</span> <span class='ocrx_word' id='word_1_85' title='bbox 1079 1466 1155 1532; x_wconf 85' lang='lat' dir='ltr'>nolo,</span> <span class='ocrx_word' id='word_1_86' title='bbox 1170 1464 1239 1522; x_wconf 90' lang='lat' dir='ltr'>illud</span> <span class='ocrx_word' id='word_1_87' title='bbox 1252 1464 1342 1522; x_wconf 85' lang='lat' dir='ltr'>facio:</span> 
     </span>
     <span class='ocr_line' id='line_1_11' title="bbox 251 1559 1344 1643; baseline -0.005 -19"><span class='ocrx_word' id='word_1_88' title='bbox 251 1569 313 1643; x_wconf 78' lang='lat' dir='ltr'>jam</span> <span class='ocrx_word' id='word_1_89' title='bbox 327 1584 384 1623; x_wconf 92' lang='lat' dir='ltr'>non</span> <span class='ocrx_word' id='word_1_90' title='bbox 394 1585 449 1642; x_wconf 84' lang='lat' dir='ltr'>ego</span> <span class='ocrx_word' id='word_1_91' title='bbox 462 1583 564 1640; x_wconf 85' lang='lat' dir='ltr'>operor</span> <span class='ocrx_word' id='word_1_92' title='bbox 578 1565 656 1632; x_wconf 90' lang='lat' dir='ltr'>illud,</span> <span class='ocrx_word' id='word_1_93' title='bbox 672 1565 722 1622; x_wconf 91' lang='lat' dir='ltr'>sed</span> <span class='ocrx_word' id='word_1_94' title='bbox 736 1565 812 1636; x_wconf 87' lang='lat' dir='ltr'>quod</span> <span class='ocrx_word' id='word_1_95' title='bbox 825 1564 931 1621; x_wconf 85' lang='lat' dir='ltr'>habitat</span> <span class='ocrx_word' id='word_1_96' title='bbox 943 1565 973 1621; x_wconf 93' lang='lat' dir='ltr'>in</span> <span class='ocrx_word' id='word_1_97' title='bbox 985 1583 1042 1632; x_wconf 90' lang='lat' dir='ltr'>me,</span> <span class='ocrx_word' id='word_1_98' title='bbox 1057 1559 1252 1640; x_wconf 84' lang='lat' dir='ltr'>peccatum.’&#39;1</span> <span class='ocrx_word' id='word_1_99' title='bbox 1274 1563 1344 1628; x_wconf 81' lang='lat' dir='ltr'>Quae</span> 
     </span>
     <span class='ocr_line' id='line_1_12' title="bbox 256 1661 1345 1735; baseline -0.006 -13"><span class='ocrx_word' id='word_1_100' title='bbox 256 1674 348 1722; x_wconf 86' lang='lat' dir='ltr'>autem</span> <span class='ocrx_word' id='word_1_101' title='bbox 358 1674 424 1720; x_wconf 87' lang='lat' dir='ltr'>sunt</span> <span class='ocrx_word' id='word_1_102' title='bbox 437 1662 646 1735; x_wconf 88' lang='lat' dir='ltr'>quodammodo</span> <span class='ocrx_word' id='word_1_103' title='bbox 657 1663 821 1730; x_wconf 85' lang='lat' dir='ltr'>voluntaria,</span> <span class='ocrx_word' id='word_1_104' title='bbox 830 1663 897 1722; x_wconf 87' lang='lat' dir='ltr'>licet</span> <span class='ocrx_word' id='word_1_105' title='bbox 906 1662 1061 1720; x_wconf 89' lang='lat' dir='ltr'>secundum</span> <span class='ocrx_word' id='word_1_106' title='bbox 1073 1662 1141 1734; x_wconf 90' lang='lat' dir='ltr'>quid</span> <span class='ocrx_word' id='word_1_107' title='bbox 1152 1661 1345 1726; x_wconf 85' lang='lat' dir='ltr'>involuntaria,</span> 
     </span>
     <span class='ocr_line' id='line_1_13' title="bbox 256 1759 1345 1838; baseline -0.005 -19"><span class='ocrx_word' id='word_1_108' title='bbox 256 1762 340 1837; x_wconf 86' lang='lat' dir='ltr'>culpa</span> <span class='ocrx_word' id='word_1_109' title='bbox 353 1781 411 1820; x_wconf 92' lang='lat' dir='ltr'>non</span> <span class='ocrx_word' id='word_1_110' title='bbox 425 1771 529 1828; x_wconf 87' lang='lat' dir='ltr'>carent,</span> <span class='ocrx_word' id='word_1_111' title='bbox 544 1762 654 1833; x_wconf 88' lang='lat' dir='ltr'>quoties</span> <span class='ocrx_word' id='word_1_112' title='bbox 675 1763 732 1838; x_wconf 86' lang='lat' dir='ltr'>legi</span> <span class='ocrx_word' id='word_1_113' title='bbox 755 1761 857 1818; x_wconf 81' lang='lat' dir='ltr'>divinae</span> <span class='ocrx_word' id='word_1_114' title='bbox 878 1760 1067 1818; x_wconf 85' lang='lat' dir='ltr'>adversantur.</span> <span class='ocrx_word' id='word_1_115' title='bbox 1110 1761 1159 1817; x_wconf 82' lang='lat' dir='ltr'>Sic</span> <span class='ocrx_word' id='word_1_116' title='bbox 1181 1759 1345 1816; x_wconf 87' lang='lat' dir='ltr'>adulterium</span> 
     </span>
     <span class='ocr_line' id='line_1_14' title="bbox 257 1849 1345 1936; baseline -0.006 -18"><span class='ocrx_word' id='word_1_117' title='bbox 257 1860 334 1934; x_wconf 89' lang='lat' dir='ltr'>quod</span> <span class='ocrx_word' id='word_1_118' title='bbox 345 1859 458 1918; x_wconf 89' lang='lat' dir='ltr'>admisit</span> <span class='ocrx_word' id='word_1_119' title='bbox 467 1861 577 1927; x_wconf 85' lang='lat' dir='ltr'>mulier,</span> <span class='ocrx_word' id='word_1_120' title='bbox 600 1879 699 1919; x_wconf 89' lang='lat' dir='ltr'>verens</span> <span class='ocrx_word' id='word_1_121' title='bbox 720 1879 756 1918; x_wconf 92' lang='lat' dir='ltr'>ne</span> <span class='ocrx_word' id='word_1_122' title='bbox 777 1859 961 1936; x_wconf 84' lang='lat' dir='ltr'>repugnando</span> <span class='ocrx_word' id='word_1_123' title='bbox 981 1879 1108 1918; x_wconf 86' lang='lat' dir='ltr'>rumores</span> <span class='ocrx_word' id='word_1_124' title='bbox 1129 1849 1263 1916; x_wconf 68' lang='lat' dir='ltr'>cxcstaret</span> <span class='ocrx_word' id='word_1_125' title='bbox 1282 1873 1345 1913; x_wconf 92' lang='lat' dir='ltr'>cum</span> 
     </span>
     <span class='ocr_line' id='line_1_15' title="bbox 257 1960 749 2036; baseline -0.006 -18"><span class='ocrx_word' id='word_1_126' title='bbox 257 1960 339 2020; x_wconf 86' lang='lat' dir='ltr'>famae</span> <span class='ocrx_word' id='word_1_127' title='bbox 349 1961 467 2036; x_wconf 87' lang='lat' dir='ltr'>jactura,</span> <span class='ocrx_word' id='word_1_128' title='bbox 482 1978 565 2036; x_wconf 85' lang='lat' dir='ltr'>grave</span> <span class='ocrx_word' id='word_1_129' title='bbox 579 1963 686 2019; x_wconf 87' lang='lat' dir='ltr'>crimen</span> <span class='ocrx_word' id='word_1_130' title='bbox 699 1969 749 2017; x_wconf 89' lang='lat' dir='ltr'>est.</span> 
     </span>
    </p>
   </div>
   <div class='ocr_carea' id='block_1_3' title="bbox 693 2128 916 2194">
    <p class='ocr_par' dir='ltr' id='par_1_3' title="bbox 693 2128 916 2194">
     <span class='ocr_line' id='line_1_16' title="bbox 693 2128 916 2194; baseline 0 -18"><span class='ocrx_word' id='word_1_131' title='bbox 693 2128 735 2194; x_wconf 90' lang='lat' dir='ltr'>(l)</span> <span class='ocrx_word' id='word_1_132' title='bbox 757 2130 827 2182; x_wconf 89' lang='lat' dir='ltr'>Rom.</span> <span class='ocrx_word' id='word_1_133' title='bbox 840 2146 862 2180; x_wconf 89' lang='lat' dir='ltr'>v.</span> <span class='ocrx_word' id='word_1_134' title='bbox 875 2134 916 2180; x_wconf 80' lang='lat'>20.</span> 
     </span>
    </p>
   </div>
   <div class='ocr_carea' id='block_1_4' title="bbox 0 0 1581 5266">
    <p class='ocr_par' dir='ltr' id='par_1_4' title="bbox 0 0 1581 5266">
     <span class='ocr_line' id='line_1_17' title="bbox 0 0 1581 5266; baseline 0 0"><span class='ocrx_word' id='word_1_135' title='bbox 0 0 1581 5266; x_wconf 95' lang='lat' dir='ltr'> </span> 
     </span>
    </p>
   </div>
  </div>
 </body>
</html>
