3046 5262
413 499 469 570 DE
492 508 701 570 Pnoolrts
721 508 1010 572 antirrhinum
1200 519 1258 572 eoa

164 675 241 750 phua
255 673 324 734 dicit
336 674 370 732 in
384 680 403 732 2
417 673 505 732 nter.
548 675 625 732 Etsi
639 675 692 732 iste
707 675 786 733 zelus
800 676 836 733 sit
845 676 921 734 circa
933 676 1008 735 boua
1019 676 1148 745 honesta,
1163 678 1257 738 lauda·

163 773 230 834 bilis
244 783 296 840 est,
310 773 469 831 seeundum
482 772 552 830 illud
567 777 580 829 l
598 771 729 831 Corinth.
751 773 809 830 xiv.
852 774 1063 834 ‘AEuulamiui
1078 775 1257 852 spiritualia!

165 871 200 928 Si
213 880 306 930 autem
320 872 358 928 sit
370 869 405 928 de
418 871 501 929 bouis
516 871 728 947 temporalibus,
743 880 912 948 potestesse
933 893 999 932 cum
1012 883 1141 950 peceato,
1155 885 1184 932 ct
1196 876 1258 932 siue

164 969 315 1046 peccato.”
357 969 401 1027 Ita
422 970 578 1046 Angelicus
597 965 731 1029 Doctor.¹
772 971 837 1028 Nec
859 971 1060 1032 confundenda
1081 981 1125 1030 est
1149 972 1258 1032 invidia

164 1066 230 1126 cum
244 1069 355 1125 tristitia
366 1067 404 1124 de
422 1070 499 1127 bono
518 1068 621 1138 aheno,
643 1067 719 1141 quod
739 1069 769 1126 iu
788 1069 833 1128 sui
853 1070 898 1128 vel
917 1071 1037 1129 aliorum
1057 1069 1258 1130 detrimentum

165 1166 262 1224 cedat:
286 1174 305 1201 ‘⁴
317 1166 443 1225 Evenire
463 1167 631 1243 plerumque
653 1166 757 1235 solet,”
779 1168 870 1240 inquit
889 1169 921 1226 S.
944 1170 1103 1246 Gregorius
1118 1170 1255 1248 Magnus,

167 1273 187 1299 “
196 1276 227 1322 ut
239 1283 298 1322 non
311 1265 416 1322 emissa
428 1267 572 1333 charitate,
583 1275 611 1322 et
620 1266 728 1325 inimici
737 1285 790 1324 nos
799 1266 880 1324 ruina
891 1267 1024 1335 letificet,
1032 1277 1062 1325 et
1070 1287 1182 1327 rursum
1193 1269 1255 1345 ejus

121 1419 124 1426 Δ
165 1364 258 1440 gloria
271 1363 331 1420 sine
345 1363 458 1422 invidiae
472 1364 557 1439 culpa
576 1364 730 1430 contristet,
744 1383 810 1422 cum
830 1373 858 1422 et
871 1375 968 1424 ruente
982 1385 1017 1424 eo
1030 1365 1170 1437 quosdam
1182 1369 1254 1426 benc

165 1461 239 1536 erigi
251 1461 403 1529 credimur,
417 1471 446 1520 et
457 1462 624 1538 proficiente
637 1461 686 1520 illo
700 1462 850 1538 plerosque
867 1464 972 1538 injuste
985 1464 1111 1540 opprimi
1124 1463 1254 1522 sormida-

166 1553 281 1617 mnam

206 1661 255 1714 52.
277 1657 334 1716 Est
354 1669 502 1734 peccatum
522 1659 637 1716 mortale
660 1677 698 1716 ea
717 1677 825 1735 genere
845 1677 900 1717 ruo
926 1660 1006 1718 alteri
1030 1660 1167 1729 invidere,
1190 1679 1257 1720 nam

164 1754 295 1814 charitati
307 1755 478 1825 adversatur,
489 1771 662 1837 quapropter
675 1766 694 1793 ‘⁶
705 1757 839 1815 invidiae”
860 1759 933 1816 inter
945 1768 1060 1832 peccata
1071 1769 1258 1818 recensentur

164 1872 227 1926 quae
241 1873 258 1910 a
270 1873 359 1931 regno
381 1855 438 1913 Dei
464 1851 643 1914 excludunt³
683 1855 866 1916 Diabolicum
883 1856 984 1914 merito
1005 1866 1120 1915 vocatur
1138 1858 1254 1914 vitium:

163 1971 229 2010 nam
251 1961 270 1988 ‘⁶
280 1953 386 2018 invidia
407 1953 511 2012 diaboli
533 1972 610 2014 mors
629 1954 742 2012 intravit
767 1955 798 2012 in
816 1954 915 2012 orbem
938 1961 1090 2022 terrarum
1111 1955 1257 2012 imitantur

164 2061 259 2110 autem
272 2051 352 2110 illum
366 2053 415 2124 qui
428 2063 494 2110 sunt
506 2070 543 2110 ex
556 2060 634 2128 parte
648 2044 788 2128 ipsius.”⁴
828 2051 973 2112 Caeterum
985 2071 1063 2129 saepe
1080 2052 1199 2110 venialis
1214 2062 1258 2110 est

164 2149 258 2225 culpa,
273 2168 310 2208 ex
322 2151 364 2208 rei
376 2159 477 2228 natura
489 2151 598 2216 leviori,
612 2150 657 2208 vel
670 2150 758 2208 enimi
771 2148 873 2208 affectu
886 2150 982 2208 miuus
1002 2153 1183 2218 vehementi3
1204 2151 1257 2210 scd

163 2267 300 2324 maguum
312 2249 398 2306 hahet
409 2249 551 2308 charitatis
565 2247 703 2307 violanda
716 2249 874 2330 periculum
886 2269 893 2306 :
915 2261 1088 2327 quapropter
1099 2249 1257 2326 Apostolus

164 2345 263 2404 fideles
277 2356 390 2406 monet:
407 2356 426 2382 ‘⁶
438 2366 497 2405 non
509 2348 667 2406 efficiamur
683 2347 774 2404 inania
791 2347 888 2423 gloria
898 2348 1007 2423 cupidi,
1021 2350 1145 2406 invicem
1155 2365 1257 2423 provo·

164 2455 273 2515 cantes,
294 2447 418 2505 invicem
426 2439 634 2504 invidentes.'’⁵
666 2443 853 2513 “Charitas,”
865 2446 1121 2524 inquitAugelicus
1135 2447 1254 2514 Doctor,

164 2552 185 2578 “
193 2543 339 2620 gaudetde
352 2546 427 2602 bono
437 2545 571 2620 proximi,
586 2543 692 2604 invidia
704 2553 798 2601 autem
811 2543 846 2601 de
858 2544 961 2602 eodem
974 2548 1097 2604 tristatur
1108 2587 1115 2602 .
1128 2586 1136 2602 .
1149 2585 1156 2602 .
1169 2543 1255 2604 Unde

163 2641 347 2700 manifestum
360 2643 490 2714 estquod
512 2641 618 2702 invidia
640 2661 677 2701 ex
699 2660 804 2716 genere
827 2659 881 2699 auo
899 2649 943 2698 est
959 2651 1107 2718 peccatum
1126 2641 1252 2699 mortale.

164 2738 284 2796 Sed...
298 2740 329 2796 iu
341 2759 443 2816 genere
456 2741 568 2800 invidiae
581 2741 760 2798 inveniantur
767 2739 855 2810 aliqui
869 2737 954 2813 primi
967 2747 1071 2820 motus,
1086 2736 1256 2811 quandoque

163 2838 253 2895 etiam
266 2838 297 2894 iu
317 2838 383 2896 viris
396 2839 537 2915 perfectis,
553 2839 602 2912 qui
615 2847 681 2896 sunt
693 2848 809 2913 peccata
821 2825 991 2894 venialie.”⁶

206 2940 256 2993 53.
278 2936 328 2994 Ex
346 2937 452 2995 invidia
464 2938 497 2994 dt
508 2947 539 2995 ut
552 2937 616 3009 quis
630 2937 710 3012 ipsos
724 2936 858 2994 virtutum
871 2943 950 2992 actus
971 2935 1002 2994 in
1021 2935 1124 2992 malam
1147 2941 1256 3011 partem

165 3033 341 3106 detorqueat,
354 3044 384 3092 et
395 3036 431 3093 de
441 3037 572 3111 proximo
585 3043 729 3101 susurret;
750 3053 807 3107 quo
820 3041 902 3110 pacto
912 3051 997 3110 grave
1010 3033 1092 3092 facile
1105 3031 1260 3090 admittitur

166 3141 324 3210 peccatum.
366 3134 560 3209 Philosophos
573 3134 701 3192 ethnicos
717 3133 872 3208 Apostolus
887 3143 968 3190 vocat
990 3141 1010 3170 ‘⁶
1021 3133 1122 3208 plenos
1142 3130 1257 3197 invidia,

166 3230 334 3299 homicidio,
348 3233 540 3298 contentione,
554 3232 630 3298 dolo,
646 3231 829 3308 malignitate,
845 3247 1023 3296 susurrones,
1037 3223 1258 3296 detractores,”⁷

167 3328 298 3387 Plurima
309 3330 371 3388 haec
384 3330 608 3408 gravissimaque
621 3329 694 3386 mala
707 3319 773 3386 iude
786 3344 862 3402 saepe
871 3327 949 3384 nasci
958 3325 1135 3401 exploratrm
1143 3326 1260 3383 omnino

168 3437 222 3484 est.

207 3530 256 3582 54.
278 3526 449 3585 Remedium
462 3524 575 3584 invidia
589 3526 764 3601 precipuum
782 3530 825 3579 est
836 3522 979 3580 charitatis
993 3520 1086 3578 sardio
1100 3537 1210 3586 vacare,
1231 3530 1260 3576 st

166 3625 273 3700 saepius
288 3643 383 3682 coram
396 3625 461 3684 Deo
475 3625 607 3700 proximo
621 3605 772 3700 apprecari
782 3622 858 3679 bona
877 3621 982 3687 omnia,
996 3621 1148 3696 ipsumque
1162 3635 1258 3676 coram

166 3721 342 3790 hominibus,
357 3722 422 3782 data
435 3724 594 3789 occasione,
608 3722 732 3782 laudere.
754 3720 863 3778 Animo
873 3737 987 3792 quoque
996 3717 1178 3794 cogitandum
1186 3718 1260 3775 bona

167 3819 296 3878 distribui
308 3841 346 3880 ex
360 3841 441 3894 aequa
454 3823 512 3879 Dei
524 3821 710 3888 ordinatione,
727 3817 866 3890 nobisque
888 3819 984 3890 eliqua
1005 3818 1099 3885 tribui,
1118 3815 1221 3888 quibus
1235 3817 1261 3873 si

168 3919 222 3976 rite
235 3920 281 3977 usi
295 3919 442 3989 fuerimus,
456 3921 554 3978 felices
575 3919 696 3990 Deoque
716 3919 787 3995 grati
807 3916 971 3974 evademus.
1013 3915 1088 3972 Vilis
1108 3924 1151 3971 ast
1172 3913 1261 3972 animi

167 4016 233 4074 aliis
247 4018 383 4088 invidere,
397 4038 496 4078 eorum
510 4019 592 4076 bonis
605 4018 723 4076 cruciari
736 4036 803 4075 cum
817 4014 896 4074 nullo
909 4021 1006 4072 nostro
1016 4012 1104 4070 lucro.

202 4214 584 4280 (1)2.2a.qu.xxxvi.arr.ii.
619 4215 694 4280 Reep.
779 4213 819 4276 (2)
841 4210 871 4260 L.
882 4209 944 4259 xxii.
952 4207 1070 4258 Monte
1082 4208 1116 4257 xi.

207 4301 251 4365 (3)
271 4299 325 4352 Gal.
338 4316 360 4348 v.
372 4301 413 4350 21.
569 4326 574 4334 ·
781 4296 823 4362 (l)
843 4295 901 4360 Sap.
913 4293 937 4343 ii.
949 4294 990 4342 24.

205 4384 245 4449 (5)
264 4382 410 4433 estrat.
779 4383 816 4442 (6)
835 4383 859 4431 2.
871 4382 894 4428 2.
903 4395 945 4444 qu.
954 4377 1040 4429 xxxvi.
1052 4383 1096 4428 art
1108 4377 1144 4428 iii.
1180 4375 1254 4443 Καρ.

585 4465 627 4531 (7)
648 4464 798 4514 nomiae.
