3046 5262
602 1103 743 1166 CAPUT
764 1105 802 1163 V.

617 1321 655 1362 DE
678 1323 783 1364 BELLO.

196 1494 247 1546 22.
268 1488 397 1546 Bnnnnrr
409 1487 441 1544 lit
459 1488 532 1545 inter
552 1488 681 1546 nationes
699 1489 735 1546 ob
757 1505 855 1564 graves
869 1487 959 1546 illatas
973 1489 1101 1568 injurias,
1116 1510 1186 1566 quas
1199 1495 1248 1554 lae·

155 1589 227 1647 dens
241 1605 371 1665 reparare
381 1604 439 1646 non
449 1587 523 1644 nrlt:
546 1605 636 1659 quum
649 1588 726 1646 enim
740 1587 849 1646 nullum
859 1598 1015 1664 agnoscant
1023 1589 1152 1659 tribunal,
1166 1594 1248 1670 cujus

154 1696 230 1744 stent
238 1687 357 1764 judicio,
372 1686 459 1746 armis
473 1703 539 1754 suas
562 1687 662 1744 ulcisci
674 1687 792 1764 injurias
806 1695 944 1760 querunt,
965 1687 1030 1746 Deo
1043 1687 1173 1750 invocato
1187 1693 1247 1752 vin·

155 1785 229 1844 dice.
271 1785 417 1858 Equidem
430 1803 481 1861 per
494 1785 597 1842 saecula
609 1784 704 1843 media
716 1786 825 1844 sensim
833 1787 895 1844 sine
903 1803 990 1844 sensu
998 1787 1134 1847 Pontifex
1147 1791 1248 1850 arbiter

151 1884 301 1962 judexque
315 1903 331 1942 a
344 1885 473 1960 gentibus
488 1883 631 1960 plerisque
642 1885 794 1960 Europaeis
803 1885 914 1961 agnitus
921 1893 982 1951 est;
996 1903 1130 1960 suprema
1142 1888 1204 1963 ejus
1217 1889 1249 1947 in

156 1984 293 2042 Ecclesia
304 1981 429 2061 regenda
441 1983 602 2041 auctoritate
624 1985 734 2042 arrimos
748 1984 898 2042 hominum
912 1982 1081 2059 disponente
1095 1993 1126 2043 ut
1140 1986 1249 2062 jurium

159 2085 342 2157 interpretem
361 2091 389 2139 et
407 2081 550 2140 vindicem
570 2100 636 2140 eum
655 2083 808 2141 haberent:
831 2091 1002 2159 quapropter
1018 2083 1163 2162 principes
1183 2103 1249 2144 suas

156 2189 256 2240 contra
268 2201 300 2239 se
323 2181 445 2239 invicem
461 2180 624 2239 deferebant
636 2183 765 2253 querelas
786 2181 821 2239 ad
834 2190 942 2257 patrem
958 2200 1151 2251 communem,
1166 2187 1249 2262 quus

157 2281 264 2340 monita
272 2282 298 2339 si
310 2281 412 2338 frustra
425 2281 583 2338 evasissent
592 2289 658 2338 tuno
671 2279 785 2339 tandem
799 2281 885 2339 armis
896 2289 1032 2340 tentatum
1039 2290 1091 2350 est,
1101 2282 1249 2342 Pontificis

158 2380 333 2438 anathemate
344 2378 496 2451 aliquando
506 2378 536 2437 in
546 2388 742 2438 contumacem
750 2381 869 2456 prolato,
878 2398 935 2453 quo
945 2399 1037 2438 causae
1046 2382 1158 2458 justitia
1167 2383 1248 2442 inno·

158 2474 301 2537 tesceret.¹
342 2479 400 2537 Per
413 2496 508 2536 rerum
528 2479 605 2536 vices
624 2477 793 2548 factumest,
808 2489 839 2537 ut
858 2479 980 2537 tribunal
999 2479 1065 2550 hoc,
1079 2482 1250 2558 populorum

158 2579 378 2654 principumque
392 2595 532 2636 consensu
546 2577 614 2635 olim
627 2578 810 2644 celebratum,
824 2578 1031 2654 negligeretur3
1048 2580 1166 2654 jamque
1180 2599 1249 2657 gens

158 2695 280 2750 quaeque
292 2677 363 2734 lesa
375 2695 427 2734 suo
436 2676 546 2735 arbitrio
555 2675 662 2734 bellurn
675 2676 790 2734 indicit:
813 2675 865 2734 sed
877 2677 1085 2751 praecipuorum
1098 2695 1250 2752 regnorum

157 2793 249 2852 opera
269 2774 361 2831 amica
373 2793 447 2850 sepe
460 2774 652 2851 impediuntur
664 2775 746 2841 bella,
761 2773 967 2832 conditionibus
981 2774 1072 2845 aquis
1086 2776 1249 2851 propositis.

199 2877 251 2930 23.
272 2872 387 2930 Bellum
399 2873 494 2932 inferri
507 2893 593 2950 posse
607 2883 705 2931 censet
714 2859 836 2932 'Grotius
858 2872 889 2930 in
908 2890 957 2930 eos
978 2875 1028 2945 qui
1051 2873 1124 2949 “jus
1147 2883 1250 2932 naturae

159 2982 207 3031 aut
220 2973 349 3048 gentium
369 2973 529 3030 immaniter
550 2971 665 3039 violant,
680 2993 746 3031 nam
766 2973 879 3031 libertas
901 2971 1033 3029 humanae
1054 2973 1180 3032 societati
1201 2995 1252 3052 per

159 3089 259 3149 poenas
273 3071 450 3138 consulendi,
472 3089 534 3142 quae
556 3073 636 3130 initio
656 3090 746 3147 penes
769 3071 896 3148 singulos
919 3070 1018 3139 luerat,
1041 3071 1198 3133 civitatibus
1219 3096 1251 3134 ac

156 3169 273 3246 judiciis
287 3172 421 3230 institutis
435 3189 524 3248 penes
538 3189 664 3230 summas
685 3181 837 3248 potestates
857 3162 1011 3227 resedit.’'²
1050 3170 1085 3228 In
1098 3191 1161 3230 earn
1174 3175 1250 3233 imus

161 3270 340 3338 seutentiam,
352 3270 574 3344 quatenuslicet‚
585 3272 613 3328 vi
621 3271 707 3328 etiam
717 3271 802 3338 illata,
811 3269 943 3326 homines
954 3267 1124 3326 immanibus
1138 3271 1251 3349 flagitiis

161 3379 290 3427 assuetos
303 3369 339 3427 ad
351 3370 491 3429 humanos
505 3389 599 3428 mores
612 3388 743 3428 revocare
756 3389 764 3437 3
785 3368 815 3427 id
828 3367 905 3426 enim
918 3365 1060 3442 postulare
1071 3366 1180 3427 videtur
1193 3370 1253 3449 dig·

161 3469 233 3526 nitas
255 3478 358 3526 naturae
379 3469 511 3529 omnibus
534 3470 705 3528 communis.
748 3467 891 3526 Caeterum
914 3474 945 3521 ut
966 3483 1037 3540 gens
1059 3465 1151 3524 aliena
1170 3487 1204 3526 ea
1216 3470 1252 3528 de

160 3585 248 3626 causa
269 3567 375 3626 bellum
388 3569 498 3636 inserat,
513 3587 571 3626 non
584 3569 652 3626 satis
675 3578 719 3626 est
739 3566 875 3626 immania
888 3564 982 3635 aliqua
995 3564 1120 3624 facinora
1133 3564 1250 3636 admitti,

161 3668 185 3724 si
199 3683 294 3724 mores
308 3668 511 3745 plerorumque
525 3687 582 3726 uon
595 3669 652 3726 sint
664 3668 818 3726 enormiter
827 3664 959 3741 corrupti.
1003 3662 1049 3721 Ob
1059 3681 1168 3726 errores
1178 3670 1253 3727 eirca

196 3842 240 3906 (l)
260 3845 275 3871 ‘⁴
284 3837 423 3888 wilielmus
435 3835 494 3888 Dux
506 3836 691 3887 Normannicus
703 3870 725 3885 ..
738 3870 744 3884 .
756 3851 788 3886 ne
801 3836 894 3900 juetam
905 3832 1010 3882 bellandi
1022 3849 1120 3884 caueam
1133 3836 1254 3885 temeritas

159 3925 313 3981 deformaret,
324 3921 355 3971 ed
367 3920 460 3985 Pupam
472 3920 641 3971 Alexandrum
658 3921 759 3971 nuutios
770 3917 910 3976 destinavit,
926 3923 954 3966 ut
971 3923 1111 3979 susceptum
1124 3917 1255 3979 negocium

159 4009 303 4061 aucmritete
314 4004 457 4070 Apostolica
467 4005 609 4056 firmaretur.
644 4004 717 4056 Unde
726 4005 801 4069 Papa,
813 4004 969 4056 consideratis
981 4009 1096 4074 utrinque
1107 4005 1256 4072 litigantium

159 4095 248 4152 causis,
257 4094 376 4144 vexillum
389 4093 514 4142 Wilielmo
526 4091 552 4140 iu
571 4106 643 4140 omen
661 4091 730 4152 regni
748 4090 905 4141 transmisit.''
940 4093 981 4142 Ex
999 4093 1046 4144 heo
1063 4093 1175 4148 Matthaei
1186 4098 1256 4152 Petis

159 4181 278 4232 relatione
289 4179 366 4242 liquet
376 4178 499 4242 quomodo
517 4177 647 4240 contigerit
656 4178 799 4240 plerumque
809 4177 954 4228 Pontificem
965 4191 1038 4232 sunm
1050 4179 1202 4247 interponere
1216 4189 1256 4252 ju.

159 4265 261 4316 dicium.
294 4261 359 4313 Vide
370 4261 437 4314 Isset.
447 4260 525 4330 Angl.
533 4259 631 4312 Horold
641 4261 703 4311 Rea.
715 4276 738 4324 p.
748 4260 772 4309 2.

197 4350 239 4415 (2)
259 4347 300 4398 De
314 4349 369 4413 jure
380 4348 438 4398 belli
448 4354 473 4397 et
483 4348 558 4413 pecie,
571 4349 587 4398 1.
599 4347 624 4398 11.
635 4363 656 4398 o.
666 4361 708 4398 xx.
720 4362 744 4398 n.
756 4345 796 4397 40.
833 4345 870 4396 De
882 4347 965 4400 Vettel
977 4357 1061 4402 contra
1072 4351 1153 4416 sentit,
1162 4351 1223 4406 Lau
1232 4358 1261 4406 of

164 4436 282 4496 Natione,
293 4434 311 4485 1.
322 4433 347 4485 it
360 4450 382 4486 c.
390 4433 407 4486 i.
421 4437 436 4496 §
449 4439 473 4486 7.
1274 4445 1275 4448 ’
