3068 5256
253 521 309 575 140
535 515 592 574 nn
615 487 786 572 oo'mvo
808 511 1058 572 nuncnunc.

253 683 369 739 tiabatur
392 679 490 738 meritb
514 690 580 737 sunt
602 680 786 755 proscriptae:
810 679 948 748 “Quidni
971 679 1204 752 aiebatquidam,
1219 697 1280 738 non
1296 681 1352 738 nisi
1417 727 1420 732 .

252 781 362 838 veniale
372 783 409 838 sit
418 779 590 838 detrahentis
601 779 793 836 auctoritatem
803 783 935 856 magnam
946 781 1001 837 sibi
1012 781 1128 836 noxiam
1137 778 1213 836 falso
1228 781 1352 838 crimine

253 878 366 938 eludere
377 879 411 936 l'’
454 878 635 938 “Probabile
649 888 763 936 estnon
777 897 895 956 peccare
909 879 1076 947 mortaliter,
1091 879 1141 952 qui
1162 879 1287 954 imponit
1300 879 1351 936 sal-

253 997 317 1038 sum
331 980 438 1038 crimen
449 979 542 1047 alicui,
553 987 584 1036 ut
593 997 674 1037 suam
684 979 822 1055 justitiam
833 987 862 1035 et
870 978 1009 1037 honorem
1020 977 1162 1036 defendat.
1205 978 1246 1036 Et
1259 979 1284 1034 si
1294 978 1351 1035 hoc

252 1097 310 1138 uon
323 1081 360 1138 sit
369 1079 522 1157 probabile,
531 1078 580 1136 vix
593 1079 646 1135 erit
657 1078 754 1153 opinio
764 1077 915 1154 probabilis
929 1080 958 1136 in
969 1070 1158 1155 theologia.”¹
1198 1075 1349 1148 Equidem

251 1178 343 1252 liquet
355 1197 438 1257 grave
452 1195 515 1235 esse
537 1186 684 1254 peccatum
705 1177 786 1236 sarnae
801 1177 914 1235 alterius
928 1176 1075 1235 mendacio
1089 1177 1211 1254 graviter
1224 1195 1349 1234 nocere:

253 1297 306 1336 nec
319 1278 464 1336 excusatio
477 1275 595 1334 habetur
605 1277 635 1334 in
648 1277 756 1334 ratione
770 1277 806 1334 ob
825 1296 911 1349 quant
931 1277 1089 1353 profertur:
1107 1264 1164 1334 ¹nco
1185 1277 1264 1334 enim
1278 1277 1351 1352 inju-

252 1379 323 1435 riam
334 1378 435 1455 injuria
447 1375 611 1454 propulsare
624 1376 797 1442 licet,multo
804 1376 898 1434 minus
907 1378 1013 1454 justam
1023 1377 1245 1453 aggressionem.
1288 1375 1350 1433 Dn-

253 1477 375 1536 bitarunt
387 1476 515 1534 nonnulli
526 1475 649 1553 theologi
663 1484 756 1532 utrum
765 1476 875 1552 justitia
889 1477 1026 1543 violetur;
1047 1475 1097 1532 sed
1110 1493 1156 1532 res
1166 1473 1278 1532 videtur
1290 1493 1349 1533 ma·

254 1577 366 1643 nisesta,
374 1575 542 1634 habetenim
551 1576 634 1632 etiam
643 1574 763 1649 injustus
773 1593 921 1652 aggressor
927 1576 975 1653 jus
983 1593 1019 1632 ne
1027 1575 1178 1633 mendacio
1186 1571 1348 1650 repellatur.

298 1679 365 1733 172.
388 1675 584 1745 Quaecnmque
607 1674 661 1733 alia
683 1673 830 1730 mendacia
844 1672 978 1731 damnum
998 1675 1043 1732 vel
1063 1675 1219 1752 pernicicm
1234 1671 1352 1731 afferunt

255 1775 315 1852 pari
328 1777 435 1833 ratione
446 1781 587 1850 precepto
597 1773 652 1831 hoo
665 1771 805 1848 prohibita
817 1773 958 1832 censenda
971 1782 1046 1833 sunt.
1089 1774 1222 1832 Graviter
1232 1782 1350 1848 peccant

256 1877 362 1948 quiea
388 1873 555 1950 confingunt
580 1874 683 1946 quibus
710 1874 865 1930 amicorum
891 1872 1060 1931 dissolvatur
1085 1870 1276 1939 necessitudo,
1304 1871 1350 1929 vel

257 1975 359 2048 aliquis
377 1973 547 2051 impediatur
561 1993 577 2030 a
590 1989 707 2032 munere
721 1972 908 2048 impetrando,
922 1973 967 2030 vel
982 1973 1050 2031 alias
1063 1971 1190 2030 laedatur.
1235 1971 1350 2029 Gravis·

257 2077 330 2132 sime
343 2082 464 2149 peccant
482 2072 531 2142 qui
551 2071 706 2130 mendaciis
729 2081 833 2130 nocent
852 2072 1006 2147 Religioni,
1027 2082 1055 2131 et
1075 2074 1232 2131 animarum
1248 2071 1349 2128 saluti:
1440 2057 1441 2062 ἵ

256 2175 297 2231 uti
310 2174 341 2230 in
354 2190 432 2230 more
446 2179 489 2228 est
501 2170 630 2247 plurimis
644 2171 693 2244 qui
713 2189 771 2229 non
790 2171 854 2230 ideo
868 2181 1039 2231 excusantur
1058 2171 1135 2245 quod
1154 2190 1189 2229 ea
1208 2189 1275 2228 vera
1289 2187 1351 2228 esse

257 2282 362 2331 temere
376 2271 429 2330 sibi
450 2269 643 2348 persuadeant.
686 2270 735 2328 Ex
754 2273 898 2330 memorias
916 2271 1026 2338 defectu
1046 2282 1074 2330 et
1093 2272 1196 2330 mentis
1209 2270 1351 2346 perturba·

257 2373 332 2430 tione
347 2370 428 2429 facile
442 2370 605 2446 contingere
619 2378 755 2447 potestat
772 2372 836 2442 quis
849 2370 951 2429 falsum
965 2371 1087 2449 proferat
1099 2372 1168 2444 quin
1182 2370 1304 2446 graviter
1317 2369 1354 2426 sit

258 2490 342 2528 reus:
371 2477 492 2528 attamen
517 2470 593 2527 serio
620 2467 703 2526 debet
728 2469 803 2546 apud
823 2489 854 2527 se
875 2470 1049 2547 perpendere
1070 2469 1207 2543 quidquid
1233 2469 1352 2527 aliorum

259 2573 384 2638 interest,
405 2589 442 2628 ex
456 2587 508 2627 suo
530 2569 692 2626 testimonio
712 2568 934 2646 dijudicandum.
977 2571 1095 2647 Optime
1112 2568 1307 2627 animadvertit
1320 2567 1351 2624 S.

259 2671 407 2730 Thomas:
430 2669 492 2727 “ln
505 2669 665 2726 testimonio
679 2668 795 2726 ferendo
805 2669 953 2728 nondebet
964 2670 1050 2728 homo
1064 2689 1116 2746 pro
1126 2677 1202 2727 certo
1216 2685 1351 2734 asserere,

260 2772 341 2845 quasi
354 2772 459 2838 sciens,
471 2768 510 2829 ·id
533 2769 568 2827 de
582 2787 638 2843 quo
652 2779 744 2828 certus
758 2789 816 2828 non
829 2779 890 2836 est;
912 2769 963 2826 sed
976 2769 1092 2828 dubium
1107 2769 1188 2827 debet
1201 2767 1254 2826 sub
1267 2766 1352 2826 dubio

259 2871 395 2948 proferre,
410 2880 438 2928 et
451 2867 480 2926 id
493 2867 528 2926 do
550 2887 607 2940 quo
629 2877 722 2925 certus
736 2881 779 2925 est
797 2888 848 2944 pro
863 2879 939 2926 certo
960 2887 1095 2926 asserere.
1138 2865 1197 2926 Sed
1207 2868 1274 2938 quia
1288 2884 1352 2923 con·

259 2970 340 3043 tingit
352 2986 389 3024 ex
402 2966 534 3023 labilitate
543 2966 674 3022 humanae
688 2969 834 3025 memoriae
846 2967 922 3054 quod
930 2977 1040 3044 reputat
1049 2987 1079 3026 se
1089 2967 1174 3026 homo
1183 2965 1351 3038 quandoque

259 3075 365 3124 certum
379 3083 443 3121 esse
457 3063 492 3120 de
506 3082 541 3121 eo
555 3062 746 3136 quodfalsum
760 3075 812 3134 est,
827 3067 852 3124 si
862 3067 974 3140 aliquis,
989 3087 1053 3126 cum
1068 3067 1161 3126 debita
1173 3064 1350 3123 solicitudine

258 3165 426 3240 recogitans,
437 3163 557 3221 aestimet
569 3181 601 3220 se
615 3172 722 3222 certum
736 3184 799 3222 esse
814 3165 849 3224 de
863 3185 897 3224 eo
911 3167 1100 3239 quodfalsum
1113 3176 1166 3234 est,
1181 3184 1239 3224 non
1252 3172 1352 3242 peccat

259 3262 412 3322 mortaliter
425 3263 479 3320 hoc
493 3281 641 3320 asserens:
664 3265 730 3335 quia
749 3285 806 3324 non
827 3265 894 3323 dicit
907 3267 1009 3324 salsum
1030 3267 1224 3324 testimonium
1245 3281 1351 3342 perse,

258 3375 335 3422 etex
349 3363 514 3431 intentione,
529 3361 579 3420 sed
593 3381 644 3438 per
658 3363 788 3422 accidens
809 3373 905 3423 contra
918 3365 947 3423 id
968 3364 1044 3438 quod
1057 3359 1224 3423 intendit.'’²
1265 3360 1350 3431 Quod

259 3467 283 3523 si
297 3483 380 3542 grave
394 3472 598 3524 nocumentum
612 3463 716 3522 oriatur
736 3465 814 3522 alteri
834 3485 871 3523 ex
891 3465 970 3522 testis
991 3484 1094 3534 errore,
1109 3464 1202 3533 debet,
1217 3465 1243 3522 si
1263 3461 1352 3522 valeat

259 3567 364 3639 absque
378 3566 456 3641 gravi
470 3565 514 3622 sui
527 3563 700 3631 discrimine,
715 3583 780 3624 eum
794 3566 952 3642 corrigere:
975 3564 1026 3622 aed
1040 3584 1098 3622 non
1108 3573 1217 3622 tenetur
1231 3583 1263 3621 se
1276 3564 1352 3640 peje-

259 3663 338 3720 randi
352 3663 464 3719 crimini
478 3680 632 3736 exponere,
647 3681 700 3720 nec
714 3663 749 3720 ad
768 3665 923 3739 reparanda
937 3664 1049 3722 damna¹
1059 3683 1123 3736 quae
1144 3683 1181 3722 ex
1194 3682 1289 3722 errore
1302 3662 1352 3720 hu·

254 3759 383 3838 jusmodi
408 3768 616 3836 provenerunt;
638 3778 727 3831 quum
746 3762 822 3820 haud
842 3781 893 3820 sua
919 3765 1003 3842 culpa
1025 3765 1181 3832 evenerint,
1208 3761 1260 3821 sed
1285 3779 1350 3820 casu

258 3864 363 3938 potius,
378 3871 407 3919 et
418 3869 515 3920 contra
527 3858 709 3919 voluntatem.

554 4061 622 4136 §IL
645 4061 693 4121 Da
714 4080 871 4122 nanuscto
886 4082 1053 4124 ornroroso.

300 4226 367 4281 173.
389 4223 526 4302 Decalogi
540 4240 711 4302 praeceptum
725 4228 871 4287 mendacia
885 4248 948 4304 quae
963 4228 1119 4306 perniciem
1139 4225 1260 4285 afferunt
1273 4240 1351 4301 spec·

258 4329 312 4380 tat:
335 4321 386 4380 sed
406 4341 482 4399 saepe
502 4325 640 4400 contingit
661 4328 809 4386 mendacia
827 4329 899 4388 nihil
922 4329 1017 4387 damni
1038 4327 1122 4386 alicui
1147 4325 1268 4392 insene3
1289 4339 1350 4400 pro-

293 4493 334 4558 (1)
355 4491 426 4558 Prop.
439 4491 499 4542 xliii.
509 4499 533 4542 et
542 4492 599 4542 xliv.
806 4495 847 4560 (2)
863 4499 885 4544 2.
899 4499 921 4545 2.
934 4513 974 4560 qu.
987 4497 1038 4546 lxx.
1048 4502 1092 4546 att.
1104 4495 1137 4545 iv.
1149 4493 1184 4545 od
1191 4491 1316 4561 primum.
