3046 5262
284 555 344 612 282
681 551 737 610 DE
759 548 979 610 Pncoffls
1077 553 1081 558 '

281 715 353 776 lium
365 712 454 777 oratio
467 714 611 773 satisfacit.
624 755 632 771 .
645 755 652 771 .
666 755 673 772 .
689 713 776 774 Delet
786 715 905 774 omnino
923 713 985 772 hec
1005 713 1095 772 oratio
1112 713 1233 774 minime
1246 723 1275 771 et
1285 714 1368 787 quoti·

284 813 368 872 diana
380 808 545 889 peccatu.”¹
1185 863 1191 874 .

320 915 350 969 3.
371 911 526 970 Peccatum
539 909 762 970 commissionis
776 909 877 969 dicitur
891 908 967 983 quod
987 918 1050 966 actu
1070 917 1193 986 patratur
1205 919 1297 969 conba
1310 909 1364 968 Dei

280 1009 393 1088 legem:
427 1027 456 1067 v.
484 1028 519 1086 g:
550 1008 665 1068 furtum.
712 1009 865 1068 Peccatum
895 1006 1072 1067 omissionis
1102 1016 1147 1064 est
1171 1005 1201 1064 id
1232 1007 1365 1084 negligere

281 1108 359 1181 quod
371 1107 434 1184 lege
448 1106 607 1166 laciendum
620 1107 797 1184 precipitur:
818 1126 846 1164 v.
861 1125 897 1184 g:
919 1107 1116 1181 eleemosynas
1131 1106 1255 1164 tribuere
1270 1124 1367 1183 paupe·

280 1207 368 1266 ribus.
409 1206 555 1281 Precepta
576 1204 721 1282 negativo
741 1205 844 1278 quibus
865 1203 972 1277 aliquid
995 1211 1111 1270 vetatur,
1133 1221 1250 1282 semper
1272 1214 1299 1262 et
1309 1222 1361 1282 pro

280 1322 395 1384 semper
408 1303 538 1362 dicunhrr
549 1303 684 1380 obligare,
698 1321 856 1376 numquam
869 1303 948 1362 enim
960 1301 1028 1360 licet
1037 1302 1130 1360 tacere
1140 1301 1222 1376 quod
1233 1303 1297 1379 lege
1309 1321 1365 1380 prc-

280 1403 403 1471 hibetur‚
414 1403 470 1462 nisi
483 1402 568 1459 verba
579 1401 651 1478 legis
664 1401 768 1460 limites
782 1403 868 1460 vetito
882 1401 1042 1478 adsignent.
1076 1401 1126 1458 Sic
1136 1417 1294 1474 numquam
1306 1401 1364 1458 licet

280 1500 382 1560 falsum
395 1500 521 1578 preferre
542 1500 745 1559 testimonium.
787 1501 934 1577 Praecepta
949 1489 1132 1577 offirma‘tioa
1145 1501 1248 1574 quibus
1270 1498 1367 1574 aliquid

280 1597 939 1676 injungitur,obligantaemper,quiavisecrum
947 1596 1365 1676 maneusedncnproecntptr,

279 1716 337 1757 non
359 1697 436 1755 enim
458 1703 536 1753 actus
559 1713 673 1772 semper
695 1695 828 1755 eliciendi
850 1706 927 1764 sunt,
950 1696 1003 1755 sed
1025 1697 1175 1754 occasione
1197 1696 1274 1754 data.
1322 1697 1364 1753 Sic

277 1794 434 1856 honorandi
448 1802 514 1853 sunt
526 1805 668 1870 parentes,
683 1795 921 1870 quandocumque
934 1795 1056 1853 occurrit
1074 1796 1230 1854 necessitas
1244 1796 1281 1854 iis
1296 1797 1364 1853 testi-

279 1896 375 1955 monia
388 1893 492 1952 amoris
504 1891 679 1966 honorisque
693 1893 855 1971 prestandi.

318 1996 347 2053 t.
378 1992 412 2051 ln
437 2001 555 2070 peccato
580 1993 743 2051 omissionis
769 1991 919 2052 voluntatis
941 1992 1108 2049 exercitium
1130 1991 1279 2068 reperitur,
1305 2010 1363 2048 nam

279 2092 367 2150 homo
380 2090 439 2148 vult
458 2109 515 2148 non
536 2091 655 2168 implere
674 2099 857 2168 preceptum,
872 2090 917 2147 vel
936 2090 1039 2148 omittit
1051 2088 1124 2148 velle
1144 2090 1257 2148 arbitrio
1278 2108 1328 2148 suo
1339 2097 1363 2146 et

278 2188 431 2248 voluntate.
474 2187 561 2255 Quod
573 2191 598 2246 si
610 2188 704 2256 ludus,
722 2190 852 2256 ebrietas,
866 2188 954 2246 libido
974 2189 1011 2245 sit
1022 2187 1186 2247 omissionis
1200 2207 1298 2257 eausa,
1312 2206 1364 2244 ma·

277 2287 338 2346 litia
357 2287 422 2346 inde
444 2295 595 2346 mutuatur.
637 2288 695 2355 Qui
714 2288 773 2364 pila
791 2286 893 2347 ludens
916 2287 1007 2346 Sacro
1027 2285 1137 2345 adstare
1159 2287 1288 2362 negligit,
1310 2303 1360 2342 non

277 2392 387 2442 tenetur
409 2385 573 2442 omissionis
595 2403 709 2442 eausam
731 2386 871 2454 confiteri,
886 2403 974 2456 quum
998 2385 1129 2462 specialis
1155 2385 1232 2442 nulla
1253 2386 1281 2444 ei
1302 2385 1363 2441 insit

276 2481 401 2548 malitia;
421 2481 472 2552 qui
484 2479 552 2538 vert
565 2480 689 2558 potando
702 2483 734 2540 ht
746 2485 859 2560 ineptus
874 2483 943 2541 huic
953 2484 1076 2550 muneri,
1090 2483 1175 2542 debet
1187 2481 1217 2541 id
1231 2483 1361 2544 confiteri,

277 2597 364 2653 quum
377 2579 466 2638 nimia
478 2580 585 2657 potatio
605 2581 643 2638 sit
660 2590 819 2658 peecatum,
839 2593 868 2641 et
880 2584 990 2658 peccati
1009 2581 1157 2642 omittendi
1178 2582 1260 2640 Sacri
1273 2599 1360 2639 causa.

277 2679 325 2746 Eo
338 2679 430 2756 magis
444 2677 612 2738 declaranda
623 2690 667 2738 est
679 2681 808 2749 omissio,
828 2681 854 2738 si
866 2683 955 2740 menti
974 2682 1154 2742 observatum
1168 2681 1207 2740 sit
1219 2681 1282 2758 ejus
1296 2680 1361 2756 peri-

276 2777 383 2848 culum,
397 2777 465 2839 dnm
480 2780 544 2853 quis
564 2779 645 2855 operi
663 2779 762 2838 illicito
782 2799 881 2838 vacare
900 2781 1101 2858 proposuerit;
1121 2782 1196 2838 sicut
1215 2777 1360 2850 aliquando

276 2878 416 2952 confingit
427 2877 538 2936 homini
550 2879 724 2937 consortium
736 2879 838 2955 puelle
852 2880 967 2955 petenti,
982 2899 998 2936 a
1013 2896 1069 2950 qua
1081 2897 1113 2936 se
1127 2878 1238 2938 noverit
1250 2875 1363 2954 impedi·

275 2974 379 3034 endum
394 2994 430 3035 ne
448 2975 564 3058 domm
583 2976 688 3043 redeat,
702 2978 785 3034 uxori
798 2977 917 3036 infirmae
930 2979 975 3035 vel
996 2979 1114 3055 pauperi
1127 2977 1288 3037 necessaria
1301 2976 1360 3032 sub·

274 3073 347 3132 sidia
359 3072 607 3150 suppeditaturus:
629 3092 686 3146 quc
699 3091 766 3132 casu
780 3086 929 3151 peccatum
942 3077 1105 3135 omissionis
1119 3077 1220 3153 incipit
1233 3075 1358 3150 imputari

273 3174 368 3231 statim
381 3166 413 3232 tie
426 3191 512 3240 causa
524 3173 615 3249 posita
627 3183 681 3232 est.
723 3173 756 3231 si
770 3174 966 3234 nihilomnino
980 3174 1015 3232 de
1030 3177 1196 3235 muneribus
1211 3172 1358 3248 adimplen-

275 3269 318 3328 dis
332 3273 506 3348 cogitaverit,
521 3289 586 3330 reus
597 3282 691 3330 tamen
704 3282 757 3342 est,
772 3292 860 3346 quum
875 3283 1015 3332 teneretur
1024 3293 1056 3332 se
1069 3285 1200 3352 paratum
1214 3273 1325 3338 habere,
1338 3277 1362 3328 et

273 3368 339 3428 ideo
352 3370 461 3429 obicem
475 3357 584 3446 ponens
598 3381 727 3430 censetur
740 3373 812 3430 velle
826 3391 859 3429 ea
872 3375 1010 3431 omittere.
1051 3373 1227 3446 Plerumque
1242 3371 1322 3430 debet
1333 3370 1358 3424 iu

272 3468 453 3529 consessione
466 3487 614 3528 recensere
627 3488 691 3542 quae
712 3471 837 3548 neglexit
856 3491 983 3538 munera,
1004 3483 1033 3530 et
1052 3490 1196 3548 exponere
1218 3482 1311 3528 utrum
1333 3465 1359 3524 id

272 3569 422 3642 contigerit
440 3569 592 3635 voluntate,
605 3568 651 3626 vel
664 3571 814 3629 occasione
831 3572 891 3629 vitii
911 3589 968 3644 qno
987 3571 1171 3628 irretiebatur.
1217 3567 1358 3626 Ceterum

272 3667 298 3723 si
312 3683 363 3740 per
375 3664 537 3722 diuturnum
551 3668 686 3741 temporis
699 3671 821 3745 spatium
841 3672 937 3730 omnia
956 3669 1113 3746 neglexerit
1128 3669 1242 3745 pietatis
1258 3667 1356 3728 muna.

272 3763 340 3821 satis
354 3776 398 3819 est
410 3761 440 3820 id
452 3761 556 3829 dicere,
571 3764 640 3833 quin
653 3766 765 3842 singula
777 3768 937 3827 minutatim
951 3768 1064 3826 reserat.

312 3868 340 3922 5.
363 3861 515 3922 Peccatum
529 3858 665 3938 spiritale
678 3866 773 3922 vocari
792 3865 864 3923 solet
883 3865 960 3940 quod
976 3876 1071 3926 mente
1085 3867 1228 3944 praeeipue
1243 3861 1356 3922 admitti-

272 3970 335 4018 tur:
355 3983 383 4020 v.
398 3982 432 4039 g:
453 3961 603 4040 superbia:
619 3960 738 4021 carnale
751 3964 885 4036 estquod
898 3985 1017 4042 corpore
1028 3974 1242 4024 consummatur
1255 3984 1262 4020 :
1285 3982 1310 4018 v.
1323 3977 1354 4035 g:

268 4057 464 4119 homicidium.
506 4061 650 4120 Celetrum
663 4063 797 4139 pleraque
808 4064 876 4121 vitia
887 4065 965 4122 carni
979 4066 1147 4130 tribuuntur,
1162 4081 1251 4135 quum
1266 4079 1298 4118 ec
1310 4075 1356 4116 no·

268 4154 344 4212 mine
358 4155 521 4234 designetur
536 4161 564 4219 in
579 4161 732 4239 Scripturis
753 4172 851 4221 natura
864 4164 973 4221 vitiata:
997 4173 1016 4200 ‘⁶
1029 4163 1184 4222 Manifesta
1197 4169 1265 4218 sunt
1277 4171 1356 4232 opera

267 4253 376 4319 carnis;
398 4272 462 4326 quae
475 4267 542 4314 sunt
554 4258 710 4329 fornicatio,
727 4261 913 4328 immunditia,
928 4262 1113 4338 impudicitia,
1127 4260 1251 4326 luxuria,
1271 4253 1351 4314 idolo

656 4460 691 4520 (l)
705 4461 830 4512 Euchirid.
843 4463 904 4528 Gap.
918 4465 969 4514 lxx.
