3076 5260
285 551 344 610 378
454 545 511 608 DE
532 543 797 608 FORENSIBUS
818 543 1189 608 OBLIGATIONIBUS.

289 713 443 774 criminum
463 715 626 794 capitelium
646 721 823 782 accusentur,
844 731 1033 802 cummagua
1054 711 1311 776 verosimilitudine
1331 729 1382 771 seu

288 814 508 892 presumptione
521 807 642 874 reatus.¹

331 915 398 970 1⁰8.
420 913 525 974 Utrum
533 913 625 992 judex
639 912 773 974 damnare
793 912 886 989 possit
903 911 1096 980 innocentem,
1118 911 1168 983 qni
1183 912 1268 988 juxta
1281 918 1347 969 acta
1359 919 1388 970 et

290 1011 407 1088 probata
418 1031 483 1072 reus
496 1012 616 1082 uidetur,
626 1011 700 1072 inter
711 1011 859 1088 theologos
869 1009 1038 1088 disputatur,
1053 1011 1196 1088 plerisque
1210 1010 1245 1070 S.
1258 1010 1386 1070 Thomae

289 1109 442 1170 affirmanti
454 1110 681 1170 assentientibus:
703 1102 828 1170 “ludex
849 1112 875 1168 si
897 1112 952 1170 ecit
971 1109 1094 1183 aliquem
1112 1110 1298 1171 innocentem
1312 1127 1386 1176 esse,

290 1209 340 1282 qui
352 1209 431 1268 salsis
445 1213 563 1270 testibus
583 1211 773 1278 convincitur,
787 1209 872 1268 debet
890 1207 1053 1286 diligentius
1067 1209 1230 1268 examinare
1243 1217 1343 1278 testes,
1357 1219 1389 1268 ut

290 1307 417 1367 inveniat
441 1311 622 1370 occasionem
646 1308 786 1368 liberandi
811 1309 974 1378 innoxium,
1001 1309 1076 1367 sicut
1102 1307 1208 1366 Daniel
1233 1308 1312 1368 iecit.
1355 1308 1388 1365 Si

290 1416 385 1466 autem
398 1407 454 1467 hoc
475 1428 533 1467 non
547 1416 649 1485 potest,
664 1406 748 1465 debet
765 1426 831 1466 eum
853 1407 994 1485 superiori
1013 1407 1174 1481 relinquere
1184 1406 1386 1484 judicandum.

292 1506 326 1564 Si
339 1515 434 1566 autem
446 1527 499 1566 nec
512 1507 569 1567 hoc
583 1515 685 1584 potest,
699 1525 758 1566 non
778 1517 886 1584 peccat,
900 1505 1059 1566 secundum
1080 1507 1199 1584 allegata
1212 1507 1388 1568 sententiam

290 1605 386 1664 ferens
397 1602 411 1663 ε’
427 1609 494 1680 quia
507 1607 570 1684 ipse
589 1621 647 1664 non
660 1605 766 1665 occidit
778 1608 969 1673 innocentem,
988 1605 1040 1664 sed
1059 1606 1099 1664 illi
1113 1607 1243 1678 quicum
1257 1614 1390 1664 asserunt

290 1701 492 1764 nocentem.'’²
531 1705 590 1764 dlii
610 1714 716 1782 negant
728 1724 794 1764 cum
808 1705 840 1763 S.
856 1703 1068 1775 Beneventum,
1083 1706 1185 1778 quibus
1199 1706 1384 1773 assentimur,
1419 1725 1422 1730 ·

291 1821 380 1876 quum
392 1805 554 1882 respublica
566 1803 673 1864 nullam
686 1806 714 1863 ei
727 1804 885 1864 concedere
898 1805 990 1881 possit
1002 1805 1033 1864 in
1046 1804 1205 1864 innocentis
1218 1805 1308 1868 vitam
1323 1824 1388 1864 auc-

290 1897 457 1962 toritatem³
497 1903 642 1962 (laterum
655 1905 781 1963 moribus
791 1905 896 1963 nostris
906 1903 1058 1962 duodecim
1067 1903 1154 1981 jurati
1166 1902 1301 1964 homiues
1311 1903 1388 1981 judi·

292 2011 357 2060 cant
369 2001 405 2060 da
417 2003 546 2080 crimine,
558 2013 587 2061 et
594 2001 687 2080 judex
697 2013 806 2062 tantum
815 2003 888 2081 legis
899 2003 1078 2071 sententiam,
1089 2021 1146 2075 qua
1155 2019 1240 2077 prena
1251 2004 1387 2071 sancitur,

292 2100 407 2176 profert
450 2103 483 2162 Si
503 2104 568 2176 quis
591 2121 628 2162 ex
648 2101 800 2162 duodecim
820 2110 969 2180 repugnet,
990 2121 1049 2161 non
1067 2101 1170 2178 poterit
1188 2119 1255 2160 reus
1277 2101 1386 2170 baberi,

292 2199 416 2273 ideoque
430 2203 455 2260 si
473 2203 502 2262 ei
522 2201 558 2260 de
578 2201 740 2261 innocentia
761 2211 882 2272 constet,
903 2202 1020 2261 omnino
1041 2201 1124 2260 debet
1142 2217 1315 2277 repugnare.
1356 2202 1388 2260 Si

288 2299 381 2375 judici
394 2310 504 2360 constet
515 2321 553 2360 ex
573 2302 681 2378 privata
700 2302 821 2360 scientia
839 2321 907 2360 eum
925 2319 989 2358 esse
1010 2301 1202 2368 innocentem,
1217 2301 1269 2372 qui
1290 2310 1387 2360 mmen

291 2413 357 2454 reus
370 2397 520 2474 injudicio
533 2400 667 2475 probatus
680 2410 734 2468 est,
748 2409 777 2458 et
795 2399 962 2468 declaratus,
983 2399 1150 2458 sententiam
1163 2399 1315 2475 proferens
1329 2411 1388 2460 tan-

291 2503 353 2552 tum
366 2495 492 2574 fungitur
505 2497 612 2564 officior
626 2515 680 2555 nec
693 2497 804 2556 videtur
823 2518 910 2558 causa
922 2498 1027 2558 efficax
1039 2499 1148 2566 mortis,
1162 2516 1250 2570 quam
1264 2499 1388 2576 plerum-

293 2613 349 2667 que
363 2595 502 2673 impedire
515 2597 599 2666 valet,
612 2597 817 2658 intercessione
831 2597 907 2677 apud
920 2598 1146 2676 gubernatorem.
1181 2597 1215 2656 si
1223 2598 1386 2674 juratorum

292 2693 443 2754 hominum
452 2697 593 2774 judicium
607 2697 677 2756 actis
691 2706 719 2755 et
732 2699 854 2775 probatis
868 2717 927 2758 uon
938 2698 1052 2766 nitatur,
1067 2696 1118 2756 sed
1138 2697 1266 2774 maligno
1277 2699 1384 2766 animo,

292 2793 339 2852 vel
353 2803 458 2854 umere
472 2815 509 2855 ex
522 2798 689 2874 ignorantia,
704 2798 844 2875 prolatum
858 2800 906 2868 sit,
919 2798 1022 2873 poterit
1030 2796 1122 2874 judex
1135 2795 1262 2855 indicare
1276 2815 1329 2856 eos
1343 2799 1385 2856 sui

292 2895 418 2951 muneris
437 2895 541 2952 limites
561 2898 717 2965 excessise,
738 2907 767 2954 et
785 2899 827 2956 rei
844 2899 890 2956 vel
909 2896 981 2973 legis
1001 2915 1096 2956 errore
1116 2895 1254 2956 laborare.
1298 2897 1384 2956 Novo

290 3007 428 3048 concesso
437 2992 547 3066 judicio
560 2996 612 3051 erit
625 2981 771 3066 quomodo
784 3015 862 3055 error
875 2996 1003 3055 tollatur:
1025 2996 1102 3070 quod
1115 2996 1140 3054 si
1155 2995 1250 3073 judici
1263 2997 1303 3056 sit
1321 3015 1383 3074 per-

290 3104 408 3147 suasum
418 3106 499 3147 uuam
512 3093 680 3150 sententiam
693 3095 855 3154 executioni
867 3096 927 3154 fore
938 3093 1172 3163 demandandum,
1188 3096 1238 3154 vix
1251 3107 1384 3171 putamus
1398 3093 1411 3118 ⁶

291 3203 357 3244 eum
370 3206 455 3266 posse
469 3208 532 3248 eam
545 3190 670 3268 prolerre
684 3193 715 3250 in
727 3194 918 3264 innocentem,
930 3195 997 3254 licet
1010 3193 1165 3252 declaratus
1178 3195 1216 3252 sit
1227 3214 1305 3253 reus.
1347 3196 1385 3253 lt

290 3296 388 3347 contra
400 3289 486 3348 sentit
499 3288 640 3359 Oarriere,
656 3301 674 3328 ‘⁶
686 3311 750 3350 cum
764 3293 1004 3370 pronuntiandum
1018 3313 1076 3353 non
1089 3294 1188 3352 habeat
1200 3292 1236 3351 de
1250 3296 1385 3354 iunocen-

292 3387 329 3444 tia
349 3400 396 3447 aut
417 3399 495 3447 reatu
521 3392 653 3459 accusati,
676 3391 727 3450 sed
753 3401 861 3452 tantum
884 3393 919 3452 de
943 3393 1133 3472 applicatione
1156 3389 1301 3469 poenae.”⁴
1340 3394 1384 3452 De

292 3489 468 3547 mutilatione
482 3490 566 3548 etiam
580 3489 762 3568 intelligenda
775 3491 837 3549 hacc
850 3511 913 3566 quae
926 3491 962 3549 de
975 3501 1065 3552 morte
1079 3492 1298 3569 disputavimus.

333 3591 400 3646 lou.
425 3587 530 3646 Peccat
538 3589 629 3666 judex
642 3609 721 3648 reum
735 3591 895 3650 inducendo
909 3585 1110 3660 fraudulenter,
1132 3591 1178 3650 vel
1192 3601 1290 3649 contra
1308 3593 1382 3670 juris

291 3685 419 3748 ordinem
435 3687 514 3746 adse
528 3689 716 3764 prodendum,
731 3691 776 3747 vel
790 3691 884 3770 aliqua
903 3691 1010 3750 utendo
1029 3691 1128 3749 notitia
1143 3691 1249 3768 injuste
1263 3701 1383 3750 extorta.

292 3785 459 3860 Numquam
471 3787 537 3844 licet
549 3807 667 3846 munera
680 3807 732 3865 pro
746 3789 861 3848 ferenda
875 3792 1013 3848 sententia
1022 3791 1162 3867 accipere,
1174 3809 1265 3864 quum
1274 3791 1384 3867 justitia

290 3887 328 3944 sit
341 3885 571 3956 administranda,
581 3889 664 3966 juxta
677 3906 769 3947 causoe
779 3890 889 3957 merita,
900 3909 937 3947 ex
949 3891 1047 3968 legum
1056 3891 1241 3967 prescripto,
1256 3899 1285 3948 et
1292 3889 1384 3966 judex

290 3987 465 4064 erepublica
477 3996 647 4046 sustentetur
661 4006 694 4046 ea
707 3987 868 4048 conditione
882 3999 912 4047 ut
924 3990 1009 4066 gratis
1023 4009 1090 4067 erga
1104 4008 1204 4048 omnes
1218 4008 1271 4048 suo
1284 3989 1383 4066 funga-

323 4191 335 4256 (
383 4193 446 4243 Vide
458 4195 564 4243 Amend.
576 4193 663 4245 Const.
675 4194 706 4244 U.
718 4193 744 4242 S.
755 4202 779 4244 et
791 4193 877 4244 Gonrt.
891 4194 1024 4260 Ponnsylv.
1037 4182 1080 4245 ert,
1089 4196 1145 4254 ix.§
1160 4195 1206 4244 xiv.

325 4275 336 4339 (
382 4281 405 4324 2.
417 4281 441 4326 2.
453 4294 493 4340 qu.
506 4279 563 4328 lxiv.
575 4288 618 4328 art.
631 4296 653 4327 v.
665 4279 694 4328 ed
708 4281 812 4330 tortium.

325 4359 336 4424 (
382 4358 446 4407 Vide
458 4359 589 4411 Ieremiam
598 4363 697 4426 Teylor,
709 4362 802 4413 Ductor
811 4362 894 4414 Dubia
907 4363 922 4413 l.
935 4363 950 4412 i.
962 4380 983 4414 c.
996 4363 1018 4412 2.
1031 4379 1053 4428 p.
1066 4363 1106 4413 st.

326 4447 336 4513 (
382 4444 420 4494 De
429 4443 523 4509 justitia
534 4453 558 4495 et
566 4447 630 4511 jure,
643 4448 690 4496 rol.
702 4447 726 4496 ii.
739 4463 764 4498 n.
777 4449 834 4496 753.
