3068 5256
489 505 545 565 DE
567 505 728 565 TERTIO
748 506 999 567 PRAEOEP'I'O.
1251 517 1290 572 97

204 681 325 748 segetes,
348 673 395 730 vel
416 672 535 740 soenum,
557 671 657 730 diebus
678 672 841 741 dominicis,
862 674 1028 732 imminente
1049 674 1154 750 pluvia,
1174 693 1211 733 ex
1237 694 1294 750 qua

201 790 337 847 magnum
351 771 487 828 damnum
501 773 610 828 timent.
653 771 742 829 Nulla
761 774 845 829 etiam
867 783 911 830 est
923 773 1006 850 culpa
1017 791 1085 830 vasa
1097 773 1241 833 arboribus
1254 793 1292 835 ex

200 871 301 945 quibus
317 870 444 927 sacchari
453 870 547 942 liquor
559 870 631 936 fluit,
643 889 815 946 supponere,
825 890 948 944 eumque
961 872 1097 948 deinceps
1110 872 1139 931 in
1153 891 1202 930 vas
1216 873 1292 932 aliud

199 970 359 1037 transferre,
371 967 483 1041 quando
500 969 740 1045 contingitpaucis
750 980 885 1046 praeterea
901 970 999 1028 diebus
1008 969 1148 1043 liquorem
1156 989 1289 1030 manne:

202 1067 333 1141 quaedam
347 1069 425 1125 enim
439 1067 518 1124 adest
530 1069 694 1126 necessitas.

240 1172 288 1224 85.
312 1165 480 1243 Caupones,
495 1170 544 1238 qui
557 1166 659 1224 clausis
673 1167 795 1225 tabernis
808 1185 853 1224 res
874 1168 1000 1227 minores
1013 1177 1042 1224 et
1054 1167 1210 1240 quotidiani
1222 1187 1291 1228 usus

201 1267 336 1332 vendunt,
358 1274 528 1323 excusantur
550 1267 587 1322 ob
612 1265 807 1324 necessitatem
833 1266 974 1337 quandam
999 1275 1028 1322 et
1045 1268 1290 1327 consuetudinem.

201 1365 258 1430 Qui
271 1383 318 1420 res
332 1365 429 1439 magni
443 1365 526 1438 pretii
539 1365 644 1436 absque
659 1383 744 1422 causa
756 1364 884 1423 vendunt
895 1364 994 1424 diebus
1007 1364 1181 1436 Dominicis,
1194 1368 1290 1443 legem

201 1463 341 1521 Ecclesiae
355 1472 431 1520 certe
444 1463 564 1520 violant:
586 1482 639 1520 nec
659 1472 753 1520 tamen
773 1465 866 1539 gravis
879 1465 969 1540 culpae
983 1463 1136 1521 damnandi
1150 1465 1289 1533 videntur,

200 1563 225 1618 si
237 1580 356 1636 parvum
370 1571 478 1619 tantum
493 1571 606 1638 tempus
620 1562 650 1620 in
664 1563 699 1620 iis
713 1561 867 1621 vendendis
881 1563 1069 1640 impendatur,
1083 1571 1112 1620 et
1124 1564 1200 1622 nulla
1212 1562 1293 1622 detur

201 1659 329 1716 scandali
341 1661 462 1718 occasio.

239 1762 288 1815 86.
318 1759 372 1816 VI.
398 1756 520 1816 Utilitas
535 1758 647 1835 publica
660 1760 718 1816 vim
735 1759 842 1817 obtinet
860 1761 1048 1827 necessitatis,
1063 1771 1236 1836 quapropter
1255 1763 1291 1819 ob

201 1858 347 1915 victoriam
368 1856 575 1930 celebrandam,
598 1858 643 1914 vel
665 1859 750 1915 aliam
769 1857 912 1933 publicam
938 1875 1063 1924 causam,
1086 1868 1294 1918 consueverunt

200 1955 284 2032 plura
296 1956 358 2013 ficri
370 1957 400 2014 in
413 1957 513 2014 diebus
527 1955 702 2024 Dominicis,
717 1975 780 2027 quae
794 1955 862 2012 alias
875 1956 936 2012 fieri
949 1955 1143 2030 prohibentur.

240 2060 288 2114 87.
310 2055 356 2112 De
378 2056 515 2132 temporis
536 2056 627 2131 spatio
643 2055 726 2128 ·quod
745 2055 852 2114 insumi
874 2055 957 2112 dehet
975 2055 1006 2114 iu
1024 2054 1130 2123 labore,
1150 2066 1182 2114 ut
1199 2057 1292 2132 grauis

198 2163 347 2212 censeatur
360 2155 498 2230 praecepti
511 2155 636 2221 violatio,
657 2154 740 2211 variae
760 2163 826 2212 sunt
845 2155 1008 2212 sententie:
1030 2172 1149 2226 quarum
1162 2173 1291 2214 commu·

198 2255 258 2312 nior
272 2255 364 2330 exigit
376 2254 446 2312 duas
461 2254 507 2310 vel
520 2262 576 2310 tres
590 2253 683 2310 horas.
712 2253 769 2320 Qui
776 2262 842 2330 post
853 2253 976 2312 mediam
990 2262 1102 2312 noctem
1115 2253 1290 2322 laboraverit,

199 2353 274 2410 haud
286 2353 370 2410 facile
384 2353 564 2410 damnandus
577 2361 620 2408 est
632 2354 740 2428 peccati
753 2353 888 2421 mortalis,
904 2353 930 2410 si
949 2351 1025 2411 diem
1038 2353 1090 2410 rite
1103 2353 1290 2428 impenderit:

197 2471 251 2510 nec
271 2454 349 2510 enirn
370 2453 450 2510 labor
472 2453 520 2509 ille
540 2460 694 2510 nocturnus
715 2452 785 2510 adeo
802 2461 941 2529 repugnat
954 2451 1010 2510 diei
1023 2453 1216 2510 observantiae.
1259 2453 1292 2509 Si

200 2553 264 2624 quis
278 2553 407 2626 pluribus
422 2550 597 2609 mandaverit
609 2559 641 2608 ut
653 2551 732 2626 operi
753 2551 849 2609 servili
861 2552 946 2610 simul
967 2560 1097 2608 vacarent
1109 2568 1292 2626 perparvum

198 2651 337 2724 temporis
348 2651 480 2725 spatium,
490 2660 559 2726 puta
571 2669 622 2726 per
635 2651 830 2724 quadrantem,
845 2651 979 2721 quaeritur
985 2657 1079 2706 utrum
1093 2649 1186 2724 gravis
1197 2649 1292 2706 delicti

196 2751 261 2824 ipse
275 2766 343 2804 reus
356 2748 504 2805 habendus
517 2749 560 2807 sit.
603 2751 722 2826 Negans
732 2747 960 2805 sententianobis
973 2747 1117 2820 probatur,
1130 2763 1197 2802 narn
1204 2763 1294 2818 quum

196 2847 307 2924 singuli
330 2855 437 2904 tanturn
458 2849 602 2906 venialiter
622 2849 777 2926 peccarint,
798 2849 859 2925 ipse
880 2845 1004 2922 plurium
1023 2845 1177 2904 venialium
1198 2853 1294 2904 auctor

198 2949 345 3015 noscitur;
369 2958 535 3006 nouantem
557 2949 683 3006 nonalis
702 2946 808 3020 delicti.
850 2947 885 3006 In
899 2946 1058 3004 forensibus
1071 2954 1100 3003 et
1107 2944 1290 3026 judicialibus

197 3066 241 3104 res
258 3065 323 3120 quae
338 3049 439 3124 agitur,
454 3049 545 3124 magis
560 3067 647 3120 quam
662 3048 796 3124 temporis
810 3048 933 3123 spatium
947 3045 1105 3105 attenditur.

233 3236 273 3300 (l)
294 3234 413 3284 ieremias
431 3234 524 3299 Taylor
537 3236 564 3286 in
576 3234 681 3284 nimium
693 3234 852 3298 quorumdem
863 3234 967 3295 rigorem
986 3233 1072 3282 merito
1083 3232 1219 3282 invehitur:
1238 3239 1253 3262 ¹¹
1263 3231 1293 3281 In

199 3319 267 3368 those
278 3322 359 3384 places
371 3320 455 3370 where
467 3321 508 3370 the
517 3321 599 3369 offices
611 3319 640 3368 of
646 3321 688 3368 the
696 3319 788 3369 church
800 3335 839 3368 arc
851 3326 895 3367 not
910 3317 1042 3382 expensive
1053 3317 1082 3365 os
1088 3316 1130 3366 the
1141 3315 1221 3364 whole
1235 3314 1292 3378 dep,

200 3407 221 3455 it
232 3406 253 3454 is
271 3407 354 3456 lawsul
366 3415 391 3456 to
403 3407 434 3455 do
449 3408 528 3472 (upon
538 3409 590 3471 Just
601 3407 694 3469 cause)
708 3421 757 3469 any
768 3405 837 3453 work
849 3403 930 3452 thetis
942 3410 985 3452 not
1006 3401 1132 3451 forbidden
1151 3401 1183 3463 by
1196 3414 1241 3446 our
1252 3413 1292 3446 su·

199 3491 297 3554 periore,
306 3508 333 3540 or
352 3491 497 3541 scandalous
508 3499 533 3540 to
545 3507 590 3540 our
606 3491 726 3548 brethren,
737 3490 764 3538 in
781 3489 851 3536 those
870 3486 978 3550 portione
995 3485 1024 3532 os
1037 3483 1078 3532 the
1096 3483 1143 3545 day
1155 3480 1237 3529 which
1250 3495 1291 3528 ure

197 3576 375 3639 uncmployed:
387 3576 435 3626 and
446 3583 471 3625 to
483 3575 548 3638 deny
557 3575 606 3624 this
618 3575 639 3624 is
651 3573 726 3624 called
739 3585 906 3638 perverseness
917 3568 964 3618 and
977 3575 1088 3630 contrary
1100 3573 1126 3615 to
1137 3564 1205 3614 seith.
1227 3563 1291 3630 Cup.

192 3676 296 3729 persen.
308 3659 338 3713 de
348 3676 450 3712 consecr.
462 3659 520 3710 dist.
533 3661 628 3709 3.-Αι
643 3660 680 3710 ior
690 3673 757 3708 some
769 3671 869 3722 persons
881 3661 906 3704 to
918 3653 973 3716 give
985 3652 1131 3703 themselves
1143 3657 1210 3714 great
1221 3651 1291 3700 liber·

202 3747 249 3800 ties
260 3745 288 3794 of
300 3754 366 3810 sport
377 3763 409 3796 on
419 3747 472 3796 that
482 3745 529 3809 day
540 3745 562 3794 is
572 3745 667 3796 neither
677 3744 748 3809 picus
762 3758 806 3792 nor
817 3740 929 3806 prudent,
941 3756 969 3790 so
980 3747 1006 3790 to
1017 3739 1082 3803 deny
1094 3753 1161 3788 some
1172 3744 1198 3787 to
1210 3737 1291 3788 others

196 3831 322 3882 isueither
330 3833 383 3897 just
393 3849 438 3882 nor
449 3829 604 3882 charitablc.”
639 3831 735 3882 Ductor
746 3827 938 3888 Dubitantiuua
949 3826 1001 3878 tit
1013 3843 1034 3876 c.
1046 3829 1070 3875 9·
1082 3839 1106 3890 p.
1114 3824 1172 3872 366.
