3046 5262
259 491 318 546 258
642 483 699 546 DE
721 478 977 550 snRvITUTE.
1035 497 1037 504 '

262 653 364 714 tumvis
378 653 475 726 inique
488 658 516 710 et
528 651 677 712 crudeliter
690 651 834 714 Dominus
846 669 961 710 servum
974 667 1057 710 suum
1079 649 1235 722 habuisset,
1249 649 1351 715 nullatu

262 763 355 812 amen
368 773 386 810 a
399 751 525 810 Domino
539 752 671 828 injuriam
684 753 710 810 ei
724 767 807 810 servo
820 751 881 810 lieri
893 751 1081 810 autumabant.
1103 751 1222 810 Etenim
1233 753 1351 810 servitus

261 851 446 924 aequalitatem
459 859 564 909 naturae
577 851 650 908 inter
662 851 794 910 homines
806 869 864 909 non
878 850 970 908 delet:
993 849 1112 927 proinde
1125 868 1176 926 per
1188 853 1352 910 servitutem

260 949 401 1009 sichomo
414 951 444 1008 in
457 947 585 1008 dominio
599 949 711 1009 alterius
723 967 787 1007 esse
801 950 974 1026 intelligitur,
995 957 1133 1022 quatenus
1147 949 1295 1008 Dominus
1303 953 1352 1028 jus

260 1059 441 1126 perpetuum,
465 1058 494 1105 et
514 1049 679 1107 universum
700 1048 785 1107 habet
803 1049 832 1106 in
855 1066 954 1106 omnes
974 1049 1049 1105 servi
1075 1048 1120 1104 sui
1146 1067 1260 1126 operas,
1283 1065 1352 1123 quas

260 1147 377 1222 quidem
391 1149 425 1206 ab
437 1149 554 1207 homine
567 1147 677 1205 homini
698 1147 825 1224 praestari
844 1147 886 1205 fas
909 1153 971 1214 est;
991 1155 1020 1204 et
1038 1165 1071 1203 ea
1091 1145 1208 1219 quidem
1228 1148 1301 1226 lege,
1322 1157 1353 1206 ut

260 1265 356 1306 curam
370 1247 445 1306 servi
458 1265 555 1324 gerere
570 1245 712 1304 Dominus
725 1245 841 1326 debeat,
849 1247 933 1318 eique
947 1245 1041 1303 officia
1060 1245 1244 1306 humanitatis
1257 1249 1352 1306 omnia

258 1345 385 1404 studiose
407 1355 550 1424 prostare,
569 1354 600 1402 ut
619 1345 686 1403 alibi
706 1344 933 1426 declaravimus.
963 1341 1135 1425 (Spectmen
1152 1343 1304 1413 Element,
1318 1365 1347 1422 p.

259 1445 301 1502 iii.
316 1445 331 1519 §
344 1441 388 1524 4.)
430 1445 557 1502 Servinrs
577 1445 619 1501 sic
639 1443 780 1502 intellecta
799 1461 857 1500 nou
876 1451 984 1520 pugnat
996 1461 1060 1500 cum
1070 1444 1136 1519 jure
1150 1454 1268 1514 naturae,
1284 1444 1352 1503 adeo

259 1551 290 1601 ut
302 1561 419 1620 peccare
433 1545 462 1602 in
474 1543 568 1618 legem
582 1551 686 1599 naturae
700 1541 841 1618 putandus
865 1545 911 1611 sit,
936 1543 984 1614 qui
1005 1560 1104 1600 servos
1126 1542 1218 1612 habet,
1244 1544 1352 1602 eisdem

258 1639 401 1699 moderate
423 1641 526 1698 utitur:
550 1642 661 1698 tametsi
681 1642 809 1698 maximo
837 1642 950 1719 generis
976 1640 1095 1698 humani
1119 1642 1205 1710 bono,
1232 1645 1351 1700 servitur

258 1739 410 1798 christiana
428 1737 644 1798 mansuetudine
663 1741 724 1816 jam
744 1738 855 1816 pridem
877 1739 952 1816 apud
974 1739 1107 1797 cultiores
1127 1750 1225 1816 gentes
1247 1741 1353 1800 sublata

262 1833 353 1897 est.'’¹
395 1839 520 1907 “Quare
535 1837 678 1898 Dominus
692 1839 758 1897 facit
770 1839 903 1916 injuriam
916 1857 1000 1896 servo
1014 1839 1039 1896 si
1053 1856 1120 1897 eum
1133 1839 1277 1897 crudelius
1290 1857 1351 1896 ver-

259 1941 346 2007 beret,
360 1939 385 1996 si
398 1939 488 2000 nimio
501 1939 594 1997 labore
608 1947 728 2016 premat,
742 1938 767 1995 si
780 1939 967 1997 conveniente
980 1939 1057 1996 victu
1078 1957 1111 1994 ac
1124 1939 1228 1996 vestitu
1242 1938 1350 1997 defrau-

260 2038 316 2106 det,
331 2039 355 2095 si
369 2037 473 2098 samam
484 2037 546 2114 ejus
556 2037 664 2114 prodat.
693 2037 838 2111 Rectaque
853 2035 956 2095 Cicero
966 2037 990 2095 I.
1005 2035 1040 2093 de
1054 2036 1103 2094 off.
1118 2056 1181 2113 cap.
1200 2043 1247 2096 13.
1291 2039 1352 2096 Me·
1404 2031 1405 2034 '

261 2138 428 2196 minerimus
442 2145 536 2195 antem
550 2145 578 2194 et
590 2135 725 2194 adversus
739 2136 854 2194 infimos
863 2135 1003 2213 justitiam
1017 2153 1081 2192 esse
1095 2136 1275 2194 servandam.
1299 2137 1351 2194 Est

259 2247 353 2294 autem
372 2237 470 2295 infima
483 2234 607 2294 conditio
630 2244 658 2292 et
677 2234 790 2293 fortuna
807 2243 964 2302 sertorum,
980 2234 1082 2307 quibus
1096 2252 1154 2292 non
1167 2235 1243 2294 male
1258 2237 1351 2312 praeci·

258 2336 349 2410 piunt,
359 2338 409 2407 qui
422 2337 459 2392 ita
468 2335 571 2414 jubent
582 2335 622 2392 uti
635 2343 666 2392 ut
675 2334 866 2402 mercenariis,
876 2351 992 2411 operam
1005 2332 1186 2410 exigendam,
1193 2336 1273 2411 justa
1285 2353 1352 2411 prae·

259 2427 401 2490 benda.'’²
924 2499 930 2512 ,

298 2535 348 2590 39.
375 2531 409 2591 ld
435 2532 523 2606 quatri
545 2540 638 2608 potest
656 2541 751 2590 utrum
770 2531 832 2591 heri
856 2535 969 2610 possint
993 2551 1091 2592 servos
1114 2535 1248 2602 retinere,
1262 2553 1349 2607 quum

261 2649 361 2691 eorum
381 2633 503 2709 majores
529 2631 631 2709 injuria
651 2631 798 2690 videantur
824 2651 861 2690 ex
880 2632 977 2690 Africa
995 2631 1051 2690 huc
1077 2630 1218 2690 traducti?
1261 2633 1351 2690 Nobis

262 2731 459 2792 affirmandum
484 2730 603 2801 videtur,
631 2749 695 2790 narn
722 2732 794 2791 tituli
813 2733 912 2792 vilium
931 2730 1093 2808 longissimi
1113 2731 1250 2808 temporis
1272 2733 1351 2808 lapsu

259 2840 389 2890 sanatum
402 2830 563 2889 habendum
577 2840 629 2897 est,
641 2848 729 2904 quum
743 2832 884 2892 societatis
898 2829 1022 2890 conditio
1036 2831 1104 2889 alias
1117 2832 1226 2888 incerta
1239 2849 1353 2908 semper

261 2930 342 2998 foret,
361 2948 427 2988 curn
442 2930 609 3006 gravissimo
626 2929 767 2988 turbarum
781 2929 916 3006 periculo.
959 2929 1117 2988 Peccarunt
1130 2929 1248 3002 quidem
1263 2931 1351 3002 quivi

260 3030 436 3088 abstulerunt
448 3028 571 3094 invitost
592 3025 642 3084 sed
655 3045 753 3086 eorum
767 3037 895 3103 posteros
909 3028 938 3085 in
951 3029 1084 3087 servitute
1105 3038 1201 3086 tenere
1214 3030 1351 3106 injustum

257 3146 316 3186 non
330 3127 457 3194 videtum
472 3144 505 3183 ca
518 3125 627 3184 scilicet
640 3125 801 3184 conditione
814 3127 871 3183 nati
885 3136 960 3194 sunt,
970 3145 1116 3199 quamnec
1128 3146 1235 3186 exuere
1246 3129 1346 3185 valent.

259 3225 403 3284 Oaeterum
416 3225 548 3295 laudandi
562 3235 627 3284 sunt
641 3226 689 3298 qui
702 3224 884 3283 humanitatis
898 3235 926 3284 et
938 3217 1085 3302 religionis
1096 3225 1189 3285 studio
1202 3245 1254 3284 eos
1267 3228 1347 3285 liber·

259 3335 313 3382 tate
327 3324 433 3383 donant
445 3323 689 3391 manu-mittendO,
704 3323 817 3396 quando
830 3325 912 3401 copia
925 3325 956 3382 fit
966 3325 995 3382 in
1006 3325 1109 3384 Africae
1123 3325 1276 3394 coloniam,
1288 3345 1348 3398 quae

259 3423 373 3485 Liberis
386 3423 495 3491 dicitur,
510 3441 541 3480 se
562 3422 736 3484 conserendi.
778 3424 817 3484 Iis
840 3433 871 3482 nt
884 3424 1041 3492 consulant,
1056 3423 1189 3483 subsidiis
1203 3425 1347 3502 religionis

258 3524 400 3600 prestitis,
420 3522 581 3585 sacerdotes
601 3521 668 3590 duo,
682 3541 719 3585 ex
740 3522 794 3580 hac
807 3523 933 3590 dioecesi,
955 3523 1029 3581 Sede
1046 3524 1212 3600 Apostolica
1220 3525 1346 3601 jubente,

258 3620 321 3679 vela
329 3622 390 3696 jam
401 3621 513 3679 faciunt.

378 3809 422 3874 (l)
441 3807 621 3872 Compendium
633 3808 819 3860 institutionum
832 3812 947 3862 civilium.
965 3811 995 3861 L.
1007 3811 1023 3861 i.
1033 3829 1058 3877 p.
1070 3814 1125 3862 317.
1136 3813 1177 3862 vol
1186 3813 1228 3862 vii.

377 3899 420 3965 (i)
439 3895 523 3946 Gerdil
534 3893 564 3944 dc
571 3895 667 3961 justitia
677 3903 702 3944 ct
715 3897 777 3963 jure,
789 3912 810 3946 c.
820 3899 850 3946 vi.
863 3914 930 3963 prop.
942 3899 975 3948 iii.
1037 3917 1040 3924 ’
