3078 5258
450 447 506 508 DE
529 447 732 508 GENTIUM
753 449 938 510 JURIBUS.
1184 459 1240 513 241

152 614 401 681 contendentibus,
416 622 445 670 et
458 612 585 670 inviolati
598 612 721 672 habendi
734 623 810 682 sunt,
824 615 909 674 etiam
922 616 1030 674 furente
1043 615 1135 674 bello:
1157 619 1207 690 qui
1221 627 1249 674 et

151 717 263 792 legibus
272 715 401 772 locorum
417 713 447 769 in
462 712 565 784 quibus
578 711 685 788 degunt
697 712 774 770 haud
786 714 982 790 subjiciuntur,
997 733 1084 787 quum
1098 733 1243 791 supremo·

154 833 217 874 rum
230 813 393 890 principum
407 812 486 868 vices
500 819 608 886 gerant.
651 811 685 868 Si
698 829 750 869 sua
761 812 908 871 abutantur
920 814 1080 871 auctoritate
1093 814 1122 872 in
1136 815 1247 890 reipub

155 913 227 980 lica,
242 910 320 989 apud
332 928 419 982 quam
434 908 550 985 degunt,
565 917 689 985 apertam
702 910 868 985 pernicicm,
890 911 1042 985 aliquando
1060 911 1246 972 dimittuntur.

154 1011 336 1068 Immunitate
353 1007 476 1084 gaudent
497 1007 551 1080 =qui
576 1009 718 1084 pertinent
738 997 779 1066 ad
798 1009 946 1078 familiam,
968 1019 996 1068 et
1016 1009 1118 1069 domus
1144 1029 1247 1084 resque

153 1111 258 1185 legati:
281 1116 405 1166 attamen
425 1123 559 1181 suprema
579 1105 670 1164 Curia
682 1107 732 1182 jus
746 1106 815 1166 dicit
827 1109 858 1167 in
870 1109 906 1167 iis
920 1127 983 1182 quae
995 1108 1151 1186 legatomrn
1164 1111 1249 1169 inter·

158 1205 249 1266 ιιιηῐ.1
297 1204 441 1264 Foederati
462 1204 558 1261 Status
582 1205 782 1266 Ministrorum
803 1207 887 1283 plena
905 1201 1029 1284 potentia
1048 1210 1248 1268 instructomm

157 1309 276 1366 nomine
290 1321 358 1362 suos
372 1303 532 1379 precipuos
546 1305 661 1362 nuntios
675 1302 753 1379 apud
766 1315 864 1382 gentes
877 1315 987 1364 exteras
1001 1305 1159 1383 designant,
1173 1309 1249 1384 lega-

158 1415 253 1462 torum
266 1421 384 1461 munere
397 1403 515 1460 omisso.
557 1401 700 1479 Legatum
713 1403 791 1462 nolle
805 1405 934 1480 accipere
946 1405 1023 1472 licet,
1046 1406 1071 1462 si
1084 1407 1250 1481 gravissima

157 1504 250 1560 obstet
269 1502 349 1568 ratio,
365 1520 398 1557 v:
421 1520 456 1577 g:
480 1501 556 1572 quod
577 1502 621 1559 vir
639 1503 718 1578 genti
742 1504 779 1560 sit
791 1503 908 1562 omnino
929 1503 1059 1570 invisus;
1080 1521 1143 1576 quae
1157 1513 1251 1562 tannen

158 1604 215 1660 nisi
225 1601 394 1677 explicetur,
409 1599 585 1658 simultatum
596 1601 733 1676 praebebit
746 1603 937 1660 occasionem.
960 1601 1111 1668 Quaefiunt
1121 1602 1248 1679 alegato,

158 1699 295 1776 principis
315 1699 442 1766 nomine,
464 1699 548 1755 robur
562 1700 677 1770 vimque
692 1708 797 1756 certam
807 1719 865 1759 non
878 1701 1015 1768 obtinent,
1029 1701 1084 1758 nisi
1097 1701 1248 1758 accedente

158 1798 367 1859 ratihabitione.

198 1903 246 1956 12.
268 1895 412 1954 Consules
437 1893 567 1952 dicuntur
593 1895 643 1968 qui
669 1895 701 1952 in
727 1896 855 1972 portibus
881 1895 981 1955 alienis
1001 1894 1117 1972 degunt,
1138 1897 1252 1970 negotia

159 1997 270 2054 minora
283 2012 344 2066 quae
359 1992 394 2050 ad
408 1994 613 2052 commercium
627 1993 780 2068 pertinent,
795 1993 886 2070 gentis
906 2013 964 2052 suae
978 1995 1105 2062 nominc,
1119 1996 1249 2052 curaturi.

159 2092 323 2168 Aliquando
345 2092 379 2150 iis
408 2091 575 2152 conceditur
600 2091 750 2148 auctoritas
776 2091 968 2168 componendi
993 2092 1057 2150 lites
1080 2095 1151 2151 inter
1171 2112 1250 2160 suos,

157 2203 278 2267 utraque
301 2199 384 2269 gente
408 2208 471 2250 eam
493 2191 528 2248 iis
548 2189 733 2266 indulgente:
755 2189 806 2248 sed
826 2189 994 2266 plerumque
1015 2211 1050 2250 ea
1071 2204 1177 2260 carent,
1198 2209 1251 2250 nec

158 2293 282 2370 gaudent
294 2290 483 2350 immunitate.
509 2289 619 2348 Eorum
633 2290 742 2366 scripto
756 2290 921 2350 testimonio
935 2289 970 2366 de
984 2291 1068 2350 rebus
1081 2292 1168 2368 gestis
1179 2290 1250 2348 fides

157 2393 273 2470 publica
286 2389 446 2448 adhibetur.

193 2579 236 2644 (l)
255 2585 270 2608 ‘⁸
281 2578 312 2626 ln
321 2576 353 2624 all
365 2589 433 2624 ceses
454 2573 568 2635 affecting
579 2574 753 2632 ambassadors‚
768 2573 837 2623 other
848 2573 930 2638 public
942 2574 1064 2624 miniatem
1081 2575 1129 2624 and
1147 2576 1253 2632 consuls,

153 2664 208 2715 and
218 2663 287 2712 those
299 2659 419 2709 in‘which
436 2667 521 2709 estate
533 2658 595 2708 shall
605 2660 635 2708 be
647 2667 725 2724 party,
734 2658 776 2706 tbe
788 2658 908 2721 Supremo
916 2658 993 2708 Court
1002 2658 1064 2707 shall
1076 2658 1137 2708 hauc
1149 2657 1254 2718 original

148 2743 336 2815 jurisdiction.”
371 2743 455 2795 Const.
465 2743 555 2796 United
567 2743 657 2804 states,
670 2751 713 2792 ert.
727 2743 762 2791 iii.
773 2741 908 2806 ludiciery.
