3046 5262
262 489 321 546 stt
507 481 563 542 DE
585 477 796 542 euocatus
818 479 1108 558 CAPITALIBUS.

262 647 379 708 venialis
401 645 502 724 culpa:
523 646 650 706 moratis
671 655 765 705 aubin
787 649 812 706 si
835 649 979 724 aspiciens
998 649 1038 706 sit
1061 643 1142 704 valde
1169 645 1306 722 proclivis
1327 649 1363 706 ad

260 745 438 808 sodomam:
460 746 506 806 vel
518 747 557 804 ita
578 746 744 820 aspiciendo
764 755 888 806 moretur
901 757 932 806 ut
943 745 1139 804 delectationis
1152 745 1272 803 carnalis
1287 749 1363 823 peri·

260 845 355 906 culum
366 843 473 902 afferat.
514 845 651 922 Aspicere
665 844 796 920 pudenda
812 863 940 922 personae
953 845 1058 903 diversi
1071 861 1158 902 sexus
1172 846 1292 902 mortale
1306 856 1363 914 est,

260 943 371 1002 seclusa
387 945 565 1012 necessitate,
589 944 645 1002 nisi
668 942 816 1002 videantur
837 962 855 1000 a
875 943 970 1020 longe,
985 952 1014 1000 et
1035 951 1163 1019 tempore
1176 943 1375 1003 brevissimo.‘

261 1041 454 1101 Concubitum
473 1043 630 1102 humanum
654 1044 782 1118 aspicere
805 1061 871 1101 cum
897 1042 1083 1102 delectatione
1105 1051 1135 1099 et
1156 1059 1237 1099 mora
1263 1043 1363 1116 aliqua

261 1141 378 1202 mortale
397 1150 450 1200 est.
504 1143 642 1218 Aspicere
660 1141 774 1210 faciem,
794 1142 922 1215 eliasque
948 1151 1041 1218 partes
1067 1141 1202 1199 honestas
1229 1143 1362 1200 mulieris

259 1239 386 1318 pulchrae
400 1259 466 1300 cum
479 1259 558 1298 mora
576 1240 736 1316 periculum
759 1240 852 1308 habet,
876 1250 905 1298 et
926 1258 1042 1318 gravem
1062 1241 1176 1316 culpam
1196 1238 1317 1308 inducit,
1339 1241 1365 1298 si

262 1348 361 1416 pergat
373 1340 438 1412 quis
452 1357 515 1398 eam
529 1341 660 1398 attentius
671 1341 809 1415 aspicere,
817 1339 886 1398 dum
900 1341 1037 1416 genitales
1045 1339 1161 1414 spiritus
1172 1339 1361 1406 commoveri,

262 1439 309 1497 vel
321 1457 353 1496 se
367 1439 565 1498 vehementius
574 1439 673 1498 tentari
683 1426 718 1496 ad
728 1439 988 1516 concupiscendum
997 1437 1063 1496 inde
1073 1439 1168 1496 sentit.
1191 1446 1211 1472 ⁴⁶
1221 1438 1365 1514 Aspicere

264 1549 359 1597 autem
381 1547 473 1615 partes
503 1538 598 1596 minus
624 1539 767 1606 honestas,
792 1537 842 1595 sed
868 1537 943 1595 haud
970 1547 1066 1614 turpes
1092 1535 1229 1604 mulieris,
1254 1537 1367 1594 scilicet

263 1645 372 1714 pectus,
386 1637 509 1702 brachia,
520 1655 611 1704 crura,
625 1637 738 1694 secluso
750 1636 878 1712 periculo
890 1637 998 1712 lapsus,
1017 1644 1046 1695 et
1058 1634 1144 1693 modo
1159 1643 1292 1711 aspectus
1306 1653 1367 1693 non

262 1735 300 1792 sit
312 1732 471 1802 diuturnus,
486 1734 521 1793 de
541 1753 573 1792 se
586 1753 644 1795 nou
658 1745 702 1794 ast
713 1728 879 1804 mortale‚”²
892 1736 1023 1811 quamvis
1046 1734 1128 1791 facile
1148 1735 1267 1792 mortale
1282 1736 1320 1791 sit
1333 1736 1366 1792 in

264 1833 418 1910 aspiciente
431 1833 511 1892 valde
525 1834 703 1894 adveneram
716 1834 845 1912 proclivi.
887 1844 908 1880 t‘
917 1835 1054 1911 aspicere
1074 1833 1198 1908 picturas
1212 1834 1366 1892 obscoenas

264 1942 373 1992 tautum
385 1951 423 1990 ex
436 1934 607 2002 curiositate,
628 1954 686 1993 non
705 1943 749 1992 est
764 1934 892 2003 mortale,
914 1934 939 1991 si
958 1932 1108 1992 delectatio
1128 1933 1229 2009 turpis,
1253 1942 1282 1988 et
1299 1934 1365 2008 ejus

264 2031 424 2108 periculum
447 2025 567 2092 absit.’'²
606 2035 742 2092 Morosus
762 2043 857 2091 tamen
878 2042 1009 2112 aspectus
1023 2031 1221 2110 pudendorum
1234 2031 1366 2089 mulieris

264 2129 383 2206 depicta
397 2133 446 2190 vix
459 2141 639 2190 excusatura
655 2133 777 2201 mortali,
791 2150 879 2205 quum
893 2133 1013 2208 periculi
1026 2131 1129 2208 plenus
1142 2131 1189 2187 sit.

307 2233 374 2288 104.
396 2230 492 2289 Verba
513 2233 604 2306 turpia
626 2232 751 2308 proferre
775 2232 821 2289 vel
843 2230 939 2289 audire
965 2233 1002 2290 ob
1022 2247 1127 2287 venum
1147 2229 1292 2295 solatium,
1314 2245 1365 2286 seu

260 2329 370 2403 jocum,
381 2329 499 2388 venialis
513 2329 613 2390 saltem
626 2331 711 2406 culpa
723 2339 785 2388 est:
800 2330 928 2388 mortalis
941 2339 1045 2396 autem,
1055 2329 1079 2385 si
1093 2326 1305 2403 proferentibus
1318 2327 1364 2384 vel

263 2424 440 2483 audientibus
453 2428 511 2484 sint
522 2427 634 2484 occasio
647 2445 741 2503 pravae
755 2426 948 2485 delectationis
959 2437 987 2484 et
995 2428 1083 2485 ruina
1097 2425 1263 2501 spiritualis.
1295 2423 1365 2482 Ideo

264 2524 314 2586 uix
323 2524 513 2599 aculpagravi
526 2526 658 2582 excusari
675 2532 794 2600 possunt
802 2525 851 2596 qui
861 2543 958 2585 coram
968 2525 1196 2584 adolescentibus
1206 2523 1364 2599 praesertim

265 2621 301 2681 de
311 2622 398 2691 coitu,
413 2621 458 2680 vel
465 2621 606 2698 pudendis
620 2623 733 2682 alterius
747 2640 836 2681 sexus
850 2632 980 2692 uacent,
991 2624 1117 2682 maxime
1131 2621 1246 2694 quando
1260 2621 1365 2679 diutur-

266 2740 335 2782 num
348 2722 380 2779 fit
392 2721 427 2780 de
440 2721 475 2778 iis
489 2722 675 2795 colloquium.
717 2722 789 2789 Quae
804 2729 896 2781 autem
910 2724 1001 2782 obiter
1023 2721 1154 2780 dicuntur
1165 2721 1289 2778 venialia
1301 2737 1364 2778 esse

265 2830 395 2897 possunt
437 2819 518 2879 Idem
531 2821 683 2880 dicendum
696 2821 731 2879 de
745 2818 892 2879 cantilenis
906 2822 1066 2888 obscoenis3
1090 2822 1115 2878 si
1126 2821 1203 2877 enim
1217 2818 1301 2876 valde
1313 2819 1364 2876 im-

265 2918 373 2993 pellant
385 2917 421 2974 ad
434 2936 578 2986 venerem,
593 2939 642 2978 eas
656 2929 812 2987 cantantes,
826 2919 873 2978 vel
885 2939 951 2980 cum
965 2919 1108 2996 voluptate
1122 2916 1281 2986 audientes,
1302 2935 1364 2993 pec-

265 3023 359 3070 catum
372 3015 490 3072 mortale
503 3015 669 3074 admittunt:
691 3019 716 3074 si
737 3018 838 3076 leviter
856 3019 914 3076 sint
932 3021 1084 3086 obsooenm,
1098 3016 1220 3074 venialis
1234 3017 1288 3073 erit
1301 3033 1364 3073 can·

266 3111 383 3168 mudum
393 3111 487 3189 culpa,
496 3112 650 3172 dummodo
659 3116 776 3173 interius
786 3115 840 3174 sibi
851 3135 909 3175 non
919 3118 1115 3194 complaceant
1123 3117 1154 3174 in
1163 3116 1249 3172 rebus
1260 3115 1361 3191 pravis.

264 3209 283 3268 J
286 3219 409 3268 aetantes
424 3229 476 3270 sua
489 3211 596 3288 flagitia
616 3212 758 3291 duplicem
778 3223 885 3274 reatum
899 3217 983 3276 facile
997 3215 1176 3282 contrahunt,
1191 3231 1281 3286 quum
1296 3213 1363 3271 alios

265 3310 392 3370 excitent
404 3309 439 3368 ad
449 3312 633 3388 peccandum,
649 3323 677 3371 et
689 3315 719 3373 in
729 3315 787 3372 suis
797 3315 920 3391 peccatis
929 3316 981 3373 sibi
992 3314 1198 3391 complaceant.
1221 3312 1362 3388 Legentes

264 3411 352 3469 libros
372 3412 522 3470 obscoenos
543 3413 666 3489 gravitm
682 3423 810 3490 peccant,
834 3416 946 3486 quoties
969 3415 1058 3490 turpis
1081 3412 1279 3470 delectationis
1300 3410 1362 3468 inde

266 3510 354 3568 oriur
366 3511 529 3584 proximum
542 3512 708 3587 periculum,
723 3512 801 3585 quod
814 3513 864 3570 vix
877 3514 1032 3590 juvenibus
1055 3511 1145 3570 deest.
1189 3511 1362 3575 Scribentes,

265 3607 473 3684 imprimentes,
488 3610 653 3680 vendentes,
676 3621 704 3670 at
726 3611 939 3670 commodantes
963 3594 1129 3688 hujusmodi
1151 3610 1239 3669 libros
1253 3607 1361 3684 peccati

268 3707 362 3784 gravis
376 3707 417 3764 rei
430 3715 506 3765 sunt.

262 3787 288 3860 ,¹
309 3809 376 3863 105.
397 3804 532 3864 Luxuria
558 3806 657 3886 viuum
684 3810 842 3866 coecitatem
868 3810 972 3867 mentis
999 3808 1081 3885 parit,
1108 3825 1176 3865 nam
1203 3804 1362 3862 “animalis

266 3904 354 3964 homo
367 3924 424 3964 non
434 3906 555 3982 percipit
567 3923 600 3962 ca
613 3925 676 3978 quos
690 3917 756 3965 sunt
766 3907 891 3982 Spiritus
906 3907 979 3966 Dei:
1001 3905 1120 3964 stultitia
1133 3907 1209 3964 euim
1228 3913 1272 3962 est
1284 3901 1324 3960 illi
1337 3911 1362 3958 et

266 4021 324 4060 non
338 4013 431 4079 potest
443 4005 614 4084 intelligere:
637 4007 703 4078 quia
712 4005 893 4083 spiritualiter
906 3999 1133 4066 examinatur.’'³
1175 4012 1195 4040 “
1207 3997 1359 4066 Stultitia,”

372 4209 408 4267 (l)
429 4206 455 4254 Β.
466 4209 618 4273 Alpbonsua,
630 4211 646 4259 l.
656 4211 692 4260 iil.
704 4225 729 4260 ιι.
740 4209 799 4258 493.
996 4211 1039 4276 (2)
1059 4207 1159 4266 Ibidem,
1170 4221 1195 4256 ιι.
1209 4207 1267 4255 424.

698 4293 738 4359 (³)
760 4294 771 4341 l
791 4293 937 4345 ccciiii.
