3076 5260
255 465 314 522 324
503 458 559 518 DE
581 457 791 518 PEOCATIS
813 457 1102 519 CAPITALIBUS.

255 627 371 686 lectioni
393 623 566 684 vacandum:
590 625 696 682 “Ama
715 623 864 682 scientiam
887 623 1107 700 Scripturarum,
1127 633 1156 682 et
1177 627 1271 682 carnis
1285 628 1357 686 vitia

258 745 316 786 non
330 725 447 784 amabis.
461 766 468 781 .
482 765 489 780 .
502 723 625 782 ..Facito
638 721 746 798 aliquid
759 723 865 799 operis,
878 731 911 780 nt
922 733 948 780 te
962 741 1077 800 semper
1087 723 1215 783 diabolus
1226 725 1356 784 inveniat

301 928 368 983 107.
391 923 482 981 Notat
501 921 534 979 S.
555 922 732 998 Alphcnsus,
754 921 778 979 1.
800 921 876 995 quod
897 921 964 979 “ad
984 921 1162 998 repellendas
1183 925 1355 982 tentationes

257 1023 395 1089 carnales,
410 1020 507 1093 quoad
519 1038 647 1088 sensum,
662 1020 743 1079 valde
757 1019 882 1097 prodest,
902 1032 934 1078 ut
946 1023 1153 1084 commotiones
1167 1040 1356 1098 compescan-

256 1132 310 1189 tur,
331 1131 427 1198 partes
448 1130 606 1178 commotas
630 1120 756 1178 vestibus
780 1128 876 1195 tegere
899 1139 931 1178 ac
954 1122 1159 1197 comprimere3
1181 1131 1212 1178 ut
1233 1121 1357 1180 advertit

256 1220 373 1294 quidam
389 1231 487 1278 auctor
505 1217 668 1276 modernus.
711 1217 814 1284 Quoad
832 1229 959 1278 mentem
978 1229 1072 1278 autem
1095 1220 1323 1296 praeservandam
1338 1240 1357 1278 a

256 1337 412 1386 consensu,
431 1317 548 1395 prodest
566 1337 635 1376 sane
656 1318 789 1394 cogitatio
808 1316 843 1374 de
865 1320 997 1394 passione
1017 1318 1089 1377 Jesu
1110 1318 1230 1386 Christi,
1251 1318 1355 1376 uelde

257 1421 353 1496 paenis
367 1417 482 1484 inferni,
493 1418 539 1474 vel
553 1416 588 1476 de
601 1427 701 1485 morte,
712 1416 768 1474 dcc.
780 1426 809 1474 et
820 1418 905 1474 etiam
918 1417 952 1474 de
963 1419 1087 1476 cruciatu
1097 1435 1252 1486 remorsus,
1266 1437 1356 1490 quem

257 1519 360 1594 patitur
383 1517 478 1575 anima
500 1526 566 1592 post
586 1525 735 1592 peccatum
758 1525 906 1590 patratum.
949 1517 1045 1593 Magis
1067 1516 1134 1574 verb
1157 1518 1354 1574 necessarium

258 1617 312 1674 erit
324 1618 353 1674 in
364 1614 529 1691 hujusmodi
544 1616 784 1691 concupiscentiis
802 1614 836 1673 ad
856 1615 1013 1674 orationem
1031 1635 1184 1674 recurrere.
1226 1615 1355 1674 Castitas

258 1714 336 1772 enim
350 1713 468 1771 nonnisi
482 1733 498 1770 a
512 1713 576 1772 Deo
590 1713 763 1772 obtinetur.”
780 1756 787 1770 .
801 1754 808 1771 .
822 1756 829 1770 .
865 1713 1061 1773 “Notandum
1079 1715 1118 1773 11.
1133 1733 1190 1773 non
1203 1734 1269 1772 esse
1283 1716 1356 1773 obli·

260 1814 403 1890 gationem
418 1813 541 1870 motibus
555 1814 713 1872 carnalibus
727 1811 878 1870 resistendi
896 1815 1029 1889 positive,
1051 1815 1077 1870 si
1085 1815 1163 1891 justa
1183 1814 1257 1873 adsit
1269 1833 1357 1872 causa

259 1931 318 1971 non
331 1909 493 1978 resistendi,
508 1929 614 1986 nempe
634 1913 659 1968 si
679 1913 745 1984 quis
766 1892 901 1988 erpertus
915 1914 952 1970 sit
971 1913 1129 1971 resistendo
1146 1914 1238 1989 magis
1258 1923 1355 1972 motus

259 2012 378 2070 excitari
392 2019 421 2068 et
433 2011 550 2086 augeri3
565 2009 610 2067 vel
623 2011 647 2066 si
661 2020 753 2069 motus
768 2021 860 2070 ortum
870 2011 994 2069 habeant
1005 2031 1042 2070 ex
1056 2014 1166 2071 actione
1179 2014 1353 2080 necessaria,

259 2110 304 2168 vel
318 2111 396 2167 utili:
420 2127 446 2166 v.
462 2127 497 2184 g:
520 2125 557 2166 ex
577 2106 717 2167 auditione
738 2109 960 2178 confessionum,
980 2129 1018 2168 ex
1038 2112 1160 2170 lectione
1182 2131 1276 2170 rernm
1298 2124 1355 2170 tur-

259 2210 341 2284 pium
355 2209 427 2266 scitu
440 2207 564 2275 utilium,
578 2225 615 2264 ex
630 2215 703 2264 tactu
717 2210 879 2267 necessario
893 2208 929 2266 ad
941 2209 1124 2279 medendum,
1138 2221 1166 2268 et
1178 2204 1318 2269 simili.'’²

300 2311 369 2364 108.
392 2306 550 2364 Mulierum
562 2306 652 2363 nimia
670 2306 844 2366 familiaritas
857 2307 972 2366 vitanda
984 2319 1044 2367 est:
1067 2318 1087 2345 ‘⁶
1098 2309 1132 2368 In
1145 2309 1242 2367 medio
1255 2311 1356 2368 mulie-

259 2423 321 2462 rum
335 2405 395 2462 noli
410 2405 596 2461 commorari:
618 2401 653 2459 de
667 2405 846 2464 vestimentis
859 2407 936 2464 enim
950 2409 1076 2484 procedit
1096 2410 1179 2476 tinea,
1202 2420 1230 2467 et
1243 2431 1259 2466 a
1273 2407 1355 2468 muli·

258 2522 304 2562 ere
319 2503 454 2577 iniquitas
470 2494 570 2559 viri.”³
610 2501 721 2559 Sensus
735 2502 841 2562 idcirco
861 2506 1041 2566 custodiendi
1051 2517 1126 2576 sunt,
1147 2527 1195 2575 ne,
1210 2510 1304 2566 oculis
1323 2510 1353 2567 in

260 2605 394 2662 mulieres
405 2601 624 2669 declinantibus,
633 2601 774 2678 cupiditas
785 2623 873 2679 prava
882 2615 1012 2663 nascatur
1023 2626 1031 2674 ς
1049 2608 1213 2684 “Speciem
1227 2609 1353 2667 mulieris

261 2703 359 2767 alienae
382 2703 463 2762 multi
485 2702 613 2762 admirati
635 2703 750 2779 reprobi
771 2702 839 2760 iacti
865 2711 951 2761 sunt:
982 2705 1154 2778 colloquium
1177 2709 1257 2765 enirn
1280 2709 1353 2766 illius

260 2805 343 2874 quasi
376 2803 450 2878 ignis
483 2797 692 2860 exardescit.”⁴
732 2802 902 2859 Proeclarum
935 2803 1016 2860 nobis
1048 2805 1155 2880 praebet
1185 2808 1351 2884 exemplum

259 2901 331 2958 Job:
360 2901 494 2975 “Pepigi
515 2900 607 2957 foedus
633 2919 698 2957 cum
720 2899 812 2958 oeulis
838 2901 921 2969 meis,
943 2910 1031 2960 utne
1057 2904 1211 2980 cogitarem
1238 2908 1352 2978 quidem

259 2997 294 3052 de
339 2990 498 3073 virgine.’'³
553 2997 646 3053 “Per
685 2999 811 3071 quinque
843 2999 976 3068 sensus,”
1016 3002 1108 3073 inquit
1145 3000 1354 3082 Hieronymus,

259 3102 278 3130 ⁴‘
291 3094 372 3166 quasi
386 3112 437 3170 per
456 3093 593 3164 quasdam
614 3093 760 3162 fenestras,
783 3098 915 3155 vitiorum
936 3097 971 3155 ad
991 3100 1114 3158 animam
1134 3103 1267 3162 introitus
1281 3103 1352 3160 est.”

260 3235 267 3250 .
290 3234 297 3249 .
321 3235 328 3250 .
369 3193 479 3251 Sensus
505 3212 657 3270 corporum
685 3196 767 3266 quasi
786 3197 853 3268 equi
879 3207 946 3254 sunt
972 3198 1033 3255 sine
1056 3200 1165 3257 ratione
1186 3214 1353 3269 currentes;

259 3290 430 3350 animaverit
445 3294 474 3350 in
489 3295 593 3370 aurigae
615 3293 729 3352 modum
750 3297 852 3354 retinet
871 3294 950 3353 srena
969 3299 1152 3366 currentium,
1167 3311 1196 3357 et
1210 3302 1353 3372 quomodo

258 3394 326 3466 equi
340 3394 446 3465 absque
460 3401 568 3452 rectora
589 3392 746 3468 praecipites
768 3402 861 3461 ruunt,
882 3395 920 3452 ita
940 3414 1042 3472 corpus
1064 3398 1125 3455 sine
1139 3399 1247 3456 ratione
1261 3411 1290 3458 et
1302 3402 1352 3458 irn-

258 3492 338 3568 perio
352 3494 453 3550 animae
467 3492 496 3550 in
510 3511 592 3550 suum
606 3491 692 3549 sertur
705 3486 896 3550 interitum.”⁶

302 3595 369 3648 109.
391 3591 491 3650 Oratio
511 3591 688 3666 praecipuum
711 3601 756 3648 est
775 3590 934 3649 subsidium
949 3612 1007 3665 quo
1027 3593 1139 3653 hostem
1159 3615 1295 3672 superare
1310 3617 1352 3656 va·

260 3690 390 3748 learnus:
425 3689 567 3765 Apostolo
600 3699 755 3764 praeeunte,
782 3693 831 3762 qui
863 3690 1009 3750 stimulum
1042 3696 1135 3752 carnis
1167 3714 1282 3772 passus,
1315 3707 1353 3755 ter

260 3789 418 3848 Dominum
432 3788 550 3863 rogavit,
564 3796 595 3845 ut
607 3787 785 3845 discederet:
809 3798 829 3824 ‘⁶
840 3799 868 3846 et
881 3787 953 3846 dixit
971 3791 1062 3849 mihi:
1084 3793 1190 3852 sufficit
1202 3797 1252 3854 tibi
1267 3797 1351 3872 gratia

211 3943 214 3950 .
261 3907 343 3947 mea:
365 3907 431 3946 narn
444 3887 531 3945 virtus
545 3887 575 3944 in
589 3886 751 3945 infirmitate
771 3880 961 3962 perficitur.⁷”
1004 3890 1083 3949 Hinc
1097 3897 1253 3969 praesertim
1268 3904 1349 3952 teuta·

328 4093 368 4156 (1)
387 4093 412 4142 S.
424 4091 570 4158 Hieronym.
581 4109 617 4158 ep,
631 4092 662 4142 iv.
787 4094 827 4159 (2)
842 4091 924 4143 Tract.
933 4095 964 4144 de
975 4110 1027 4160 pec.
1040 4097 1055 4146 1.
1067 4113 1089 4144 v.
1103 4114 1124 4147 c.
1136 4097 1151 4147 'a
1163 4098 1220 4148 dub.
1233 4099 1284 4148 lu.
1296 4101 1318 4146 8.

787 4179 826 4242 (4)

328 4177 370 4240 (3)
385 4177 451 4227 uret
464 4177 515 4228 xlii.
531 4181 568 4226 la.
841 4178 932 4229 Ibidem
944 4180 976 4229 ir.
992 4183 1029 4230 ll.

326 4261 368 4322 (6)
389 4258 417 4306 L.
427 4258 451 4308 ii.
462 4269 546 4310 contra
557 4262 680 4312 Joviulsn.
778 4263 827 4328 (6)
838 4263 885 4311 Job
895 4263 964 4314 xxxi.
980 4267 1001 4313 l.

669 4345 709 4408 (7)
723 4347 739 4391 2
752 4342 809 4393 Gor.
822 4343 863 4392 xii
877 4346 900 4395 9.
