<?xml version="1.0" encoding="UTF-8"?>
<!DOCTYPE html PUBLIC "-//W3C//DTD XHTML 1.0 Transitional//EN"
    "http://www.w3.org/TR/xhtml1/DTD/xhtml1-transitional.dtd">
<html xmlns="http://www.w3.org/1999/xhtml" xml:lang="en" lang="en">
 <head>
  <title>
</title>
<meta http-equiv="Content-Type" content="text/html;charset=utf-8" />
  <meta name='ocr-system' content='tesseract 3.04.00' />
  <meta name='ocr-capabilities' content='ocr_page ocr_carea ocr_par ocr_line ocrx_word'/>
</head>
<body>
  <div class='ocr_page' id='page_1' title='image "./theologiaemoral03kenrgoog_0230.png"; bbox 0 0 3078 5258; ppageno 0'>
   <div class='ocr_carea' id='block_1_1' title="bbox 385 507 1257 574">
    <p class='ocr_par' dir='ltr' id='par_1_1' title="bbox 385 507 1257 574">
     <span class='ocr_line' id='line_1_1' title="bbox 385 507 1257 574; baseline 0.005 -4"><span class='ocrx_word' id='word_1_1' title='bbox 385 509 443 570; x_wconf 85' lang='lat' dir='ltr'><strong>DE</strong></span> <span class='ocrx_word' id='word_1_2' title='bbox 463 507 641 568; x_wconf 86' lang='lat' dir='ltr'>JEJUNIO</span> <span class='ocrx_word' id='word_1_3' title='bbox 662 509 720 568; x_wconf 84' lang='lat' dir='ltr'><strong>ET</strong></span> <span class='ocrx_word' id='word_1_4' title='bbox 740 509 1041 572; x_wconf 78' lang='lat' dir='ltr'><strong>ABSTINENTIA.</strong></span> <span class='ocrx_word' id='word_1_5' title='bbox 1200 519 1257 574; x_wconf 78' lang='lat'><strong>211</strong></span> 
     </span>
    </p>
   </div>
   <div class='ocr_carea' id='block_1_2' title="bbox 106 674 1276 4130">
    <p class='ocr_par' dir='ltr' id='par_1_2' title="bbox 165 674 1260 853">
     <span class='ocr_line' id='line_1_2' title="bbox 165 674 1260 751; baseline 0.004 -17"><span class='ocrx_word' id='word_1_6' title='bbox 165 675 372 737; x_wconf 81' lang='lat' dir='ltr'><strong>medicinarum</strong></span> <span class='ocrx_word' id='word_1_7' title='bbox 386 676 556 751; x_wconf 73' lang='lat' dir='ltr'>assumptio,</span> <span class='ocrx_word' id='word_1_8' title='bbox 577 675 634 733; x_wconf 88' lang='lat' dir='ltr'><strong>uisi</strong></span> <span class='ocrx_word' id='word_1_9' title='bbox 656 674 728 734; x_wconf 88' lang='lat' dir='ltr'><strong>forte</strong></span> <span class='ocrx_word' id='word_1_10' title='bbox 748 676 852 750; x_wconf 87' lang='lat' dir='ltr'><strong>aliquis</strong></span> <span class='ocrx_word' id='word_1_11' title='bbox 866 676 895 736; x_wconf 92' lang='lat' dir='ltr'><strong>iu</strong></span> <span class='ocrx_word' id='word_1_12' title='bbox 917 675 1045 736; x_wconf 81' lang='lat' dir='ltr'><strong>fraudem</strong></span> <span class='ocrx_word' id='word_1_13' title='bbox 1065 677 1218 736; x_wconf 81' lang='lat' dir='ltr'><strong>electuaria</strong></span> <span class='ocrx_word' id='word_1_14' title='bbox 1230 680 1260 738; x_wconf 90' lang='lat' dir='ltr'><strong>iu</strong></span> 
     </span>
     <span class='ocr_line' id='line_1_3' title="bbox 166 769 885 853; baseline 0.001 -19"><span class='ocrx_word' id='word_1_15' title='bbox 166 794 269 853; x_wconf 82' lang='lat' dir='ltr'><strong>magua</strong></span> <span class='ocrx_word' id='word_1_16' title='bbox 281 769 436 850; x_wconf 84' lang='lat' dir='ltr'><strong>quantitate</strong></span> <span class='ocrx_word' id='word_1_17' title='bbox 449 783 575 832; x_wconf 84' lang='lat' dir='ltr'><strong>assumat</strong></span> <span class='ocrx_word' id='word_1_18' title='bbox 586 791 638 849; x_wconf 91' lang='lat' dir='ltr'><strong>per</strong></span> <span class='ocrx_word' id='word_1_19' title='bbox 650 773 768 834; x_wconf 91' lang='lat' dir='ltr'><strong>modum</strong></span> <span class='ocrx_word' id='word_1_20' title='bbox 780 771 885 834; x_wconf 85' lang='lat' dir='ltr'><strong>cibi.&#39;’¹</strong></span> 
     </span>
    </p>

    <p class='ocr_par' dir='ltr' id='par_1_3' title="bbox 162 869 1262 1447">
     <span class='ocr_line' id='line_1_4' title="bbox 206 869 1261 952; baseline 0.001 -18"><span class='ocrx_word' id='word_1_21' title='bbox 206 877 255 934; x_wconf 77' lang='lat' dir='ltr'><strong>ts.</strong></span> <span class='ocrx_word' id='word_1_22' title='bbox 278 869 356 942; x_wconf 62' lang='lat' dir='ltr'><strong>The,</strong></span> <span class='ocrx_word' id='word_1_23' title='bbox 371 883 399 932; x_wconf 88' lang='lat' dir='ltr'><strong>et</strong></span> <span class='ocrx_word' id='word_1_24' title='bbox 412 871 497 930; x_wconf 68' lang='lat' dir='ltr'><strong>Galle*</strong></span> <span class='ocrx_word' id='word_1_25' title='bbox 510 872 634 949; x_wconf 91' lang='lat' dir='ltr'><strong>potando</strong></span> <span class='ocrx_word' id='word_1_26' title='bbox 647 891 759 932; x_wconf 88' lang='lat' dir='ltr'><strong>sumere</strong></span> <span class='ocrx_word' id='word_1_27' title='bbox 773 877 803 933; x_wconf 91' lang='lat' dir='ltr'><strong>in</strong></span> <span class='ocrx_word' id='word_1_28' title='bbox 816 873 915 934; x_wconf 86' lang='lat' dir='ltr'><strong>diebus</strong></span> <span class='ocrx_word' id='word_1_29' title='bbox 931 875 1035 952; x_wconf 86' lang='lat' dir='ltr'><strong>jejunii</strong></span> <span class='ocrx_word' id='word_1_30' title='bbox 1047 875 1124 934; x_wconf 82' lang='lat' dir='ltr'><strong>uussa</strong></span> <span class='ocrx_word' id='word_1_31' title='bbox 1137 875 1201 952; x_wconf 83' lang='lat' dir='ltr'><strong>lege</strong></span> <span class='ocrx_word' id='word_1_32' title='bbox 1214 895 1261 936; x_wconf 83' lang='lat' dir='ltr'><strong>ve·</strong></span> 
     </span>
     <span class='ocr_line' id='line_1_5' title="bbox 166 970 1261 1052; baseline 0.004 -22"><span class='ocrx_word' id='word_1_33' title='bbox 166 981 247 1042; x_wconf 88' lang='lat' dir='ltr'><strong>tatur,</strong></span> <span class='ocrx_word' id='word_1_34' title='bbox 274 974 326 1032; x_wconf 90' lang='lat' dir='ltr'><strong>sed</strong></span> <span class='ocrx_word' id='word_1_35' title='bbox 357 973 476 1032; x_wconf 89' lang='lat' dir='ltr'><strong>omuino</strong></span> <span class='ocrx_word' id='word_1_36' title='bbox 502 970 537 1029; x_wconf 88' lang='lat' dir='ltr'><strong>ad</strong></span> <span class='ocrx_word' id='word_1_37' title='bbox 564 972 675 1030; x_wconf 86' lang='lat' dir='ltr'><strong>libitum</strong></span> <span class='ocrx_word' id='word_1_38' title='bbox 702 973 882 1049; x_wconf 79' lang='lat' dir='ltr'><strong>permittitur.</strong></span> <span class='ocrx_word' id='word_1_39' title='bbox 934 972 1099 1032; x_wconf 82' lang='lat' dir='ltr'><strong>Ohocolatis</strong></span> <span class='ocrx_word' id='word_1_40' title='bbox 1125 975 1261 1052; x_wconf 78' lang='lat' dir='ltr'>cyathum</span> 
     </span>
     <span class='ocr_line' id='line_1_6' title="bbox 167 1071 1262 1149; baseline 0.004 -19"><span class='ocrx_word' id='word_1_41' title='bbox 167 1073 253 1134; x_wconf 89' lang='lat' dir='ltr'><strong>etiam</strong></span> <span class='ocrx_word' id='word_1_42' title='bbox 267 1075 359 1132; x_wconf 88' lang='lat' dir='ltr'><strong>semel</strong></span> <span class='ocrx_word' id='word_1_43' title='bbox 372 1073 402 1130; x_wconf 89' lang='lat' dir='ltr'><strong>iu</strong></span> <span class='ocrx_word' id='word_1_44' title='bbox 415 1071 460 1130; x_wconf 89' lang='lat' dir='ltr'><strong>die</strong></span> <span class='ocrx_word' id='word_1_45' title='bbox 475 1072 580 1149; x_wconf 86' lang='lat' dir='ltr'><strong>jejunii</strong></span> <span class='ocrx_word' id='word_1_46' title='bbox 601 1090 725 1141; x_wconf 88' lang='lat' dir='ltr'><strong>sumere,</strong></span> <span class='ocrx_word' id='word_1_47' title='bbox 739 1075 852 1132; x_wconf 68' lang='lat' dir='ltr'><strong>uncum</strong></span> <span class='ocrx_word' id='word_1_48' title='bbox 872 1074 980 1132; x_wconf 84' lang='lat' dir='ltr'><strong>scilicet</strong></span> <span class='ocrx_word' id='word_1_49' title='bbox 998 1093 1064 1132; x_wconf 89' lang='lat' dir='ltr'><strong>cum</strong></span> <span class='ocrx_word' id='word_1_50' title='bbox 1078 1073 1197 1134; x_wconf 91' lang='lat' dir='ltr'><strong>dimidio</strong></span> <span class='ocrx_word' id='word_1_51' title='bbox 1210 1076 1262 1134; x_wconf 90' lang='lat' dir='ltr'><strong>cir·</strong></span> 
     </span>
     <span class='ocr_line' id='line_1_7' title="bbox 169 1171 1262 1250; baseline 0.002 -20"><span class='ocrx_word' id='word_1_52' title='bbox 169 1172 237 1231; x_wconf 87' lang='lat' dir='ltr'><strong>citer</strong></span> <span class='ocrx_word' id='word_1_53' title='bbox 249 1192 330 1246; x_wconf 87' lang='lat' dir='ltr'><strong>aquae</strong></span> <span class='ocrx_word' id='word_1_54' title='bbox 344 1171 511 1240; x_wconf 81' lang='lat' dir='ltr'><strong>admixtam,</strong></span> <span class='ocrx_word' id='word_1_55' title='bbox 525 1188 563 1228; x_wconf 87' lang='lat' dir='ltr'><strong>ex</strong></span> <span class='ocrx_word' id='word_1_56' title='bbox 584 1173 789 1232; x_wconf 87' lang='lat' dir='ltr'><strong>consuetudine</strong></span> <span class='ocrx_word' id='word_1_57' title='bbox 803 1174 878 1232; x_wconf 81' lang='lat' dir='ltr'><strong>licet</strong></span> <span class='ocrx_word' id='word_1_58' title='bbox 921 1173 1102 1241; x_wconf 85' lang='lat' dir='ltr'><strong>Quamtione</strong></span> <span class='ocrx_word' id='word_1_59' title='bbox 1116 1173 1191 1250; x_wconf 88' lang='lat' dir='ltr'><strong>apud</strong></span> <span class='ocrx_word' id='word_1_60' title='bbox 1209 1191 1262 1232; x_wconf 83' lang='lat' dir='ltr'><strong>nos</strong></span> 
     </span>
     <span class='ocr_line' id='line_1_8' title="bbox 162 1258 1262 1349; baseline 0.002 -20"><span class='ocrx_word' id='word_1_61' title='bbox 162 1258 291 1349; x_wconf 88' lang='lat' dir='ltr'><strong>paratur,</strong></span> <span class='ocrx_word' id='word_1_62' title='bbox 314 1281 399 1348; x_wconf 91' lang='lat' dir='ltr'><strong>potus</strong></span> <span class='ocrx_word' id='word_1_63' title='bbox 412 1270 495 1347; x_wconf 87' lang='lat' dir='ltr'><strong>plane</strong></span> <span class='ocrx_word' id='word_1_64' title='bbox 518 1270 603 1328; x_wconf 91' lang='lat' dir='ltr'><strong>habet</strong></span> <span class='ocrx_word' id='word_1_65' title='bbox 622 1273 780 1341; x_wconf 78' lang='lat' dir='ltr'><strong>rationem3</strong></span> <span class='ocrx_word' id='word_1_66' title='bbox 800 1282 829 1330; x_wconf 92' lang='lat' dir='ltr'><strong>et</strong></span> <span class='ocrx_word' id='word_1_67' title='bbox 842 1273 930 1332; x_wconf 85' lang='lat' dir='ltr'><strong>instar</strong></span> <span class='ocrx_word' id='word_1_68' title='bbox 951 1260 1000 1330; x_wconf 60' lang='lat' dir='ltr'><strong>m&amp;</strong></span> <span class='ocrx_word' id='word_1_69' title='bbox 1023 1273 1070 1332; x_wconf 83' lang='lat' dir='ltr'><strong>vel</strong></span> <span class='ocrx_word' id='word_1_70' title='bbox 1090 1269 1164 1332; x_wconf 72' lang='lat' dir='ltr'><strong>caffe</strong></span> <span class='ocrx_word' id='word_1_71' title='bbox 1187 1273 1262 1332; x_wconf 77' lang='lat' dir='ltr'><strong>sumi</strong></span> 
     </span>
     <span class='ocr_line' id='line_1_9' title="bbox 170 1379 276 1447; baseline -0.019 -17"><span class='ocrx_word' id='word_1_72' title='bbox 170 1379 276 1447; x_wconf 88' lang='lat' dir='ltr'><strong>potest.</strong></span> 
     </span>
    </p>

    <p class='ocr_par' dir='ltr' id='par_1_4' title="bbox 106 1468 1276 4030">
     <span class='ocr_line' id='line_1_10' title="bbox 210 1468 1262 1547; baseline 0 -19"><span class='ocrx_word' id='word_1_73' title='bbox 210 1473 261 1528; x_wconf 82' lang='grc'><strong>46.</strong></span> <span class='ocrx_word' id='word_1_74' title='bbox 283 1469 384 1526; x_wconf 81' lang='lat' dir='ltr'><strong>Unicae</strong></span> <span class='ocrx_word' id='word_1_75' title='bbox 396 1468 540 1526; x_wconf 78' lang='lat' dir='ltr'><strong>refectioni</strong></span> <span class='ocrx_word' id='word_1_76' title='bbox 554 1469 730 1528; x_wconf 75' lang='lat' dir='ltr'><strong>consuetudo</strong></span> <span class='ocrx_word' id='word_1_77' title='bbox 750 1469 857 1530; x_wconf 80' lang='lat' dir='ltr'><strong>addidit</strong></span> <span class='ocrx_word' id='word_1_78' title='bbox 868 1469 1060 1547; x_wconf 80' lang='lat' dir='ltr'><strong>vesperu&#39;nam</strong></span> <span class='ocrx_word' id='word_1_79' title='bbox 1079 1471 1262 1528; x_wconf 84' lang='lat' dir='ltr'><strong>collatiuncu·</strong></span> 
     </span>
     <span class='ocr_line' id='line_1_11' title="bbox 169 1567 1263 1646; baseline 0 -18"><span class='ocrx_word' id='word_1_80' title='bbox 169 1569 237 1639; x_wconf 88' lang='lat' dir='ltr'><strong>lam,</strong></span> <span class='ocrx_word' id='word_1_81' title='bbox 251 1587 303 1628; x_wconf 86' lang='lat' dir='ltr'><strong>seu</strong></span> <span class='ocrx_word' id='word_1_82' title='bbox 313 1567 453 1626; x_wconf 81' lang='lat' dir='ltr'><strong>modicam</strong></span> <span class='ocrx_word' id='word_1_83' title='bbox 466 1567 650 1628; x_wconf 87' lang='lat' dir='ltr'><strong>refectionem</strong></span> <span class='ocrx_word' id='word_1_84' title='bbox 666 1587 793 1646; x_wconf 85' lang='lat' dir='ltr'><strong>vespere,</strong></span> <span class='ocrx_word' id='word_1_85' title='bbox 808 1589 871 1643; x_wconf 80' lang='lat' dir='ltr'><strong>quae</strong></span> <span class='ocrx_word' id='word_1_86' title='bbox 885 1587 990 1628; x_wconf 88' lang='lat' dir='ltr'><strong>nomen</strong></span> <span class='ocrx_word' id='word_1_87' title='bbox 1010 1571 1108 1628; x_wconf 83' lang='lat' dir='ltr'><strong>sortita</strong></span> <span class='ocrx_word' id='word_1_88' title='bbox 1120 1577 1164 1628; x_wconf 89' lang='lat' dir='ltr'><strong>est</strong></span> <span class='ocrx_word' id='word_1_89' title='bbox 1176 1588 1193 1626; x_wconf 91' lang='lat' dir='ltr'><strong>a</strong></span> <span class='ocrx_word' id='word_1_90' title='bbox 1205 1570 1263 1628; x_wconf 88' lang='lat' dir='ltr'><strong>col·</strong></span> 
     </span>
     <span class='ocr_line' id='line_1_12' title="bbox 106 1659 1262 1743; baseline 0.001 -16"><span class='ocrx_word' id='word_1_91' title='bbox 106 1659 110 1666; x_wconf 50' lang='lat'><strong>⁴</strong></span> <span class='ocrx_word' id='word_1_92' title='bbox 170 1663 275 1727; x_wconf 86' lang='lat' dir='ltr'><strong>latione</strong></span> <span class='ocrx_word' id='word_1_93' title='bbox 296 1667 427 1726; x_wconf 83' lang='lat' dir='ltr'><strong>derebus</strong></span> <span class='ocrx_word' id='word_1_94' title='bbox 446 1667 649 1743; x_wconf 66' lang='lat' dir='ltr'><strong>spiritualibus,</strong></span> <span class='ocrx_word' id='word_1_95' title='bbox 674 1689 760 1742; x_wconf 88' lang='lat' dir='ltr'><strong>quam</strong></span> <span class='ocrx_word' id='word_1_96' title='bbox 782 1671 850 1729; x_wconf 76' lang='lat' dir='ltr'><strong>on</strong></span> <span class='ocrx_word' id='word_1_97' title='bbox 871 1669 1012 1728; x_wconf 90' lang='lat' dir='ltr'><strong>habebant</strong></span> <span class='ocrx_word' id='word_1_98' title='bbox 1033 1669 1178 1737; x_wconf 90' lang='lat' dir='ltr'><strong>monachi,</strong></span> <span class='ocrx_word' id='word_1_99' title='bbox 1194 1666 1262 1728; x_wconf 88' lang='lat' dir='ltr'><strong>dum</strong></span> 
     </span>
     <span class='ocr_line' id='line_1_13' title="bbox 170 1766 1262 1846; baseline 0 -20"><span class='ocrx_word' id='word_1_100' title='bbox 170 1768 304 1826; x_wconf 84' lang='lat' dir='ltr'><strong>haustum</strong></span> <span class='ocrx_word' id='word_1_101' title='bbox 317 1768 386 1836; x_wconf 90' lang='lat' dir='ltr'><strong>vini,</strong></span> <span class='ocrx_word' id='word_1_102' title='bbox 400 1776 429 1823; x_wconf 90' lang='lat' dir='ltr'><strong>et</strong></span> <span class='ocrx_word' id='word_1_103' title='bbox 445 1766 578 1835; x_wconf 83' lang='lat' dir='ltr'><strong>fructum,</strong></span> <span class='ocrx_word' id='word_1_104' title='bbox 594 1768 640 1827; x_wconf 90' lang='lat' dir='ltr'><strong>vel</strong></span> <span class='ocrx_word' id='word_1_105' title='bbox 659 1768 793 1846; x_wconf 84' lang='lat' dir='ltr'><strong>legumen</strong></span> <span class='ocrx_word' id='word_1_106' title='bbox 812 1768 928 1841; x_wconf 79' lang='lat' dir='ltr'><strong>aliquod</strong></span> <span class='ocrx_word' id='word_1_107' title='bbox 948 1766 984 1824; x_wconf 91' lang='lat' dir='ltr'><strong>ad</strong></span> <span class='ocrx_word' id='word_1_108' title='bbox 998 1769 1072 1826; x_wconf 89' lang='lat' dir='ltr'><strong>vires</strong></span> <span class='ocrx_word' id='word_1_109' title='bbox 1094 1767 1262 1826; x_wconf 85' lang='lat' dir='ltr'><strong>reficiendas</strong></span> 
     </span>
     <span class='ocr_line' id='line_1_14' title="bbox 170 1866 1263 1944; baseline -0.004 -17"><span class='ocrx_word' id='word_1_110' title='bbox 170 1876 236 1944; x_wconf 90' lang='lat' dir='ltr'><strong>post</strong></span> <span class='ocrx_word' id='word_1_111' title='bbox 257 1866 316 1926; x_wconf 89' lang='lat' dir='ltr'><strong>dici</strong></span> <span class='ocrx_word' id='word_1_112' title='bbox 341 1867 451 1926; x_wconf 87' lang='lat' dir='ltr'><strong>labores</strong></span> <span class='ocrx_word' id='word_1_113' title='bbox 477 1877 632 1924; x_wconf 80' lang='lat' dir='ltr'><strong>sumerent.</strong></span> <span class='ocrx_word' id='word_1_114' title='bbox 683 1868 718 1926; x_wconf 92' lang='lat' dir='ltr'><strong>In</strong></span> <span class='ocrx_word' id='word_1_115' title='bbox 738 1867 901 1944; x_wconf 81' lang='lat' dir='ltr'><strong>regionibus</strong></span> <span class='ocrx_word' id='word_1_116' title='bbox 933 1867 1079 1926; x_wconf 85' lang='lat' dir='ltr'><strong>nonnullis</strong></span> <span class='ocrx_word' id='word_1_117' title='bbox 1104 1868 1135 1926; x_wconf 90' lang='lat' dir='ltr'><strong>iu</strong></span> <span class='ocrx_word' id='word_1_118' title='bbox 1160 1866 1263 1938; x_wconf 74' lang='lat' dir='ltr'><strong>quibua</strong></span> 
     </span>
     <span class='ocr_line' id='line_1_15' title="bbox 171 1965 1265 2044; baseline -0.001 -20"><span class='ocrx_word' id='word_1_119' title='bbox 171 1966 321 2042; x_wconf 83' lang='lat' dir='ltr'><strong>prandium</strong></span> <span class='ocrx_word' id='word_1_120' title='bbox 334 1966 449 2024; x_wconf 88' lang='lat' dir='ltr'><strong>nonnisi</strong></span> <span class='ocrx_word' id='word_1_121' title='bbox 463 1967 590 2042; x_wconf 87' lang='lat' dir='ltr'><strong>pluribus</strong></span> <span class='ocrx_word' id='word_1_122' title='bbox 604 1966 682 2026; x_wconf 85' lang='lat' dir='ltr'><strong>horis</strong></span> <span class='ocrx_word' id='word_1_123' title='bbox 695 1978 762 2044; x_wconf 86' lang='lat' dir='ltr'><strong>post</strong></span> <span class='ocrx_word' id='word_1_124' title='bbox 780 1967 930 2027; x_wconf 88' lang='lat' dir='ltr'><strong>meridiem</strong></span> <span class='ocrx_word' id='word_1_125' title='bbox 943 1966 1048 2042; x_wconf 88' lang='lat' dir='ltr'><strong>elapsis</strong></span> <span class='ocrx_word' id='word_1_126' title='bbox 1061 1967 1192 2033; x_wconf 88' lang='lat' dir='ltr'><strong>sumitur,</strong></span> <span class='ocrx_word' id='word_1_127' title='bbox 1207 1965 1265 2023; x_wconf 90' lang='lat' dir='ltr'><strong>col·</strong></span> 
     </span>
     <span class='ocr_line' id='line_1_16' title="bbox 171 2063 1265 2138; baseline 0 -16"><span class='ocrx_word' id='word_1_128' title='bbox 171 2065 326 2124; x_wconf 89' lang='lat' dir='ltr'><strong>latiuncula</strong></span> <span class='ocrx_word' id='word_1_129' title='bbox 351 2085 433 2122; x_wconf 89' lang='lat' dir='ltr'><strong>mane</strong></span> <span class='ocrx_word' id='word_1_130' title='bbox 458 2065 505 2122; x_wconf 84' lang='lat' dir='ltr'><strong>fit:</strong></span> <span class='ocrx_word' id='word_1_131' title='bbox 528 2084 586 2138; x_wconf 93' lang='lat' dir='ltr'><strong>quo</strong></span> <span class='ocrx_word' id='word_1_132' title='bbox 608 2085 688 2124; x_wconf 89' lang='lat' dir='ltr'><strong>more</strong></span> <span class='ocrx_word' id='word_1_133' title='bbox 708 2076 819 2124; x_wconf 85' lang='lat' dir='ltr'><strong>utentes</strong></span> <span class='ocrx_word' id='word_1_134' title='bbox 839 2086 897 2127; x_wconf 88' lang='lat' dir='ltr'><strong>non</strong></span> <span class='ocrx_word' id='word_1_135' title='bbox 920 2084 984 2124; x_wconf 86' lang='lat' dir='ltr'><strong>esse</strong></span> <span class='ocrx_word' id='word_1_136' title='bbox 1007 2063 1205 2137; x_wconf 85' lang='lat' dir='ltr'><strong>inquietandos</strong></span> <span class='ocrx_word' id='word_1_137' title='bbox 1228 2081 1265 2122; x_wconf 85' lang='lat' dir='ltr'><strong>cx</strong></span> 
     </span>
     <span class='ocr_line' id='line_1_17' title="bbox 171 2159 1265 2242; baseline 0 -20"><span class='ocrx_word' id='word_1_138' title='bbox 171 2182 313 2241; x_wconf 88' lang='lat' dir='ltr'><strong>responso</strong></span> <span class='ocrx_word' id='word_1_139' title='bbox 339 2165 369 2221; x_wconf 85' lang='lat' dir='ltr'><strong>S.</strong></span> <span class='ocrx_word' id='word_1_140' title='bbox 397 2165 619 2223; x_wconf 79' lang='lat' dir='ltr'><strong>Poenitantiarim</strong></span> <span class='ocrx_word' id='word_1_141' title='bbox 641 2159 809 2242; x_wconf 77' lang='lat' dir='ltr'><strong>colligitur.²</strong></span> <span class='ocrx_word' id='word_1_142' title='bbox 848 2167 883 2226; x_wconf 88' lang='lat' dir='ltr'><strong>In</strong></span> <span class='ocrx_word' id='word_1_143' title='bbox 904 2166 950 2224; x_wconf 85' lang='lat' dir='ltr'><strong>his</strong></span> <span class='ocrx_word' id='word_1_144' title='bbox 977 2165 1131 2242; x_wconf 87' lang='lat' dir='ltr'><strong>provinciis</strong></span> <span class='ocrx_word' id='word_1_145' title='bbox 1154 2162 1265 2223; x_wconf 84' lang='lat' dir='ltr'><strong>videtur</strong></span> 
     </span>
     <span class='ocr_line' id='line_1_18' title="bbox 171 2263 1262 2342; baseline -0.001 -21"><span class='ocrx_word' id='word_1_146' title='bbox 171 2282 290 2341; x_wconf 85' lang='lat' dir='ltr'><strong>vespere</strong></span> <span class='ocrx_word' id='word_1_147' title='bbox 312 2272 419 2322; x_wconf 90' lang='lat' dir='ltr'><strong>tantum</strong></span> <span class='ocrx_word' id='word_1_148' title='bbox 442 2263 591 2332; x_wconf 88' lang='lat' dir='ltr'><strong>sumenda,</strong></span> <span class='ocrx_word' id='word_1_149' title='bbox 615 2265 670 2322; x_wconf 89' lang='lat' dir='ltr'><strong>nisi</strong></span> <span class='ocrx_word' id='word_1_150' title='bbox 689 2274 817 2324; x_wconf 88' lang='lat' dir='ltr'><strong>occurrat</strong></span> <span class='ocrx_word' id='word_1_151' title='bbox 835 2267 929 2342; x_wconf 80' lang='lat' dir='ltr'><strong>gravis</strong></span> <span class='ocrx_word' id='word_1_152' title='bbox 941 2265 1013 2322; x_wconf 89' lang='lat' dir='ltr'><strong>ratio</strong></span> <span class='ocrx_word' id='word_1_153' title='bbox 1034 2265 1063 2322; x_wconf 89' lang='lat' dir='ltr'><strong>in</strong></span> <span class='ocrx_word' id='word_1_154' title='bbox 1082 2263 1262 2322; x_wconf 76' lang='lat' dir='ltr'><strong>contranum.</strong></span> 
     </span>
     <span class='ocr_line' id='line_1_19' title="bbox 172 2362 1264 2442; baseline 0.001 -22"><span class='ocrx_word' id='word_1_155' title='bbox 172 2362 217 2421; x_wconf 91' lang='lat' dir='ltr'><strong>De</strong></span> <span class='ocrx_word' id='word_1_156' title='bbox 229 2365 384 2437; x_wconf 78' lang='lat' dir='ltr'><strong>quantitate</strong></span> <span class='ocrx_word' id='word_1_157' title='bbox 398 2364 527 2423; x_wconf 89' lang='lat' dir='ltr'><strong>ciborum</strong></span> <span class='ocrx_word' id='word_1_158' title='bbox 547 2373 576 2420; x_wconf 90' lang='lat' dir='ltr'><strong>et</strong></span> <span class='ocrx_word' id='word_1_159' title='bbox 597 2365 740 2436; x_wconf 85' lang='lat' dir='ltr'><strong>qualitate,</strong></span> <span class='ocrx_word' id='word_1_160' title='bbox 756 2366 867 2442; x_wconf 89' lang='lat' dir='ltr'><strong>piomm</strong></span> <span class='ocrx_word' id='word_1_161' title='bbox 890 2365 1039 2423; x_wconf 88' lang='lat' dir='ltr'><strong>hominum</strong></span> <span class='ocrx_word' id='word_1_162' title='bbox 1053 2381 1122 2422; x_wconf 90' lang='lat' dir='ltr'><strong>usus</strong></span> <span class='ocrx_word' id='word_1_163' title='bbox 1136 2373 1264 2440; x_wconf 89' lang='lat' dir='ltr'><strong>spectan-</strong></span> 
     </span>
     <span class='ocr_line' id='line_1_20' title="bbox 172 2461 1263 2542; baseline 0 -22"><span class='ocrx_word' id='word_1_164' title='bbox 172 2461 289 2524; x_wconf 81' lang='lat' dir='ltr'><strong>dusest.</strong></span> <span class='ocrx_word' id='word_1_165' title='bbox 332 2462 406 2520; x_wconf 90' lang='lat' dir='ltr'><strong>Octo</strong></span> <span class='ocrx_word' id='word_1_166' title='bbox 419 2465 518 2522; x_wconf 90' lang='lat' dir='ltr'><strong>uncias</strong></span> <span class='ocrx_word' id='word_1_167' title='bbox 531 2463 588 2520; x_wconf 92' lang='lat' dir='ltr'><strong>cibi</strong></span> <span class='ocrx_word' id='word_1_168' title='bbox 601 2464 677 2521; x_wconf 89' lang='lat' dir='ltr'><strong>sumi</strong></span> <span class='ocrx_word' id='word_1_169' title='bbox 690 2483 776 2539; x_wconf 89' lang='lat' dir='ltr'><strong>posse</strong></span> <span class='ocrx_word' id='word_1_170' title='bbox 786 2466 888 2524; x_wconf 88' lang='lat' dir='ltr'><strong>asserit</strong></span> <span class='ocrx_word' id='word_1_171' title='bbox 900 2466 932 2522; x_wconf 77' lang='lat' dir='ltr'><strong>S.</strong></span> <span class='ocrx_word' id='word_1_172' title='bbox 948 2465 1114 2542; x_wconf 80' lang='lat' dir='ltr'><strong>Alphonsus</strong></span> <span class='ocrx_word' id='word_1_173' title='bbox 1128 2462 1163 2522; x_wconf 86' lang='lat' dir='ltr'><strong>de</strong></span> <span class='ocrx_word' id='word_1_174' title='bbox 1176 2462 1263 2540; x_wconf 84' lang='lat' dir='ltr'><strong>Ligu·</strong></span> 
     </span>
     <span class='ocr_line' id='line_1_21' title="bbox 172 2562 1264 2641; baseline -0.002 -21"><span class='ocrx_word' id='word_1_175' title='bbox 172 2563 224 2630; x_wconf 91' lang='lat' dir='ltr'><strong>rio,</strong></span> <span class='ocrx_word' id='word_1_176' title='bbox 247 2573 285 2632; x_wconf 91' lang='lat' dir='ltr'><strong>et,</strong></span> <span class='ocrx_word' id='word_1_177' title='bbox 307 2563 356 2620; x_wconf 91' lang='lat' dir='ltr'><strong>ubi</strong></span> <span class='ocrx_word' id='word_1_178' title='bbox 378 2563 553 2625; x_wconf 77' lang='lat' dir='ltr'><strong>comuetudo</strong></span> <span class='ocrx_word' id='word_1_179' title='bbox 574 2563 690 2630; x_wconf 87' lang='lat' dir='ltr'><strong>obtinet,</strong></span> <span class='ocrx_word' id='word_1_180' title='bbox 714 2563 801 2640; x_wconf 91' lang='lat' dir='ltr'><strong>duplo</strong></span> <span class='ocrx_word' id='word_1_181' title='bbox 822 2565 959 2641; x_wconf 88' lang='lat' dir='ltr'><strong>majorem</strong></span> <span class='ocrx_word' id='word_1_182' title='bbox 978 2565 1008 2622; x_wconf 91' lang='lat' dir='ltr'><strong>in</strong></span> <span class='ocrx_word' id='word_1_183' title='bbox 1030 2563 1128 2640; x_wconf 83' lang='lat' dir='ltr'><strong>vigilia</strong></span> <span class='ocrx_word' id='word_1_184' title='bbox 1151 2562 1264 2620; x_wconf 83' lang='lat' dir='ltr'><strong>Natalis</strong></span> 
     </span>
     <span class='ocr_line' id='line_1_22' title="bbox 174 2658 1266 2735; baseline -0.004 -15"><span class='ocrx_word' id='word_1_185' title='bbox 174 2661 305 2720; x_wconf 85' lang='lat' dir='ltr'><strong>Domini.</strong></span> <span class='ocrx_word' id='word_1_186' title='bbox 349 2661 482 2726; x_wconf 89' lang='lat' dir='ltr'><strong>“Quoad</strong></span> <span class='ocrx_word' id='word_1_187' title='bbox 495 2662 657 2735; x_wconf 85' lang='lat' dir='ltr'><strong>qualitatem</strong></span> <span class='ocrx_word' id='word_1_188' title='bbox 680 2681 748 2720; x_wconf 84' lang='lat' dir='ltr'><strong>vero</strong></span> <span class='ocrx_word' id='word_1_189' title='bbox 771 2663 827 2722; x_wconf 89' lang='lat' dir='ltr'><strong>cibi</strong></span> <span class='ocrx_word' id='word_1_190' title='bbox 840 2664 869 2721; x_wconf 91' lang='lat' dir='ltr'><strong>in</strong></span> <span class='ocrx_word' id='word_1_191' title='bbox 884 2662 995 2720; x_wconf 87' lang='lat' dir='ltr'><strong>coenula</strong></span> <span class='ocrx_word' id='word_1_192' title='bbox 1018 2660 1160 2727; x_wconf 91' lang='lat' dir='ltr'><strong>sumendi,</strong></span> <span class='ocrx_word' id='word_1_193' title='bbox 1180 2658 1266 2717; x_wconf 84' lang='lat' dir='ltr'><strong>hodie</strong></span> 
     </span>
     <span class='ocr_line' id='line_1_23' title="bbox 175 2755 1265 2837; baseline -0.006 -19"><span class='ocrx_word' id='word_1_194' title='bbox 175 2777 330 2818; x_wconf 88' lang='lat' dir='ltr'><strong>commune</strong></span> <span class='ocrx_word' id='word_1_195' title='bbox 353 2768 396 2816; x_wconf 88' lang='lat' dir='ltr'><strong>est</strong></span> <span class='ocrx_word' id='word_1_196' title='bbox 413 2780 495 2836; x_wconf 87' lang='lat' dir='ltr'><strong>posse</strong></span> <span class='ocrx_word' id='word_1_197' title='bbox 513 2760 626 2820; x_wconf 89' lang='lat' dir='ltr'><strong>comedi</strong></span> <span class='ocrx_word' id='word_1_198' title='bbox 646 2779 761 2837; x_wconf 85' lang='lat' dir='ltr'><strong>panem,</strong></span> <span class='ocrx_word' id='word_1_199' title='bbox 778 2761 895 2827; x_wconf 86' lang='lat' dir='ltr'><strong>fmctus,</strong></span> <span class='ocrx_word' id='word_1_200' title='bbox 912 2760 1000 2826; x_wconf 88' lang='lat' dir='ltr'><strong>oleas,</strong></span> <span class='ocrx_word' id='word_1_201' title='bbox 1021 2759 1135 2824; x_wconf 85' lang='lat' dir='ltr'><strong>herbas,</strong></span> <span class='ocrx_word' id='word_1_202' title='bbox 1156 2765 1185 2814; x_wconf 86' lang='lat' dir='ltr'><strong>et</strong></span> <span class='ocrx_word' id='word_1_203' title='bbox 1204 2755 1265 2812; x_wconf 89' lang='lat' dir='ltr'><strong>dul·</strong></span> 
     </span>
     <span class='ocr_line' id='line_1_24' title="bbox 176 2851 1266 2936; baseline -0.005 -20"><span class='ocrx_word' id='word_1_204' title='bbox 176 2851 311 2918; x_wconf 82' lang='lat' dir='ltr'><strong>ciaria.&#39;’³</strong></span> <span class='ocrx_word' id='word_1_205' title='bbox 351 2857 413 2916; x_wconf 87' lang='lat' dir='ltr'><strong>Ova</strong></span> <span class='ocrx_word' id='word_1_206' title='bbox 437 2871 527 2920; x_wconf 85' lang='lat' dir='ltr'><strong>autem</strong></span> <span class='ocrx_word' id='word_1_207' title='bbox 553 2879 612 2920; x_wconf 88' lang='lat' dir='ltr'><strong>non</strong></span> <span class='ocrx_word' id='word_1_208' title='bbox 638 2861 845 2936; x_wconf 85' lang='lat' dir='ltr'><strong>permittuntur.</strong></span> <span class='ocrx_word' id='word_1_209' title='bbox 887 2857 1000 2916; x_wconf 81' lang='lat' dir='ltr'><strong>Caseus</strong></span> <span class='ocrx_word' id='word_1_210' title='bbox 1025 2857 1071 2915; x_wconf 88' lang='lat' dir='ltr'><strong>vel</strong></span> <span class='ocrx_word' id='word_1_211' title='bbox 1096 2857 1216 2933; x_wconf 86' lang='lat' dir='ltr'><strong>butyms</strong></span> <span class='ocrx_word' id='word_1_212' title='bbox 1237 2853 1266 2912; x_wconf 91' lang='lat' dir='ltr'><strong>in</strong></span> 
     </span>
     <span class='ocr_line' id='line_1_25' title="bbox 175 2952 1267 3037; baseline -0.005 -21"><span class='ocrx_word' id='word_1_213' title='bbox 175 2958 287 3016; x_wconf 72' lang='lat' dir='ltr'><strong>coenula</strong></span> <span class='ocrx_word' id='word_1_214' title='bbox 300 2977 356 3016; x_wconf 88' lang='lat' dir='ltr'><strong>non</strong></span> <span class='ocrx_word' id='word_1_215' title='bbox 377 2961 538 3018; x_wconf 82' lang='lat' dir='ltr'><strong>conceditur</strong></span> <span class='ocrx_word' id='word_1_216' title='bbox 547 2962 631 3037; x_wconf 85' lang='lat' dir='ltr'><strong>juxta</strong></span> <span class='ocrx_word' id='word_1_217' title='bbox 650 2961 811 3037; x_wconf 83' lang='lat' dir='ltr'><strong>generalem</strong></span> <span class='ocrx_word' id='word_1_218' title='bbox 832 2959 972 3018; x_wconf 81' lang='lat' dir='ltr'><strong>Ecclesiae</strong></span> <span class='ocrx_word' id='word_1_219' title='bbox 992 2957 1192 3035; x_wconf 80' lang='lat' dir='ltr'><strong>disciplinam:</strong></span> <span class='ocrx_word' id='word_1_220' title='bbox 1215 2952 1267 3012; x_wconf 85' lang='lat' dir='ltr'><strong>sed</strong></span> 
     </span>
     <span class='ocr_line' id='line_1_26' title="bbox 174 3057 1266 3135; baseline -0.001 -20"><span class='ocrx_word' id='word_1_221' title='bbox 174 3077 242 3115; x_wconf 88' lang='lat' dir='ltr'><strong>usus</strong></span> <span class='ocrx_word' id='word_1_222' title='bbox 268 3058 299 3116; x_wconf 91' lang='lat' dir='ltr'><strong>in</strong></span> <span class='ocrx_word' id='word_1_223' title='bbox 324 3057 369 3115; x_wconf 88' lang='lat' dir='ltr'><strong>his</strong></span> <span class='ocrx_word' id='word_1_224' title='bbox 401 3061 556 3135; x_wconf 84' lang='lat' dir='ltr'><strong>provinciis</strong></span> <span class='ocrx_word' id='word_1_225' title='bbox 584 3060 705 3119; x_wconf 87' lang='lat' dir='ltr'><strong>obtinuit</strong></span> <span class='ocrx_word' id='word_1_226' title='bbox 733 3069 764 3118; x_wconf 90' lang='lat' dir='ltr'><strong>ut</strong></span> <span class='ocrx_word' id='word_1_227' title='bbox 789 3059 981 3118; x_wconf 83' lang='lat' dir='ltr'><strong>adhibeantur.</strong></span> <span class='ocrx_word' id='word_1_228' title='bbox 1031 3058 1091 3118; x_wconf 90' lang='lat' dir='ltr'><strong>Lac</strong></span> <span class='ocrx_word' id='word_1_229' title='bbox 1116 3059 1201 3116; x_wconf 88' lang='lat' dir='ltr'><strong>etiam</strong></span> <span class='ocrx_word' id='word_1_230' title='bbox 1228 3073 1266 3114; x_wconf 83' lang='lat' dir='ltr'><strong>ex</strong></span> 
     </span>
     <span class='ocr_line' id='line_1_27' title="bbox 174 3157 1266 3236; baseline -0.004 -20"><span class='ocrx_word' id='word_1_231' title='bbox 174 3157 341 3216; x_wconf 80' lang='lat' dir='ltr'><strong>necessitate</strong></span> <span class='ocrx_word' id='word_1_232' title='bbox 368 3159 489 3230; x_wconf 89' lang='lat' dir='ltr'><strong>quadam</strong></span> <span class='ocrx_word' id='word_1_233' title='bbox 515 3160 618 3218; x_wconf 86' lang='lat' dir='ltr'><strong>alieubi</strong></span> <span class='ocrx_word' id='word_1_234' title='bbox 639 3160 715 3236; x_wconf 89' lang='lat' dir='ltr'><strong>apud</strong></span> <span class='ocrx_word' id='word_1_235' title='bbox 735 3178 789 3218; x_wconf 90' lang='lat' dir='ltr'><strong>nos</strong></span> <span class='ocrx_word' id='word_1_236' title='bbox 812 3160 949 3218; x_wconf 88' lang='lat' dir='ltr'><strong>sumitur:</strong></span> <span class='ocrx_word' id='word_1_237' title='bbox 970 3158 1087 3235; x_wconf 89' lang='lat' dir='ltr'><strong>plurimi</strong></span> <span class='ocrx_word' id='word_1_238' title='bbox 1097 3158 1175 3216; x_wconf 90' lang='lat' dir='ltr'><strong>enim</strong></span> <span class='ocrx_word' id='word_1_239' title='bbox 1202 3173 1266 3214; x_wconf 84' lang='lat' dir='ltr'><strong>rure</strong></span> 
     </span>
     <span class='ocr_line' id='line_1_28' title="bbox 176 3257 1267 3334; baseline -0.004 -18"><span class='ocrx_word' id='word_1_240' title='bbox 176 3257 342 3333; x_wconf 76' lang='lat' dir='ltr'><strong>presertim,</strong></span> <span class='ocrx_word' id='word_1_241' title='bbox 357 3276 446 3330; x_wconf 91' lang='lat' dir='ltr'><strong>quum</strong></span> <span class='ocrx_word' id='word_1_242' title='bbox 459 3259 532 3316; x_wconf 71' lang='lat' dir='ltr'><strong>caff}</strong></span> <span class='ocrx_word' id='word_1_243' title='bbox 547 3259 592 3316; x_wconf 80' lang='lat' dir='ltr'><strong>rel</strong></span> <span class='ocrx_word' id='word_1_244' title='bbox 605 3258 651 3317; x_wconf 79' lang='lat' dir='ltr'><strong>the</strong></span> <span class='ocrx_word' id='word_1_245' title='bbox 665 3260 718 3318; x_wconf 89' lang='lat' dir='ltr'><strong>sibi</strong></span> <span class='ocrx_word' id='word_1_246' title='bbox 727 3275 892 3334; x_wconf 81' lang='lat' dir='ltr'><strong>comparare</strong></span> <span class='ocrx_word' id='word_1_247' title='bbox 900 3267 1052 3330; x_wconf 87' lang='lat' dir='ltr'><strong>nequeant,</strong></span> <span class='ocrx_word' id='word_1_248' title='bbox 1067 3257 1152 3314; x_wconf 85' lang='lat' dir='ltr'><strong>alium</strong></span> <span class='ocrx_word' id='word_1_249' title='bbox 1167 3263 1267 3330; x_wconf 91' lang='lat' dir='ltr'><strong>potum</strong></span> 
     </span>
     <span class='ocr_line' id='line_1_29' title="bbox 176 3353 1267 3432; baseline -0.003 -20"><span class='ocrx_word' id='word_1_250' title='bbox 176 3374 294 3432; x_wconf 83' lang='lat' dir='ltr'><strong>vespere</strong></span> <span class='ocrx_word' id='word_1_251' title='bbox 309 3375 367 3413; x_wconf 92' lang='lat' dir='ltr'><strong>non</strong></span> <span class='ocrx_word' id='word_1_252' title='bbox 381 3358 503 3416; x_wconf 87' lang='lat' dir='ltr'><strong>habent:</strong></span> <span class='ocrx_word' id='word_1_253' title='bbox 524 3357 670 3416; x_wconf 89' lang='lat' dir='ltr'><strong>modicum</strong></span> <span class='ocrx_word' id='word_1_254' title='bbox 684 3369 778 3416; x_wconf 86' lang='lat' dir='ltr'><strong>autern</strong></span> <span class='ocrx_word' id='word_1_255' title='bbox 793 3358 837 3416; x_wconf 89' lang='lat' dir='ltr'><strong>lac</strong></span> <span class='ocrx_word' id='word_1_256' title='bbox 850 3375 916 3414; x_wconf 90' lang='lat' dir='ltr'><strong>cum</strong></span> <span class='ocrx_word' id='word_1_257' title='bbox 931 3356 978 3414; x_wconf 70' lang='lat' dir='ltr'><strong>the</strong></span> <span class='ocrx_word' id='word_1_258' title='bbox 992 3354 1148 3412; x_wconf 86' lang='lat' dir='ltr'><strong>admixtum</strong></span> <span class='ocrx_word' id='word_1_259' title='bbox 1161 3353 1267 3424; x_wconf 88' lang='lat' dir='ltr'><strong>ubique</strong></span> 
     </span>
     <span class='ocr_line' id='line_1_30' title="bbox 177 3449 1267 3534; baseline -0.004 -22"><span class='ocrx_word' id='word_1_260' title='bbox 177 3453 251 3531; x_wconf 90' lang='lat' dir='ltr'><strong>apud</strong></span> <span class='ocrx_word' id='word_1_261' title='bbox 271 3473 324 3512; x_wconf 88' lang='lat' dir='ltr'><strong>nos</strong></span> <span class='ocrx_word' id='word_1_262' title='bbox 338 3469 496 3534; x_wconf 86' lang='lat' dir='ltr'><strong>usurpatur.</strong></span> <span class='ocrx_word' id='word_1_263' title='bbox 539 3458 640 3516; x_wconf 87' lang='lat' dir='ltr'><strong>Pisces</strong></span> <span class='ocrx_word' id='word_1_264' title='bbox 654 3476 756 3534; x_wconf 90' lang='lat' dir='ltr'><strong>parvos</strong></span> <span class='ocrx_word' id='word_1_265' title='bbox 777 3458 807 3514; x_wconf 91' lang='lat' dir='ltr'><strong>in</strong></span> <span class='ocrx_word' id='word_1_266' title='bbox 820 3455 930 3514; x_wconf 87' lang='lat' dir='ltr'><strong>coenula</strong></span> <span class='ocrx_word' id='word_1_267' title='bbox 949 3452 1110 3520; x_wconf 86' lang='lat' dir='ltr'><strong>comedere,</strong></span> <span class='ocrx_word' id='word_1_268' title='bbox 1124 3453 1184 3510; x_wconf 94' lang='lat' dir='ltr'><strong>imo</strong></span> <span class='ocrx_word' id='word_1_269' title='bbox 1197 3449 1267 3508; x_wconf 87' lang='lat' dir='ltr'><strong>duas</strong></span> 
     </span>
     <span class='ocr_line' id='line_1_31' title="bbox 176 3552 1269 3633; baseline -0.002 -23"><span class='ocrx_word' id='word_1_270' title='bbox 176 3554 221 3612; x_wconf 84' lang='lat' dir='ltr'><strong>vel</strong></span> <span class='ocrx_word' id='word_1_271' title='bbox 234 3563 290 3612; x_wconf 76' lang='lat' dir='ltr'><strong>tres</strong></span> <span class='ocrx_word' id='word_1_272' title='bbox 305 3555 403 3614; x_wconf 88' lang='lat' dir='ltr'><strong>uncias</strong></span> <span class='ocrx_word' id='word_1_273' title='bbox 417 3557 505 3633; x_wconf 89' lang='lat' dir='ltr'><strong>piscis</strong></span> <span class='ocrx_word' id='word_1_274' title='bbox 517 3557 644 3633; x_wconf 85' lang='lat' dir='ltr'><strong>majoris,</strong></span> <span class='ocrx_word' id='word_1_275' title='bbox 658 3576 696 3616; x_wconf 85' lang='lat' dir='ltr'><strong>ex</strong></span> <span class='ocrx_word' id='word_1_276' title='bbox 715 3553 921 3614; x_wconf 88' lang='lat' dir='ltr'><strong>consuetudine</strong></span> <span class='ocrx_word' id='word_1_277' title='bbox 933 3554 1020 3612; x_wconf 85' lang='lat' dir='ltr'><strong>licere</strong></span> <span class='ocrx_word' id='word_1_278' title='bbox 1030 3552 1126 3628; x_wconf 86' lang='lat' dir='ltr'><strong>plures</strong></span> <span class='ocrx_word' id='word_1_279' title='bbox 1140 3564 1269 3608; x_wconf 86' lang='lat' dir='ltr'><strong>asserunt</strong></span> 
     </span>
     <span class='ocr_line' id='line_1_32' title="bbox 176 3652 1268 3732; baseline -0.003 -21"><span class='ocrx_word' id='word_1_280' title='bbox 176 3653 310 3730; x_wconf 83' lang='lat' dir='ltr'><strong>theologi.</strong></span> <span class='ocrx_word' id='word_1_281' title='bbox 353 3656 411 3721; x_wconf 84' lang='lat' dir='ltr'><strong>Qui</strong></span> <span class='ocrx_word' id='word_1_282' title='bbox 424 3657 461 3714; x_wconf 93' lang='lat' dir='ltr'><strong>ob</strong></span> <span class='ocrx_word' id='word_1_283' title='bbox 481 3665 590 3714; x_wconf 83' lang='lat' dir='ltr'><strong>aetatem</strong></span> <span class='ocrx_word' id='word_1_284' title='bbox 604 3658 649 3715; x_wconf 85' lang='lat' dir='ltr'><strong>vel</strong></span> <span class='ocrx_word' id='word_1_285' title='bbox 663 3675 778 3732; x_wconf 79' lang='lat' dir='ltr'><strong>gravem</strong></span> <span class='ocrx_word' id='word_1_286' title='bbox 797 3655 953 3712; x_wconf 90' lang='lat' dir='ltr'><strong>laborema</strong></span> <span class='ocrx_word' id='word_1_287' title='bbox 971 3653 1081 3730; x_wconf 84' lang='lat' dir='ltr'><strong>jejunio</strong></span> <span class='ocrx_word' id='word_1_288' title='bbox 1096 3652 1268 3718; x_wconf 83' lang='lat' dir='ltr'><strong>eximuntur,</strong></span> 
     </span>
     <span class='ocr_line' id='line_1_33' title="bbox 176 3749 1268 3831; baseline -0.003 -21"><span class='ocrx_word' id='word_1_289' title='bbox 176 3762 296 3828; x_wconf 83' lang='lat' dir='ltr'><strong>possunt</strong></span> <span class='ocrx_word' id='word_1_290' title='bbox 309 3753 344 3810; x_wconf 89' lang='lat' dir='ltr'><strong>iis</strong></span> <span class='ocrx_word' id='word_1_291' title='bbox 358 3755 457 3814; x_wconf 87' lang='lat' dir='ltr'><strong>diebus</strong></span> <span class='ocrx_word' id='word_1_292' title='bbox 471 3756 501 3814; x_wconf 94' lang='lat' dir='ltr'><strong>in</strong></span> <span class='ocrx_word' id='word_1_293' title='bbox 514 3756 618 3829; x_wconf 90' lang='lat' dir='ltr'><strong>quibus</strong></span> <span class='ocrx_word' id='word_1_294' title='bbox 626 3776 727 3814; x_wconf 89' lang='lat' dir='ltr'><strong>carnes</strong></span> <span class='ocrx_word' id='word_1_295' title='bbox 740 3775 777 3814; x_wconf 88' lang='lat' dir='ltr'><strong>ex</strong></span> <span class='ocrx_word' id='word_1_296' title='bbox 791 3755 922 3831; x_wconf 87' lang='lat' dir='ltr'><strong>episcopi</strong></span> <span class='ocrx_word' id='word_1_297' title='bbox 931 3753 1041 3812; x_wconf 91' lang='lat' dir='ltr'><strong>indulto</strong></span> <span class='ocrx_word' id='word_1_298' title='bbox 1049 3751 1139 3810; x_wconf 88' lang='lat' dir='ltr'><strong>semel</strong></span> <span class='ocrx_word' id='word_1_299' title='bbox 1152 3749 1268 3808; x_wconf 88' lang='lat' dir='ltr'><strong>edendoe</strong></span> 
     </span>
     <span class='ocr_line' id='line_1_34' title="bbox 177 3850 1269 3931; baseline -0.003 -23"><span class='ocrx_word' id='word_1_300' title='bbox 177 3851 378 3922; x_wconf 86' lang='lat' dir='ltr'><strong>conceduntur,</strong></span> <span class='ocrx_word' id='word_1_301' title='bbox 393 3855 428 3912; x_wconf 88' lang='lat' dir='ltr'><strong>iis</strong></span> <span class='ocrx_word' id='word_1_302' title='bbox 442 3855 547 3931; x_wconf 90' lang='lat' dir='ltr'><strong>pluries</strong></span> <span class='ocrx_word' id='word_1_303' title='bbox 562 3857 649 3924; x_wconf 91' lang='lat' dir='ltr'><strong>vesci,</strong></span> <span class='ocrx_word' id='word_1_304' title='bbox 669 3857 780 3928; x_wconf 88' lang='lat' dir='ltr'><strong>quoties</strong></span> <span class='ocrx_word' id='word_1_305' title='bbox 800 3855 964 3923; x_wconf 88' lang='lat' dir='ltr'><strong>comedunt,</strong></span> <span class='ocrx_word' id='word_1_306' title='bbox 980 3855 1065 3931; x_wconf 86' lang='lat' dir='ltr'><strong>juxta</strong></span> <span class='ocrx_word' id='word_1_307' title='bbox 1077 3852 1110 3908; x_wconf 86' lang='lat' dir='ltr'><strong>S.</strong></span> <span class='ocrx_word' id='word_1_308' title='bbox 1125 3850 1269 3908; x_wconf 85' lang='lat' dir='ltr'><strong>Poenitcn·</strong></span> 
     </span>
     <span class='ocr_line' id='line_1_35' title="bbox 177 3948 1276 4030; baseline 0.012 -23"><span class='ocrx_word' id='word_1_309' title='bbox 177 3951 264 4008; x_wconf 71' lang='lat' dir='ltr'><strong>uanae</strong></span> <span class='ocrx_word' id='word_1_310' title='bbox 278 3952 422 4024; x_wconf 88' lang='lat' dir='ltr'><strong>quoddam</strong></span> <span class='ocrx_word' id='word_1_311' title='bbox 435 3948 632 4030; x_wconf 87' lang='lat' dir='ltr'><strong>responsum.⁴</strong></span> <span class='ocrx_word' id='word_1_312' title='bbox 1274 3965 1276 3970; x_wconf 86' lang='lat'>&#39;</span> 
     </span>
    </p>

    <p class='ocr_par' dir='ltr' id='par_1_5' title="bbox 216 4047 1270 4130">
     <span class='ocr_line' id='line_1_36' title="bbox 216 4047 1270 4130; baseline -0.002 -22"><span class='ocrx_word' id='word_1_313' title='bbox 216 4053 267 4109; x_wconf 80' lang='lat'><strong>47.</strong></span> <span class='ocrx_word' id='word_1_314' title='bbox 288 4051 347 4119; x_wconf 82' lang='lat' dir='ltr'><strong>Qui</strong></span> <span class='ocrx_word' id='word_1_315' title='bbox 355 4053 501 4130; x_wconf 80' lang='lat' dir='ltr'><strong>jejunium</strong></span> <span class='ocrx_word' id='word_1_316' title='bbox 514 4055 601 4114; x_wconf 85' lang='lat' dir='ltr'><strong>violat</strong></span> <span class='ocrx_word' id='word_1_317' title='bbox 621 4072 720 4113; x_wconf 87' lang='lat' dir='ltr'><strong>carnes</strong></span> <span class='ocrx_word' id='word_1_318' title='bbox 742 4051 929 4118; x_wconf 84' lang='lat' dir='ltr'><strong>comedendo,</strong></span> <span class='ocrx_word' id='word_1_319' title='bbox 950 4056 1051 4127; x_wconf 86' lang='lat' dir='ltr'><strong>peccat</strong></span> <span class='ocrx_word' id='word_1_320' title='bbox 1069 4047 1199 4126; x_wconf 81' lang='lat' dir='ltr'><strong>graviter,</strong></span> <span class='ocrx_word' id='word_1_321' title='bbox 1213 4048 1270 4106; x_wconf 88' lang='lat' dir='ltr'><strong>nisi</strong></span> 
     </span>
    </p>
   </div>
   <div class='ocr_carea' id='block_1_3' title="bbox 213 4252 1236 4408">
    <p class='ocr_par' dir='ltr' id='par_1_6' title="bbox 213 4252 1236 4408">
     <span class='ocr_line' id='line_1_37' title="bbox 213 4252 933 4326; baseline -0.008 -19"><span class='ocrx_word' id='word_1_322' title='bbox 213 4259 256 4326; x_wconf 91' lang='lat' dir='ltr'><strong>(l)</strong></span> <span class='ocrx_word' id='word_1_323' title='bbox 275 4259 303 4308; x_wconf 79' lang='lat' dir='ltr'><strong>S.</strong></span> <span class='ocrx_word' id='word_1_324' title='bbox 315 4258 433 4317; x_wconf 79' lang='lat' dir='ltr'><strong>Thomas,</strong></span> <span class='ocrx_word' id='word_1_325' title='bbox 442 4259 465 4308; x_wconf 75' lang='lat'><strong>2.</strong></span> <span class='ocrx_word' id='word_1_326' title='bbox 477 4261 520 4314; x_wconf 76' lang='lat' dir='ltr'><strong>2u.</strong></span> <span class='ocrx_word' id='word_1_327' title='bbox 531 4275 572 4323; x_wconf 93' lang='lat' dir='ltr'><strong>qu.</strong></span> <span class='ocrx_word' id='word_1_328' title='bbox 584 4258 665 4314; x_wconf 80' lang='lat' dir='ltr'><strong>cxlvii.</strong></span> <span class='ocrx_word' id='word_1_329' title='bbox 677 4265 719 4308; x_wconf 80' lang='lat' dir='ltr'><strong>art</strong></span> <span class='ocrx_word' id='word_1_330' title='bbox 732 4256 764 4306; x_wconf 86' lang='lat' dir='ltr'><strong>vi.</strong></span> <span class='ocrx_word' id='word_1_331' title='bbox 776 4255 814 4306; x_wconf 84' lang='lat' dir='ltr'><strong>ud</strong></span> <span class='ocrx_word' id='word_1_332' title='bbox 821 4252 933 4306; x_wconf 82' lang='lat' dir='ltr'><strong>tertium.</strong></span> 
     </span>
     <span class='ocr_line' id='line_1_38' title="bbox 214 4335 1236 4408; baseline -0.011 -17"><span class='ocrx_word' id='word_1_333' title='bbox 214 4342 257 4408; x_wconf 75' lang='lat'><strong>(2)</strong></span> <span class='ocrx_word' id='word_1_334' title='bbox 274 4345 304 4391; x_wconf 86' lang='lat' dir='ltr'><strong>lo</strong></span> <span class='ocrx_word' id='word_1_335' title='bbox 316 4343 372 4391; x_wconf 87' lang='lat' dir='ltr'><strong>Jan.</strong></span> <span class='ocrx_word' id='word_1_336' title='bbox 387 4341 459 4391; x_wconf 80' lang='lat'><strong>1834.</strong></span> <span class='ocrx_word' id='word_1_337' title='bbox 791 4341 833 4404; x_wconf 82' lang='lat'><strong>(3)</strong></span> <span class='ocrx_word' id='word_1_338' title='bbox 848 4335 875 4386; x_wconf 85' lang='lat' dir='ltr'><strong>S.</strong></span> <span class='ocrx_word' id='word_1_339' title='bbox 886 4337 1040 4404; x_wconf 80' lang='lat' dir='ltr'><strong>Alphonsus,</strong></span> <span class='ocrx_word' id='word_1_340' title='bbox 1052 4337 1067 4386; x_wconf 81' lang='grc' dir='ltr'><strong>Ι.</strong></span> <span class='ocrx_word' id='word_1_341' title='bbox 1079 4335 1112 4386; x_wconf 83' lang='lat' dir='ltr'><strong>iii.</strong></span> <span class='ocrx_word' id='word_1_342' title='bbox 1125 4349 1149 4384; x_wconf 89' lang='lat' dir='ltr'><strong>n.</strong></span> <span class='ocrx_word' id='word_1_343' title='bbox 1165 4335 1236 4383; x_wconf 80' lang='lat'><strong>1026.</strong></span> 
     </span>
    </p>
   </div>
   <div class='ocr_carea' id='block_1_4' title="bbox 591 4413 848 4493">
    <p class='ocr_par' dir='ltr' id='par_1_7' title="bbox 591 4413 848 4493">
     <span class='ocr_line' id='line_1_39' title="bbox 591 4413 848 4493; baseline 0.008 -19"><span class='ocrx_word' id='word_1_344' title='bbox 591 4427 633 4493; x_wconf 83' lang='lat' dir='ltr'><strong>(t)</strong></span> <span class='ocrx_word' id='word_1_345' title='bbox 656 4425 754 4474; x_wconf 73' lang='lat' dir='ltr'><strong>rosan.</strong></span> <span class='ocrx_word' id='word_1_346' title='bbox 766 4413 848 4477; x_wconf 72' lang='lat'><strong>18³4.</strong></span> 
     </span>
    </p>
   </div>
   <div class='ocr_carea' id='block_1_5' title="bbox 0 0 1560 5258">
    <p class='ocr_par' dir='ltr' id='par_1_8' title="bbox 0 0 1560 5258">
     <span class='ocr_line' id='line_1_40' title="bbox 0 0 1560 5258; baseline 0 0"><span class='ocrx_word' id='word_1_347' title='bbox 0 0 1560 5258; x_wconf 95' lang='lat' dir='ltr'><strong> </strong></span> 
     </span>
    </p>
   </div>
  </div>
 </body>
</html>
