<?xml version="1.0" encoding="UTF-8"?>
<!DOCTYPE html PUBLIC "-//W3C//DTD XHTML 1.0 Transitional//EN"
    "http://www.w3.org/TR/xhtml1/DTD/xhtml1-transitional.dtd">
<html xmlns="http://www.w3.org/1999/xhtml" xml:lang="en" lang="en">
 <head>
  <title>
</title>
<meta http-equiv="Content-Type" content="text/html;charset=utf-8" />
  <meta name='ocr-system' content='tesseract 3.04.00' />
  <meta name='ocr-capabilities' content='ocr_page ocr_carea ocr_par ocr_line ocrx_word'/>
</head>
<body>
  <div class='ocr_page' id='page_1' title='image "./theologiaemoral03kenrgoog_0170.png"; bbox 0 0 3068 5256; ppageno 0'>
   <div class='ocr_carea' id='block_1_1' title="bbox 446 451 971 515">
    <p class='ocr_par' dir='ltr' id='par_1_1' title="bbox 446 451 971 515">
     <span class='ocr_line' id='line_1_1' title="bbox 446 451 971 515; baseline 0.006 -5"><span class='ocrx_word' id='word_1_1' title='bbox 446 451 503 512; x_wconf 88' lang='lat' dir='ltr'><strong>DE</strong></span> <span class='ocrx_word' id='word_1_2' title='bbox 525 451 697 512; x_wconf 84' lang='lat' dir='ltr'><strong>OOTAVO</strong></span> <span class='ocrx_word' id='word_1_3' title='bbox 718 453 971 515; x_wconf 80' lang='lat' dir='ltr'><strong>PRAEGEPTO.</strong></span> 
     </span>
    </p>
   </div>
   <div class='ocr_carea' id='block_1_2' title="bbox 526 681 908 790">
    <p class='ocr_par' dir='ltr' id='par_1_2' title="bbox 526 681 908 790">
     <span class='ocr_line' id='line_1_2' title="bbox 526 681 908 790; baseline 0.008 -18"><span class='ocrx_word' id='word_1_4' title='bbox 526 715 594 790; x_wconf 88' lang='lat' dir='ltr'><strong>§V.</strong></span> <span class='ocrx_word' id='word_1_5' title='bbox 626 716 674 774; x_wconf 82' lang='lat' dir='ltr'><strong>Dr</strong></span> <span class='ocrx_word' id='word_1_6' title='bbox 688 681 908 776; x_wconf 71' lang='lat' dir='ltr'><strong>emmennone.</strong></span> 
     </span>
    </p>
   </div>
   <div class='ocr_carea' id='block_1_3' title="bbox 169 893 1274 3852">
    <p class='ocr_par' dir='ltr' id='par_1_3' title="bbox 169 893 1270 2360">
     <span class='ocr_line' id='line_1_3' title="bbox 210 893 1268 968; baseline 0.011 -13"><span class='ocrx_word' id='word_1_7' title='bbox 210 903 277 957; x_wconf 85' lang='grc'><strong>197.</strong></span> <span class='ocrx_word' id='word_1_8' title='bbox 299 896 451 955; x_wconf 78' lang='lat' dir='ltr'><strong>Simidatio</strong></span> <span class='ocrx_word' id='word_1_9' title='bbox 472 896 545 954; x_wconf 86' lang='lat' dir='ltr'><strong>inter</strong></span> <span class='ocrx_word' id='word_1_10' title='bbox 566 897 714 956; x_wconf 87' lang='lat' dir='ltr'><strong>mendacia</strong></span> <span class='ocrx_word' id='word_1_11' title='bbox 735 901 837 958; x_wconf 90' lang='lat' dir='ltr'><strong>merito</strong></span> <span class='ocrx_word' id='word_1_12' title='bbox 858 909 1037 960; x_wconf 89' lang='lat' dir='ltr'><strong>recensetur:</strong></span> <span class='ocrx_word' id='word_1_13' title='bbox 1060 904 1173 964; x_wconf 81' lang='lat' dir='ltr'><strong>“Sicut</strong></span> <span class='ocrx_word' id='word_1_14' title='bbox 1185 893 1268 968; x_wconf 74' lang='lat' dir='ltr'><strong>&#39;veri-</strong></span> 
     </span>
     <span class='ocr_line' id='line_1_4' title="bbox 172 995 1268 1079; baseline 0.007 -24"><span class='ocrx_word' id='word_1_15' title='bbox 172 999 218 1055; x_wconf 91' lang='lat' dir='ltr'><strong>tati</strong></span> <span class='ocrx_word' id='word_1_16' title='bbox 230 997 397 1075; x_wconf 86' lang='lat' dir='ltr'><strong>opponitur,</strong></span> <span class='ocrx_word' id='word_1_17' title='bbox 412 995 490 1068; x_wconf 92' lang='lat' dir='ltr'><strong>quod</strong></span> <span class='ocrx_word' id='word_1_18' title='bbox 500 996 602 1068; x_wconf 85' lang='lat' dir='ltr'><strong>aliquis</strong></span> <span class='ocrx_word' id='word_1_19' title='bbox 612 1017 664 1072; x_wconf 90' lang='lat' dir='ltr'><strong>per</strong></span> <span class='ocrx_word' id='word_1_20' title='bbox 676 997 761 1054; x_wconf 88' lang='lat' dir='ltr'><strong>verba</strong></span> <span class='ocrx_word' id='word_1_21' title='bbox 773 1001 915 1058; x_wconf 81' lang='lat' dir='ltr'><strong>exteriora</strong></span> <span class='ocrx_word' id='word_1_22' title='bbox 927 999 1003 1058; x_wconf 87' lang='lat' dir='ltr'><strong>alind</strong></span> <span class='ocrx_word' id='word_1_23' title='bbox 1015 1001 1165 1077; x_wconf 81' lang='lat' dir='ltr'><strong>significet,</strong></span> <span class='ocrx_word' id='word_1_24' title='bbox 1181 1025 1268 1079; x_wconf 79' lang='lat' dir='ltr'><strong>quem</strong></span> 
     </span>
     <span class='ocr_line' id='line_1_5' title="bbox 169 1094 1267 1182; baseline 0.006 -28"><span class='ocrx_word' id='word_1_25' title='bbox 169 1095 344 1170; x_wconf 82' lang='lat' dir='ltr'><strong>&#39;quodhahet</strong></span> <span class='ocrx_word' id='word_1_26' title='bbox 356 1095 433 1171; x_wconf 89' lang='lat' dir='ltr'><strong>apud</strong></span> <span class='ocrx_word' id='word_1_27' title='bbox 446 1113 489 1162; x_wconf 90' lang='lat' dir='ltr'><strong>se,</strong></span> <span class='ocrx_word' id='word_1_28' title='bbox 503 1095 580 1167; x_wconf 92' lang='lat' dir='ltr'><strong>quod</strong></span> <span class='ocrx_word' id='word_1_29' title='bbox 599 1097 636 1154; x_wconf 92' lang='lat' dir='ltr'><strong>ad</strong></span> <span class='ocrx_word' id='word_1_30' title='bbox 654 1094 834 1156; x_wconf 82' lang='lat' dir='ltr'><strong>mendacium</strong></span> <span class='ocrx_word' id='word_1_31' title='bbox 857 1100 996 1174; x_wconf 79' lang='lat' dir='ltr'>pertinet:</span> <span class='ocrx_word' id='word_1_32' title='bbox 1017 1101 1057 1157; x_wconf 91' lang='lat' dir='ltr'><strong>ita</strong></span> <span class='ocrx_word' id='word_1_33' title='bbox 1075 1103 1161 1162; x_wconf 86' lang='lat' dir='ltr'><strong>etiam</strong></span> <span class='ocrx_word' id='word_1_34' title='bbox 1175 1123 1267 1182; x_wconf 89' lang='lat' dir='ltr'><strong>oppo-</strong></span> 
     </span>
     <span class='ocr_line' id='line_1_6' title="bbox 173 1193 1267 1273; baseline 0.01 -20"><span class='ocrx_word' id='word_1_35' title='bbox 173 1197 249 1254; x_wconf 87' lang='lat' dir='ltr'><strong>nitur</strong></span> <span class='ocrx_word' id='word_1_36' title='bbox 266 1196 398 1269; x_wconf 75' lang='lat' dir='ltr'><strong>veritati,</strong></span> <span class='ocrx_word' id='word_1_37' title='bbox 410 1193 488 1266; x_wconf 93' lang='lat' dir='ltr'><strong>quod</strong></span> <span class='ocrx_word' id='word_1_38' title='bbox 507 1193 609 1268; x_wconf 88' lang='lat' dir='ltr'><strong>aliquis</strong></span> <span class='ocrx_word' id='word_1_39' title='bbox 628 1213 680 1271; x_wconf 89' lang='lat' dir='ltr'><strong>per</strong></span> <span class='ocrx_word' id='word_1_40' title='bbox 699 1195 795 1268; x_wconf 85' lang='lat' dir='ltr'><strong>aliqua</strong></span> <span class='ocrx_word' id='word_1_41' title='bbox 814 1197 897 1273; x_wconf 82' lang='lat' dir='ltr'><strong>signa</strong></span> <span class='ocrx_word' id='word_1_42' title='bbox 919 1198 1068 1266; x_wconf 83' lang='lat' dir='ltr'><strong>factorum,</strong></span> <span class='ocrx_word' id='word_1_43' title='bbox 1092 1201 1137 1260; x_wconf 88' lang='lat' dir='ltr'><strong>vel</strong></span> <span class='ocrx_word' id='word_1_44' title='bbox 1159 1222 1267 1272; x_wconf 85' lang='lat' dir='ltr'><strong>rerum,</strong></span> 
     </span>
     <span class='ocr_line' id='line_1_7' title="bbox 172 1293 1268 1380; baseline 0.005 -28"><span class='ocrx_word' id='word_1_45' title='bbox 172 1295 279 1367; x_wconf 87' lang='lat' dir='ltr'><strong>aliquid</strong></span> <span class='ocrx_word' id='word_1_46' title='bbox 301 1293 444 1370; x_wconf 87' lang='lat' dir='ltr'><strong>significet</strong></span> <span class='ocrx_word' id='word_1_47' title='bbox 466 1294 639 1352; x_wconf 88' lang='lat' dir='ltr'><strong>contrarium</strong></span> <span class='ocrx_word' id='word_1_48' title='bbox 661 1297 736 1372; x_wconf 89' lang='lat' dir='ltr'><strong>ejus,</strong></span> <span class='ocrx_word' id='word_1_49' title='bbox 757 1295 836 1366; x_wconf 94' lang='lat' dir='ltr'><strong>quod</strong></span> <span class='ocrx_word' id='word_1_50' title='bbox 858 1297 887 1353; x_wconf 91' lang='lat' dir='ltr'><strong>in</strong></span> <span class='ocrx_word' id='word_1_51' title='bbox 907 1315 942 1354; x_wconf 95' lang='lat' dir='ltr'><strong>eo</strong></span> <span class='ocrx_word' id='word_1_52' title='bbox 968 1307 1027 1354; x_wconf 89' lang='lat' dir='ltr'><strong>est:</strong></span> <span class='ocrx_word' id='word_1_53' title='bbox 1055 1299 1133 1370; x_wconf 91' lang='lat' dir='ltr'><strong>quod</strong></span> <span class='ocrx_word' id='word_1_54' title='bbox 1153 1305 1268 1380; x_wconf 79' lang='lat' dir='ltr'><strong>proprie</strong></span> 
     </span>
     <span class='ocr_line' id='line_1_8' title="bbox 173 1391 1269 1471; baseline 0.011 -22"><span class='ocrx_word' id='word_1_55' title='bbox 173 1393 318 1452; x_wconf 85' lang='lat' dir='ltr'>simulatio</span> <span class='ocrx_word' id='word_1_56' title='bbox 331 1392 442 1450; x_wconf 85' lang='lat' dir='ltr'><strong>dicitur.</strong></span> <span class='ocrx_word' id='word_1_57' title='bbox 485 1391 570 1450; x_wconf 86' lang='lat' dir='ltr'><strong>Unde</strong></span> <span class='ocrx_word' id='word_1_58' title='bbox 584 1393 728 1451; x_wconf 80' lang='lat' dir='ltr'><strong>simulatio</strong></span> <span class='ocrx_word' id='word_1_59' title='bbox 741 1395 854 1470; x_wconf 88' lang='lat' dir='ltr'><strong>proprie</strong></span> <span class='ocrx_word' id='word_1_60' title='bbox 873 1405 918 1452; x_wconf 88' lang='lat' dir='ltr'><strong>est</strong></span> <span class='ocrx_word' id='word_1_61' title='bbox 929 1395 1110 1454; x_wconf 75' lang='lat' dir='ltr'><strong>mendacium</strong></span> <span class='ocrx_word' id='word_1_62' title='bbox 1123 1401 1269 1471; x_wconf 82' lang='lat' dir='ltr'><strong>quoddam</strong></span> 
     </span>
     <span class='ocr_line' id='line_1_9' title="bbox 173 1477 1269 1567; baseline 0.008 -19"><span class='ocrx_word' id='word_1_63' title='bbox 173 1493 202 1550; x_wconf 91' lang='lat' dir='ltr'><strong>in</strong></span> <span class='ocrx_word' id='word_1_64' title='bbox 224 1477 397 1550; x_wconf 68' lang='lat' dir='ltr'><strong>exteriorum</strong></span> <span class='ocrx_word' id='word_1_65' title='bbox 424 1491 514 1567; x_wconf 85' lang='lat' dir='ltr'><strong>signis</strong></span> <span class='ocrx_word' id='word_1_66' title='bbox 540 1491 678 1550; x_wconf 84' lang='lat' dir='ltr'><strong>sactorum</strong></span> <span class='ocrx_word' id='word_1_67' title='bbox 704 1487 913 1550; x_wconf 86' lang='lat' dir='ltr'><strong>consistens.”¹</strong></span> <span class='ocrx_word' id='word_1_68' title='bbox 954 1494 1100 1567; x_wconf 86' lang='lat' dir='ltr'><strong>Equidem</strong></span> <span class='ocrx_word' id='word_1_69' title='bbox 1133 1495 1269 1560; x_wconf 80' lang='lat' dir='ltr'><strong>Christus</strong></span> 
     </span>
     <span class='ocr_line' id='line_1_10' title="bbox 175 1590 1267 1671; baseline 0.009 -23"><span class='ocrx_word' id='word_1_70' title='bbox 175 1590 317 1671; x_wconf 83' lang='lat' dir='ltr'><strong>redivivus</strong></span> <span class='ocrx_word' id='word_1_71' title='bbox 330 1593 465 1648; x_wconf 90' lang='lat' dir='ltr'><strong>comitem</strong></span> <span class='ocrx_word' id='word_1_72' title='bbox 477 1608 509 1646; x_wconf 89' lang='lat' dir='ltr'><strong>se</strong></span> <span class='ocrx_word' id='word_1_73' title='bbox 522 1591 651 1665; x_wconf 76' lang='lat' dir='ltr'><strong>praebens</strong></span> <span class='ocrx_word' id='word_1_74' title='bbox 664 1591 774 1650; x_wconf 88' lang='lat' dir='ltr'><strong>duobus</strong></span> <span class='ocrx_word' id='word_1_75' title='bbox 788 1591 937 1669; x_wconf 78' lang='lat' dir='ltr'><strong>discipulis</strong></span> <span class='ocrx_word' id='word_1_76' title='bbox 952 1595 1085 1652; x_wconf 89' lang='lat' dir='ltr'><strong>euntibus</strong></span> <span class='ocrx_word' id='word_1_77' title='bbox 1098 1595 1267 1666; x_wconf 84' lang='lat' dir='ltr'><strong>Emmaum,</strong></span> 
     </span>
     <span class='ocr_line' id='line_1_11' title="bbox 176 1688 1270 1769; baseline 0.006 -23"><span class='ocrx_word' id='word_1_78' title='bbox 176 1688 244 1746; x_wconf 95' lang='lat' dir='ltr'><strong>dum</strong></span> <span class='ocrx_word' id='word_1_79' title='bbox 257 1688 288 1746; x_wconf 94' lang='lat' dir='ltr'><strong>hi</strong></span> <span class='ocrx_word' id='word_1_80' title='bbox 302 1688 469 1747; x_wconf 86' lang='lat' dir='ltr'><strong>diverterent</strong></span> <span class='ocrx_word' id='word_1_81' title='bbox 481 1688 516 1745; x_wconf 91' lang='lat' dir='ltr'><strong>ad</strong></span> <span class='ocrx_word' id='word_1_82' title='bbox 533 1689 767 1765; x_wconf 88' lang='lat' dir='ltr'><strong>pernoctandum,</strong></span> <span class='ocrx_word' id='word_1_83' title='bbox 789 1691 902 1748; x_wconf 86' lang='lat' dir='ltr'><strong>“finxit</strong></span> <span class='ocrx_word' id='word_1_84' title='bbox 920 1709 951 1748; x_wconf 88' lang='lat' dir='ltr'><strong>se</strong></span> <span class='ocrx_word' id='word_1_85' title='bbox 971 1693 1086 1769; x_wconf 83' lang='lat' dir='ltr'><strong>longius</strong></span> <span class='ocrx_word' id='word_1_86' title='bbox 1105 1690 1196 1762; x_wconf 82' lang='lat' dir='ltr'><strong>ire,”²</strong></span> <span class='ocrx_word' id='word_1_87' title='bbox 1216 1699 1270 1758; x_wconf 87' lang='lat' dir='ltr'><strong>sci·</strong></span> 
     </span>
     <span class='ocr_line' id='line_1_12' title="bbox 175 1770 1269 1866; baseline 0.007 -22"><span class='ocrx_word' id='word_1_88' title='bbox 175 1788 239 1844; x_wconf 90' lang='lat' dir='ltr'><strong>licet</strong></span> <span class='ocrx_word' id='word_1_89' title='bbox 261 1789 451 1864; x_wconf 87' lang='lat' dir='ltr'><strong>“composuit</strong></span> <span class='ocrx_word' id='word_1_90' title='bbox 462 1770 679 1855; x_wconf 35' lang='lat' dir='ltr'><strong>motum&#39;suum,</strong></span> <span class='ocrx_word' id='word_1_91' title='bbox 691 1789 776 1860; x_wconf 79' lang='lat' dir='ltr'><strong>&#39;quasi</strong></span> <span class='ocrx_word' id='word_1_92' title='bbox 789 1790 911 1846; x_wconf 86' lang='lat' dir='ltr'><strong>volentis</strong></span> <span class='ocrx_word' id='word_1_93' title='bbox 923 1789 1039 1866; x_wconf 79' lang='lat' dir='ltr'><strong>longius</strong></span> <span class='ocrx_word' id='word_1_94' title='bbox 1052 1785 1142 1848; x_wconf 84' lang='lat' dir='ltr'><strong>ire.’&#39;³</strong></span> <span class='ocrx_word' id='word_1_95' title='bbox 1176 1793 1269 1854; x_wconf 79' lang='lat' dir='ltr'><strong>Caete-</strong></span> 
     </span>
     <span class='ocr_line' id='line_1_13' title="bbox 174 1885 1270 1964; baseline 0.009 -22"><span class='ocrx_word' id='word_1_96' title='bbox 174 1905 237 1944; x_wconf 88' lang='lat' dir='ltr'><strong>rum</strong></span> <span class='ocrx_word' id='word_1_97' title='bbox 247 1885 325 1944; x_wconf 90' lang='lat' dir='ltr'><strong>nulla</strong></span> <span class='ocrx_word' id='word_1_98' title='bbox 333 1887 380 1944; x_wconf 91' lang='lat' dir='ltr'><strong>hic</strong></span> <span class='ocrx_word' id='word_1_99' title='bbox 389 1905 455 1943; x_wconf 87' lang='lat' dir='ltr'><strong>vera</strong></span> <span class='ocrx_word' id='word_1_100' title='bbox 465 1887 609 1946; x_wconf 85' lang='lat' dir='ltr'><strong>simulatio</strong></span> <span class='ocrx_word' id='word_1_101' title='bbox 623 1889 770 1963; x_wconf 88' lang='lat' dir='ltr'><strong>reperitur,</strong></span> <span class='ocrx_word' id='word_1_102' title='bbox 785 1906 874 1959; x_wconf 92' lang='lat' dir='ltr'><strong>quum</strong></span> <span class='ocrx_word' id='word_1_103' title='bbox 888 1887 950 1946; x_wconf 85' lang='lat' dir='ltr'><strong>haec</strong></span> <span class='ocrx_word' id='word_1_104' title='bbox 963 1888 1066 1964; x_wconf 81' lang='lat' dir='ltr'><strong>agendi</strong></span> <span class='ocrx_word' id='word_1_105' title='bbox 1078 1891 1148 1948; x_wconf 87' lang='lat' dir='ltr'><strong>ratio</strong></span> <span class='ocrx_word' id='word_1_106' title='bbox 1159 1893 1270 1952; x_wconf 85' lang='lat' dir='ltr'><strong>viatori·</strong></span> 
     </span>
     <span class='ocr_line' id='line_1_14' title="bbox 176 1983 1269 2067; baseline 0.011 -26"><span class='ocrx_word' id='word_1_107' title='bbox 176 1986 228 2042; x_wconf 88' lang='lat' dir='ltr'><strong>bus</strong></span> <span class='ocrx_word' id='word_1_108' title='bbox 238 1983 313 2042; x_wconf 88' lang='lat' dir='ltr'><strong>haud</strong></span> <span class='ocrx_word' id='word_1_109' title='bbox 325 1987 490 2059; x_wconf 82' lang='lat' dir='ltr'><strong>infrequens</strong></span> <span class='ocrx_word' id='word_1_110' title='bbox 498 1985 605 2044; x_wconf 90' lang='lat' dir='ltr'><strong>indicet</strong></span> <span class='ocrx_word' id='word_1_111' title='bbox 616 1986 752 2062; x_wconf 83' lang='lat' dir='ltr'><strong>pergendi</strong></span> <span class='ocrx_word' id='word_1_112' title='bbox 765 1988 819 2044; x_wconf 90' lang='lat' dir='ltr'><strong>iter</strong></span> <span class='ocrx_word' id='word_1_113' title='bbox 826 1987 988 2055; x_wconf 90' lang='lat' dir='ltr'><strong>consilium,</strong></span> <span class='ocrx_word' id='word_1_114' title='bbox 998 1988 1055 2046; x_wconf 89' lang='lat' dir='ltr'><strong>nisi</strong></span> <span class='ocrx_word' id='word_1_115' title='bbox 1066 1987 1101 2046; x_wconf 84' lang='lat' dir='ltr'><strong>ad</strong></span> <span class='ocrx_word' id='word_1_116' title='bbox 1111 1988 1269 2067; x_wconf 87' lang='lat' dir='ltr'><strong>hospitium</strong></span> 
     </span>
     <span class='ocr_line' id='line_1_15' title="bbox 177 2085 1268 2164; baseline 0.011 -24"><span class='ocrx_word' id='word_1_117' title='bbox 177 2085 336 2142; x_wconf 88' lang='lat' dir='ltr'><strong>invitentur.</strong></span> <span class='ocrx_word' id='word_1_118' title='bbox 377 2086 426 2144; x_wconf 84' lang='lat' dir='ltr'><strong>Sic</strong></span> <span class='ocrx_word' id='word_1_119' title='bbox 439 2104 499 2144; x_wconf 91' lang='lat' dir='ltr'><strong>non</strong></span> <span class='ocrx_word' id='word_1_120' title='bbox 512 2095 664 2144; x_wconf 86' lang='lat' dir='ltr'><strong>censentur</strong></span> <span class='ocrx_word' id='word_1_121' title='bbox 676 2087 800 2154; x_wconf 88' lang='lat' dir='ltr'><strong>mentiri,</strong></span> <span class='ocrx_word' id='word_1_122' title='bbox 816 2087 865 2158; x_wconf 92' lang='lat' dir='ltr'><strong>qui</strong></span> <span class='ocrx_word' id='word_1_123' title='bbox 879 2105 915 2144; x_wconf 90' lang='lat' dir='ltr'><strong>ne</strong></span> <span class='ocrx_word' id='word_1_124' title='bbox 931 2086 1058 2164; x_wconf 91' lang='lat' dir='ltr'><strong>hospitio</strong></span> <span class='ocrx_word' id='word_1_125' title='bbox 1072 2087 1178 2148; x_wconf 86' lang='lat' dir='ltr'><strong>diutius</strong></span> <span class='ocrx_word' id='word_1_126' title='bbox 1191 2093 1268 2152; x_wconf 84' lang='lat' dir='ltr'><strong>abuti</strong></span> 
     </span>
     <span class='ocr_line' id='line_1_16' title="bbox 177 2182 1269 2265; baseline 0.01 -26"><span class='ocrx_word' id='word_1_127' title='bbox 177 2182 331 2250; x_wconf 87' lang='lat' dir='ltr'><strong>videantur,</strong></span> <span class='ocrx_word' id='word_1_128' title='bbox 353 2204 383 2242; x_wconf 91' lang='lat' dir='ltr'><strong>se</strong></span> <span class='ocrx_word' id='word_1_129' title='bbox 396 2193 498 2261; x_wconf 88' lang='lat' dir='ltr'><strong>parant</strong></span> <span class='ocrx_word' id='word_1_130' title='bbox 517 2185 621 2252; x_wconf 90' lang='lat' dir='ltr'><strong>itineri,</strong></span> <span class='ocrx_word' id='word_1_131' title='bbox 642 2185 738 2242; x_wconf 87' lang='lat' dir='ltr'><strong>animo</strong></span> <span class='ocrx_word' id='word_1_132' title='bbox 761 2195 855 2242; x_wconf 88' lang='lat' dir='ltr'><strong>tamen</strong></span> <span class='ocrx_word' id='word_1_133' title='bbox 881 2185 918 2242; x_wconf 88' lang='lat' dir='ltr'><strong>ita</strong></span> <span class='ocrx_word' id='word_1_134' title='bbox 937 2185 1069 2262; x_wconf 86' lang='lat' dir='ltr'><strong>dispositi</strong></span> <span class='ocrx_word' id='word_1_135' title='bbox 1088 2197 1119 2244; x_wconf 93' lang='lat' dir='ltr'><strong>ut</strong></span> <span class='ocrx_word' id='word_1_136' title='bbox 1137 2192 1269 2265; x_wconf 83' lang='lat' dir='ltr'><strong>precibus</strong></span> 
     </span>
     <span class='ocr_line' id='line_1_17' title="bbox 177 2281 614 2360; baseline 0.002 -21"><span class='ocrx_word' id='word_1_137' title='bbox 177 2281 320 2360; x_wconf 90' lang='lat' dir='ltr'><strong>hospitum</strong></span> <span class='ocrx_word' id='word_1_138' title='bbox 329 2285 411 2342; x_wconf 84' lang='lat' dir='ltr'><strong>facile</strong></span> <span class='ocrx_word' id='word_1_139' title='bbox 425 2284 534 2342; x_wconf 87' lang='lat' dir='ltr'><strong>cessuri</strong></span> <span class='ocrx_word' id='word_1_140' title='bbox 547 2285 614 2342; x_wconf 89' lang='lat' dir='ltr'><strong>sint.</strong></span> 
     </span>
    </p>

    <p class='ocr_par' dir='ltr' id='par_1_4' title="bbox 176 2383 1272 3450">
     <span class='ocr_line' id='line_1_18' title="bbox 217 2383 1269 2464; baseline 0.008 -26"><span class='ocrx_word' id='word_1_141' title='bbox 217 2386 283 2440; x_wconf 87' lang='lat'><strong>198.</strong></span> <span class='ocrx_word' id='word_1_142' title='bbox 304 2384 362 2449; x_wconf 84' lang='lat' dir='ltr'><strong>Qui</strong></span> <span class='ocrx_word' id='word_1_143' title='bbox 374 2392 492 2442; x_wconf 87' lang='lat' dir='ltr'><strong>utuntur</strong></span> <span class='ocrx_word' id='word_1_144' title='bbox 506 2392 583 2440; x_wconf 89' lang='lat' dir='ltr'><strong>veste</strong></span> <span class='ocrx_word' id='word_1_145' title='bbox 596 2383 714 2459; x_wconf 89' lang='lat' dir='ltr'><strong>speciali</strong></span> <span class='ocrx_word' id='word_1_146' title='bbox 733 2383 892 2442; x_wconf 88' lang='lat' dir='ltr'><strong>occultandi</strong></span> <span class='ocrx_word' id='word_1_147' title='bbox 912 2401 943 2440; x_wconf 91' lang='lat' dir='ltr'><strong>se</strong></span> <span class='ocrx_word' id='word_1_148' title='bbox 963 2403 1057 2453; x_wconf 87' lang='lat' dir='ltr'><strong>causa,</strong></span> <span class='ocrx_word' id='word_1_149' title='bbox 1071 2396 1100 2444; x_wconf 89' lang='lat' dir='ltr'><strong>et</strong></span> <span class='ocrx_word' id='word_1_150' title='bbox 1119 2387 1187 2464; x_wconf 80' lang='lat' dir='ltr'><strong>suga</strong></span> <span class='ocrx_word' id='word_1_151' title='bbox 1206 2407 1269 2446; x_wconf 87' lang='lat' dir='ltr'><strong>eva·</strong></span> 
     </span>
     <span class='ocr_line' id='line_1_19' title="bbox 176 2479 1270 2560; baseline 0.006 -23"><span class='ocrx_word' id='word_1_152' title='bbox 176 2479 271 2550; x_wconf 88' lang='lat' dir='ltr'><strong>dendi,</strong></span> <span class='ocrx_word' id='word_1_153' title='bbox 284 2501 342 2542; x_wconf 92' lang='lat' dir='ltr'><strong>non</strong></span> <span class='ocrx_word' id='word_1_154' title='bbox 356 2483 486 2540; x_wconf 89' lang='lat' dir='ltr'><strong>videntur</strong></span> <span class='ocrx_word' id='word_1_155' title='bbox 498 2482 687 2540; x_wconf 81' lang='lat' dir='ltr'><strong>simulationis</strong></span> <span class='ocrx_word' id='word_1_156' title='bbox 700 2484 752 2551; x_wconf 87' lang='lat' dir='ltr'><strong>rei,</strong></span> <span class='ocrx_word' id='word_1_157' title='bbox 766 2484 897 2554; x_wconf 91' lang='lat' dir='ltr'><strong>quamvis</strong></span> <span class='ocrx_word' id='word_1_158' title='bbox 915 2484 992 2540; x_wconf 88' lang='lat' dir='ltr'><strong>enim</strong></span> <span class='ocrx_word' id='word_1_159' title='bbox 1006 2486 1133 2560; x_wconf 89' lang='lat' dir='ltr'><strong>speciem</strong></span> <span class='ocrx_word' id='word_1_160' title='bbox 1147 2486 1270 2546; x_wconf 85' lang='lat' dir='ltr'><strong>alienam</strong></span> 
     </span>
     <span class='ocr_line' id='line_1_20' title="bbox 176 2580 1270 2657; baseline 0.006 -21"><span class='ocrx_word' id='word_1_161' title='bbox 176 2580 348 2638; x_wconf 88' lang='lat' dir='ltr'><strong>intuentihus</strong></span> <span class='ocrx_word' id='word_1_162' title='bbox 362 2581 506 2657; x_wconf 85' lang='lat' dir='ltr'><strong>objiciant,</strong></span> <span class='ocrx_word' id='word_1_163' title='bbox 521 2599 555 2638; x_wconf 88' lang='lat' dir='ltr'><strong>eo</strong></span> <span class='ocrx_word' id='word_1_164' title='bbox 568 2581 652 2639; x_wconf 88' lang='lat' dir='ltr'><strong>etiam</strong></span> <span class='ocrx_word' id='word_1_165' title='bbox 666 2581 786 2638; x_wconf 89' lang='lat' dir='ltr'><strong>consilio</strong></span> <span class='ocrx_word' id='word_1_166' title='bbox 806 2592 837 2640; x_wconf 90' lang='lat' dir='ltr'><strong>ut</strong></span> <span class='ocrx_word' id='word_1_167' title='bbox 857 2581 1041 2656; x_wconf 87' lang='lat' dir='ltr'><strong>decipiantur,</strong></span> <span class='ocrx_word' id='word_1_168' title='bbox 1062 2593 1185 2642; x_wconf 87' lang='lat' dir='ltr'><strong>attamen</strong></span> <span class='ocrx_word' id='word_1_169' title='bbox 1198 2585 1270 2642; x_wconf 87' lang='lat' dir='ltr'><strong>nihil</strong></span> 
     </span>
     <span class='ocr_line' id='line_1_21' title="bbox 180 2678 1270 2754; baseline 0.004 -20"><span class='ocrx_word' id='word_1_170' title='bbox 180 2678 332 2745; x_wconf 84' lang='lat' dir='ltr'><strong>affinnant,</strong></span> <span class='ocrx_word' id='word_1_171' title='bbox 346 2688 375 2734; x_wconf 93' lang='lat' dir='ltr'><strong>et</strong></span> <span class='ocrx_word' id='word_1_172' title='bbox 386 2697 499 2754; x_wconf 86' lang='lat' dir='ltr'><strong>gravem</strong></span> <span class='ocrx_word' id='word_1_173' title='bbox 519 2679 621 2737; x_wconf 88' lang='lat' dir='ltr'><strong>habent</strong></span> <span class='ocrx_word' id='word_1_174' title='bbox 641 2698 755 2737; x_wconf 90' lang='lat' dir='ltr'><strong>causam</strong></span> <span class='ocrx_word' id='word_1_175' title='bbox 775 2698 825 2735; x_wconf 92' lang='lat' dir='ltr'><strong>cur</strong></span> <span class='ocrx_word' id='word_1_176' title='bbox 845 2679 911 2736; x_wconf 94' lang='lat' dir='ltr'><strong>dolo</strong></span> <span class='ocrx_word' id='word_1_177' title='bbox 925 2687 1046 2736; x_wconf 89' lang='lat' dir='ltr'><strong>utantur.</strong></span> <span class='ocrx_word' id='word_1_178' title='bbox 1088 2681 1139 2736; x_wconf 85' lang='lat' dir='ltr'><strong>Sic</strong></span> <span class='ocrx_word' id='word_1_179' title='bbox 1152 2682 1196 2738; x_wconf 89' lang='lat' dir='ltr'><strong>vir</strong></span> <span class='ocrx_word' id='word_1_180' title='bbox 1208 2700 1270 2738; x_wconf 91' lang='lat' dir='ltr'><strong>mu·</strong></span> 
     </span>
     <span class='ocr_line' id='line_1_22' title="bbox 178 2775 1272 2850; baseline 0.003 -17"><span class='ocrx_word' id='word_1_181' title='bbox 178 2776 258 2834; x_wconf 90' lang='lat' dir='ltr'><strong>lieris</strong></span> <span class='ocrx_word' id='word_1_182' title='bbox 272 2777 394 2834; x_wconf 89' lang='lat' dir='ltr'><strong>vestibus</strong></span> <span class='ocrx_word' id='word_1_183' title='bbox 408 2777 518 2835; x_wconf 90' lang='lat' dir='ltr'><strong>indutus</strong></span> <span class='ocrx_word' id='word_1_184' title='bbox 537 2797 678 2838; x_wconf 85' lang='lat' dir='ltr'><strong>coarcere</strong></span> <span class='ocrx_word' id='word_1_185' title='bbox 692 2775 844 2850; x_wconf 87' lang='lat' dir='ltr'><strong>aliquando</strong></span> <span class='ocrx_word' id='word_1_186' title='bbox 858 2775 955 2834; x_wconf 86' lang='lat' dir='ltr'><strong>evasit.</strong></span> <span class='ocrx_word' id='word_1_187' title='bbox 998 2775 1083 2842; x_wconf 87' lang='lat' dir='ltr'><strong>Quod</strong></span> <span class='ocrx_word' id='word_1_188' title='bbox 1097 2778 1122 2834; x_wconf 89' lang='lat' dir='ltr'><strong>si</strong></span> <span class='ocrx_word' id='word_1_189' title='bbox 1135 2780 1222 2836; x_wconf 87' lang='lat' dir='ltr'><strong>vestis</strong></span> <span class='ocrx_word' id='word_1_190' title='bbox 1235 2780 1272 2836; x_wconf 89' lang='lat' dir='ltr'><strong>sit</strong></span> 
     </span>
     <span class='ocr_line' id='line_1_23' title="bbox 177 2875 1271 2954; baseline 0.002 -20"><span class='ocrx_word' id='word_1_191' title='bbox 177 2885 262 2934; x_wconf 75' lang='lat' dir='ltr'><strong>secta</strong></span> <span class='ocrx_word' id='word_1_192' title='bbox 284 2879 408 2952; x_wconf 88' lang='lat' dir='ltr'><strong>propria,</strong></span> <span class='ocrx_word' id='word_1_193' title='bbox 433 2896 467 2934; x_wconf 90' lang='lat' dir='ltr'><strong>v:</strong></span> <span class='ocrx_word' id='word_1_194' title='bbox 488 2897 525 2954; x_wconf 85' lang='lat' dir='ltr'><strong>g:</strong></span> <span class='ocrx_word' id='word_1_195' title='bbox 548 2878 758 2946; x_wconf 87' lang='lat' dir='ltr'><strong>Quakerornm,</strong></span> <span class='ocrx_word' id='word_1_196' title='bbox 781 2875 893 2934; x_wconf 88' lang='lat' dir='ltr'><strong>videtur</strong></span> <span class='ocrx_word' id='word_1_197' title='bbox 911 2876 1043 2934; x_wconf 80' lang='lat' dir='ltr'><strong>excusari</strong></span> <span class='ocrx_word' id='word_1_198' title='bbox 1065 2895 1153 2954; x_wconf 88' lang='lat' dir='ltr'><strong>posse</strong></span> <span class='ocrx_word' id='word_1_199' title='bbox 1174 2880 1271 2952; x_wconf 88' lang='lat' dir='ltr'><strong>quiea</strong></span> 
     </span>
     <span class='ocr_line' id='line_1_24' title="bbox 177 2976 1271 3055; baseline 0.004 -21"><span class='ocrx_word' id='word_1_200' title='bbox 177 2977 206 3034; x_wconf 93' lang='lat' dir='ltr'><strong>in</strong></span> <span class='ocrx_word' id='word_1_201' title='bbox 226 2985 303 3034; x_wconf 87' lang='lat' dir='ltr'><strong>tanto</strong></span> <span class='ocrx_word' id='word_1_202' title='bbox 323 2976 485 3034; x_wconf 89' lang='lat' dir='ltr'><strong>discrimine</strong></span> <span class='ocrx_word' id='word_1_203' title='bbox 514 2979 609 3045; x_wconf 88' lang='lat' dir='ltr'><strong>utitur,</strong></span> <span class='ocrx_word' id='word_1_204' title='bbox 631 2995 719 3050; x_wconf 91' lang='lat' dir='ltr'><strong>quum</strong></span> <span class='ocrx_word' id='word_1_205' title='bbox 740 2977 828 3034; x_wconf 87' lang='lat' dir='ltr'><strong>vestis</strong></span> <span class='ocrx_word' id='word_1_206' title='bbox 849 2995 907 3036; x_wconf 91' lang='lat' dir='ltr'><strong>non</strong></span> <span class='ocrx_word' id='word_1_207' title='bbox 929 2977 967 3033; x_wconf 87' lang='lat' dir='ltr'><strong>sit</strong></span> <span class='ocrx_word' id='word_1_208' title='bbox 988 2995 1040 3052; x_wconf 91' lang='lat' dir='ltr'><strong>per</strong></span> <span class='ocrx_word' id='word_1_209' title='bbox 1067 2996 1099 3035; x_wconf 91' lang='lat' dir='ltr'><strong>se</strong></span> <span class='ocrx_word' id='word_1_210' title='bbox 1124 2978 1271 3055; x_wconf 82' lang='lat' dir='ltr'><strong>religionis</strong></span> 
     </span>
     <span class='ocr_line' id='line_1_25' title="bbox 178 3076 1269 3153; baseline 0.005 -22"><span class='ocrx_word' id='word_1_211' title='bbox 178 3084 265 3143; x_wconf 78' lang='lat' dir='ltr'><strong>actae,</strong></span> <span class='ocrx_word' id='word_1_212' title='bbox 279 3095 334 3134; x_wconf 90' lang='lat' dir='ltr'><strong>nec</strong></span> <span class='ocrx_word' id='word_1_213' title='bbox 347 3076 499 3153; x_wconf 82' lang='lat' dir='ltr'><strong>professio,</strong></span> <span class='ocrx_word' id='word_1_214' title='bbox 520 3078 652 3151; x_wconf 90' lang='lat' dir='ltr'><strong>quamvis</strong></span> <span class='ocrx_word' id='word_1_215' title='bbox 675 3076 817 3152; x_wconf 85' lang='lat' dir='ltr'><strong>placuerit</strong></span> <span class='ocrx_word' id='word_1_216' title='bbox 838 3085 923 3134; x_wconf 83' lang='lat' dir='ltr'><strong>sectae</strong></span> <span class='ocrx_word' id='word_1_217' title='bbox 944 3077 1084 3153; x_wconf 86' lang='lat' dir='ltr'><strong>peculiari</strong></span> <span class='ocrx_word' id='word_1_218' title='bbox 1106 3077 1198 3137; x_wconf 83' lang='lat' dir='ltr'><strong>forma</strong></span> <span class='ocrx_word' id='word_1_219' title='bbox 1217 3081 1269 3137; x_wconf 89' lang='lat' dir='ltr'><strong>uti.</strong></span> 
     </span>
     <span class='ocr_line' id='line_1_26' title="bbox 178 3174 1270 3254; baseline 0.005 -23"><span class='ocrx_word' id='word_1_220' title='bbox 178 3174 333 3232; x_wconf 83' lang='lat' dir='ltr'><strong>Simularet</strong></span> <span class='ocrx_word' id='word_1_221' title='bbox 346 3186 452 3244; x_wconf 88' lang='lat' dir='ltr'><strong>autem,</strong></span> <span class='ocrx_word' id='word_1_222' title='bbox 463 3186 493 3234; x_wconf 89' lang='lat' dir='ltr'><strong>et</strong></span> <span class='ocrx_word' id='word_1_223' title='bbox 505 3178 535 3234; x_wconf 92' lang='lat' dir='ltr'><strong>in</strong></span> <span class='ocrx_word' id='word_1_224' title='bbox 548 3176 636 3234; x_wconf 92' lang='lat' dir='ltr'><strong>fidem</strong></span> <span class='ocrx_word' id='word_1_225' title='bbox 655 3187 797 3253; x_wconf 88' lang='lat' dir='ltr'><strong>peccaret,</strong></span> <span class='ocrx_word' id='word_1_226' title='bbox 812 3179 872 3248; x_wconf 90' lang='lat' dir='ltr'><strong>qui,</strong></span> <span class='ocrx_word' id='word_1_227' title='bbox 894 3175 974 3234; x_wconf 91' lang='lat' dir='ltr'><strong>nullo</strong></span> <span class='ocrx_word' id='word_1_228' title='bbox 995 3177 1117 3234; x_wconf 83' lang='lat' dir='ltr'><strong>instante</strong></span> <span class='ocrx_word' id='word_1_229' title='bbox 1131 3179 1270 3254; x_wconf 89' lang='lat' dir='ltr'><strong>periculo,</strong></span> 
     </span>
     <span class='ocr_line' id='line_1_27' title="bbox 178 3265 1271 3353; baseline 0.005 -22"><span class='ocrx_word' id='word_1_230' title='bbox 178 3265 345 3353; x_wconf 86' lang='lat' dir='ltr'><strong>hujusmodi</strong></span> <span class='ocrx_word' id='word_1_231' title='bbox 367 3275 500 3335; x_wconf 88' lang='lat' dir='ltr'><strong>indueret</strong></span> <span class='ocrx_word' id='word_1_232' title='bbox 519 3286 640 3344; x_wconf 85' lang='lat' dir='ltr'><strong>vestem,</strong></span> <span class='ocrx_word' id='word_1_233' title='bbox 661 3286 694 3334; x_wconf 93' lang='lat' dir='ltr'><strong>ut</strong></span> <span class='ocrx_word' id='word_1_234' title='bbox 710 3286 795 3334; x_wconf 84' lang='lat' dir='ltr'><strong>sectae</strong></span> <span class='ocrx_word' id='word_1_235' title='bbox 816 3277 872 3333; x_wconf 91' lang='lat' dir='ltr'><strong>sibi</strong></span> <span class='ocrx_word' id='word_1_236' title='bbox 893 3274 1071 3333; x_wconf 86' lang='lat' dir='ltr'><strong>consortium</strong></span> <span class='ocrx_word' id='word_1_237' title='bbox 1090 3286 1119 3334; x_wconf 91' lang='lat' dir='ltr'><strong>et</strong></span> <span class='ocrx_word' id='word_1_238' title='bbox 1132 3277 1271 3336; x_wconf 84' lang='lat' dir='ltr'><strong>auxilium</strong></span> 
     </span>
     <span class='ocr_line' id='line_1_28' title="bbox 178 3384 364 3450; baseline 0 -18"><span class='ocrx_word' id='word_1_239' title='bbox 178 3384 364 3450; x_wconf 86' lang='lat' dir='ltr'><strong>compararet.</strong></span> 
     </span>
    </p>

    <p class='ocr_par' dir='ltr' id='par_1_5' title="bbox 178 3471 1274 3852">
     <span class='ocr_line' id='line_1_29' title="bbox 221 3471 1274 3547; baseline -0.001 -18"><span class='ocrx_word' id='word_1_240' title='bbox 221 3476 289 3530; x_wconf 80' lang='lat'>199.</span> <span class='ocrx_word' id='word_1_241' title='bbox 312 3475 381 3532; x_wconf 93' lang='lat' dir='ltr'><strong>Non</strong></span> <span class='ocrx_word' id='word_1_242' title='bbox 394 3473 532 3532; x_wconf 89' lang='lat' dir='ltr'><strong>dicendus</strong></span> <span class='ocrx_word' id='word_1_243' title='bbox 546 3484 590 3531; x_wconf 88' lang='lat' dir='ltr'><strong>est</strong></span> <span class='ocrx_word' id='word_1_244' title='bbox 603 3473 751 3532; x_wconf 87' lang='lat' dir='ltr'><strong>simulator</strong></span> <span class='ocrx_word' id='word_1_245' title='bbox 770 3473 820 3544; x_wconf 92' lang='lat' dir='ltr'><strong>qui</strong></span> <span class='ocrx_word' id='word_1_246' title='bbox 839 3472 976 3547; x_wconf 83' lang='lat' dir='ltr'><strong>gravioris</strong></span> <span class='ocrx_word' id='word_1_247' title='bbox 997 3471 1106 3544; x_wconf 89' lang='lat' dir='ltr'><strong>peccati</strong></span> <span class='ocrx_word' id='word_1_248' title='bbox 1125 3489 1191 3528; x_wconf 86' lang='lat' dir='ltr'><strong>reus</strong></span> <span class='ocrx_word' id='word_1_249' title='bbox 1204 3471 1274 3528; x_wconf 90' lang='lat' dir='ltr'><strong>illud</strong></span> 
     </span>
     <span class='ocr_line' id='line_1_30' title="bbox 180 3568 1274 3647; baseline 0 -19"><span class='ocrx_word' id='word_1_250' title='bbox 180 3570 277 3629; x_wconf 88' lang='lat' dir='ltr'><strong>studet</strong></span> <span class='ocrx_word' id='word_1_251' title='bbox 288 3572 435 3640; x_wconf 87' lang='lat' dir='ltr'><strong>occultare,</strong></span> <span class='ocrx_word' id='word_1_252' title='bbox 451 3573 520 3644; x_wconf 93' lang='lat' dir='ltr'><strong>quin</strong></span> <span class='ocrx_word' id='word_1_253' title='bbox 533 3574 687 3631; x_wconf 84' lang='lat' dir='ltr'><strong>sanctitatis</strong></span> <span class='ocrx_word' id='word_1_254' title='bbox 699 3571 811 3628; x_wconf 87' lang='lat' dir='ltr'><strong>affectet</strong></span> <span class='ocrx_word' id='word_1_255' title='bbox 822 3568 955 3635; x_wconf 75' lang='lat' dir='ltr'><strong>laudem,</strong></span> <span class='ocrx_word' id='word_1_256' title='bbox 976 3587 1062 3628; x_wconf 91' lang='lat' dir='ltr'><strong>nemo</strong></span> <span class='ocrx_word' id='word_1_257' title='bbox 1072 3571 1149 3628; x_wconf 90' lang='lat' dir='ltr'><strong>enim</strong></span> <span class='ocrx_word' id='word_1_258' title='bbox 1163 3589 1195 3628; x_wconf 88' lang='lat' dir='ltr'><strong>se</strong></span> <span class='ocrx_word' id='word_1_259' title='bbox 1209 3589 1274 3647; x_wconf 92' lang='lat' dir='ltr'><strong>pro·</strong></span> 
     </span>
     <span class='ocr_line' id='line_1_31' title="bbox 180 3669 1273 3748; baseline 0.001 -21"><span class='ocrx_word' id='word_1_260' title='bbox 180 3671 247 3728; x_wconf 88' lang='lat' dir='ltr'><strong>dere</strong></span> <span class='ocrx_word' id='word_1_261' title='bbox 263 3679 377 3739; x_wconf 91' lang='lat' dir='ltr'><strong>tenetur,</strong></span> <span class='ocrx_word' id='word_1_262' title='bbox 398 3681 427 3728; x_wconf 88' lang='lat' dir='ltr'><strong>et</strong></span> <span class='ocrx_word' id='word_1_263' title='bbox 440 3671 593 3748; x_wconf 88' lang='lat' dir='ltr'><strong>prudenter</strong></span> <span class='ocrx_word' id='word_1_264' title='bbox 612 3672 684 3728; x_wconf 89' lang='lat' dir='ltr'><strong>celat</strong></span> <span class='ocrx_word' id='word_1_265' title='bbox 703 3670 837 3728; x_wconf 87' lang='lat' dir='ltr'><strong>delictum</strong></span> <span class='ocrx_word' id='word_1_266' title='bbox 857 3689 893 3727; x_wconf 86' lang='lat' dir='ltr'><strong>ex</strong></span> <span class='ocrx_word' id='word_1_267' title='bbox 913 3688 969 3742; x_wconf 90' lang='lat' dir='ltr'><strong>quo</strong></span> <span class='ocrx_word' id='word_1_268' title='bbox 990 3669 1044 3728; x_wconf 88' lang='lat' dir='ltr'><strong>sibi</strong></span> <span class='ocrx_word' id='word_1_269' title='bbox 1063 3670 1189 3738; x_wconf 86' lang='lat' dir='ltr'><strong>infamia,</strong></span> <span class='ocrx_word' id='word_1_270' title='bbox 1210 3672 1273 3730; x_wconf 89' lang='lat' dir='ltr'><strong>aliis</strong></span> 
     </span>
     <span class='ocr_line' id='line_1_32' title="bbox 178 3769 1273 3852; baseline -0.003 -23"><span class='ocrx_word' id='word_1_271' title='bbox 178 3769 302 3829; x_wconf 84' lang='lat' dir='ltr'><strong>offensio</strong></span> <span class='ocrx_word' id='word_1_272' title='bbox 321 3779 349 3826; x_wconf 88' lang='lat' dir='ltr'><strong>et</strong></span> <span class='ocrx_word' id='word_1_273' title='bbox 367 3771 449 3828; x_wconf 90' lang='lat' dir='ltr'><strong>ruina</strong></span> <span class='ocrx_word' id='word_1_274' title='bbox 467 3771 564 3830; x_wconf 81' lang='lat' dir='ltr'><strong>forsan</strong></span> <span class='ocrx_word' id='word_1_275' title='bbox 584 3780 725 3843; x_wconf 90' lang='lat' dir='ltr'><strong>sequatur.</strong></span> <span class='ocrx_word' id='word_1_276' title='bbox 768 3770 881 3852; x_wconf 42' lang='lat' dir='ltr'><strong>{Sicut</strong></span> <span class='ocrx_word' id='word_1_277' title='bbox 901 3769 1003 3843; x_wconf 88' lang='lat' dir='ltr'><strong>aliquis</strong></span> <span class='ocrx_word' id='word_1_278' title='bbox 1024 3771 1111 3828; x_wconf 91' lang='lat' dir='ltr'><strong>verbo</strong></span> <span class='ocrx_word' id='word_1_279' title='bbox 1130 3771 1273 3837; x_wconf 88' lang='lat' dir='ltr'><strong>mentitur,</strong></span> 
     </span>
    </p>
   </div>
   <div class='ocr_carea' id='block_1_4' title="bbox 175 3975 1279 4474">
    <p class='ocr_par' dir='ltr' id='par_1_6' title="bbox 175 3975 1279 4380">
     <span class='ocr_line' id='line_1_33' title="bbox 213 3975 1273 4048; baseline 0 -19"><span class='ocrx_word' id='word_1_280' title='bbox 213 3984 257 4048; x_wconf 91' lang='lat' dir='ltr'><strong>(l)</strong></span> <span class='ocrx_word' id='word_1_281' title='bbox 277 3982 305 4030; x_wconf 85' lang='lat' dir='ltr'><strong>S.</strong></span> <span class='ocrx_word' id='word_1_282' title='bbox 319 3980 411 4030; x_wconf 85' lang='lat' dir='ltr'><strong>Thom.</strong></span> <span class='ocrx_word' id='word_1_283' title='bbox 423 3979 535 4043; x_wconf 50' lang='grc' dir='ltr'><strong>Μαι.</strong></span> <span class='ocrx_word' id='word_1_284' title='bbox 547 3979 597 4029; x_wconf 83' lang='lat' dir='ltr'><strong>exi.</strong></span> <span class='ocrx_word' id='word_1_285' title='bbox 609 3986 652 4028; x_wconf 85' lang='lat' dir='ltr'><strong>art</strong></span> <span class='ocrx_word' id='word_1_286' title='bbox 670 3979 687 4028; x_wconf 91' lang='lat' dir='ltr'><strong>i.</strong></span> <span class='ocrx_word' id='word_1_287' title='bbox 705 3977 783 4044; x_wconf 84' lang='lat' dir='ltr'><strong>Resp.</strong></span> <span class='ocrx_word' id='word_1_288' title='bbox 810 3975 884 4039; x_wconf 86' lang='lat' dir='ltr'><strong>Peley</strong></span> <span class='ocrx_word' id='word_1_289' title='bbox 897 3975 971 4025; x_wconf 86' lang='lat' dir='ltr'><strong>dicit:</strong></span> <span class='ocrx_word' id='word_1_290' title='bbox 989 3975 1036 4022; x_wconf 85' lang='lat' dir='ltr'><strong>“A</strong></span> <span class='ocrx_word' id='word_1_291' title='bbox 1056 3990 1114 4024; x_wconf 85' lang='lat' dir='ltr'><strong>man</strong></span> <span class='ocrx_word' id='word_1_292' title='bbox 1133 3990 1189 4040; x_wconf 81' lang='lat' dir='ltr'><strong>may</strong></span> <span class='ocrx_word' id='word_1_293' title='bbox 1201 3981 1273 4029; x_wconf 83' lang='lat' dir='ltr'><strong>acts</strong></span> 
     </span>
     <span class='ocr_line' id='line_1_34' title="bbox 177 4060 1279 4130; baseline -0.006 -12"><span class='ocrx_word' id='word_1_294' title='bbox 177 4070 224 4126; x_wconf 85' lang='lat' dir='ltr'><strong>lie;</strong></span> <span class='ocrx_word' id='word_1_295' title='bbox 241 4084 269 4117; x_wconf 86' lang='lat' dir='ltr'><strong>es</strong></span> <span class='ocrx_word' id='word_1_296' title='bbox 280 4069 313 4130; x_wconf 85' lang='lat' dir='ltr'><strong>by</strong></span> <span class='ocrx_word' id='word_1_297' title='bbox 326 4065 440 4130; x_wconf 84' lang='lat' dir='ltr'><strong>pointing</strong></span> <span class='ocrx_word' id='word_1_298' title='bbox 451 4063 490 4114; x_wconf 89' lang='lat' dir='ltr'><strong>his</strong></span> <span class='ocrx_word' id='word_1_299' title='bbox 505 4064 585 4126; x_wconf 78' lang='lat' dir='ltr'><strong>finger</strong></span> <span class='ocrx_word' id='word_1_300' title='bbox 595 4065 622 4114; x_wconf 92' lang='lat' dir='ltr'><strong>in</strong></span> <span class='ocrx_word' id='word_1_301' title='bbox 634 4081 649 4114; x_wconf 85' lang='lat' dir='ltr'><strong>a</strong></span> <span class='ocrx_word' id='word_1_302' title='bbox 660 4081 745 4126; x_wconf 80' lang='lat' dir='ltr'><strong>wrong</strong></span> <span class='ocrx_word' id='word_1_303' title='bbox 757 4063 874 4112; x_wconf 87' lang='lat' dir='ltr'><strong>direction</strong></span> <span class='ocrx_word' id='word_1_304' title='bbox 886 4061 957 4110; x_wconf 88' lang='lat' dir='ltr'><strong>when</strong></span> <span class='ocrx_word' id='word_1_305' title='bbox 978 4076 992 4108; x_wconf 84' lang='lat' dir='ltr'><strong>a</strong></span> <span class='ocrx_word' id='word_1_306' title='bbox 1011 4061 1120 4109; x_wconf 86' lang='lat' dir='ltr'><strong>traveller</strong></span> <span class='ocrx_word' id='word_1_307' title='bbox 1131 4060 1239 4126; x_wconf 86' lang='lat' dir='ltr'><strong>inquires</strong></span> <span class='ocrx_word' id='word_1_308' title='bbox 1251 4064 1279 4113; x_wconf 82' lang='lat' dir='ltr'><strong>ol</strong></span> 
     </span>
     <span class='ocr_line' id='line_1_35' title="bbox 176 4145 1276 4212; baseline -0.004 -10"><span class='ocrx_word' id='word_1_309' title='bbox 176 4153 229 4203; x_wconf 93' lang='lat' dir='ltr'><strong>him</strong></span> <span class='ocrx_word' id='word_1_310' title='bbox 241 4152 282 4201; x_wconf 90' lang='lat' dir='ltr'><strong>his</strong></span> <span class='ocrx_word' id='word_1_311' title='bbox 293 4149 376 4200; x_wconf 81' lang='lat' dir='ltr'><strong>rond.’&#39;</strong></span> <span class='ocrx_word' id='word_1_312' title='bbox 388 4151 403 4199; x_wconf 93' lang='lat' dir='ltr'><strong>l.</strong></span> <span class='ocrx_word' id='word_1_313' title='bbox 412 4150 437 4198; x_wconf 92' lang='lat' dir='ltr'><strong>ii.</strong></span> <span class='ocrx_word' id='word_1_314' title='bbox 449 4165 471 4198; x_wconf 92' lang='lat' dir='ltr'><strong>c.</strong></span> <span class='ocrx_word' id='word_1_315' title='bbox 482 4165 524 4198; x_wconf 85' lang='lat' dir='ltr'><strong>xv.</strong></span> <span class='ocrx_word' id='word_1_316' title='bbox 541 4149 661 4198; x_wconf 84' lang='lat' dir='ltr'><strong>Jeremias</strong></span> <span class='ocrx_word' id='word_1_317' title='bbox 672 4149 765 4212; x_wconf 85' lang='lat' dir='ltr'><strong>Taylor</strong></span> <span class='ocrx_word' id='word_1_318' title='bbox 776 4149 848 4196; x_wconf 87' lang='lat' dir='ltr'><strong>verba</strong></span> <span class='ocrx_word' id='word_1_319' title='bbox 860 4145 993 4210; x_wconf 83' lang='lat' dir='ltr'><strong>Aquinatis</strong></span> <span class='ocrx_word' id='word_1_320' title='bbox 1010 4162 1054 4196; x_wconf 86' lang='lat' dir='ltr'><strong>sua</strong></span> <span class='ocrx_word' id='word_1_321' title='bbox 1066 4145 1130 4206; x_wconf 80' lang='lat' dir='ltr'><strong>iacit,</strong></span> <span class='ocrx_word' id='word_1_322' title='bbox 1149 4149 1276 4198; x_wconf 85' lang='lat' dir='ltr'><strong>“because</strong></span> 
     </span>
     <span class='ocr_line' id='line_1_36' title="bbox 175 4229 1275 4303; baseline -0.006 -15"><span class='ocrx_word' id='word_1_323' title='bbox 175 4238 234 4303; x_wconf 87' lang='lat' dir='ltr'><strong>they</strong></span> <span class='ocrx_word' id='word_1_324' title='bbox 247 4252 289 4286; x_wconf 86' lang='lat' dir='ltr'><strong>arc</strong></span> <span class='ocrx_word' id='word_1_325' title='bbox 301 4235 442 4286; x_wconf 84' lang='lat' dir='ltr'><strong>reasonable</strong></span> <span class='ocrx_word' id='word_1_326' title='bbox 452 4233 499 4284; x_wconf 84' lang='lat' dir='ltr'><strong>end</strong></span> <span class='ocrx_word' id='word_1_327' title='bbox 509 4233 588 4300; x_wconf 89' lang='lat' dir='ltr'><strong>picus.</strong></span> <span class='ocrx_word' id='word_1_328' title='bbox 607 4268 613 4283; x_wconf 94' lang='lat'>.</span> <span class='ocrx_word' id='word_1_329' title='bbox 631 4269 637 4282; x_wconf 95' lang='lat'><em>.</em></span> <span class='ocrx_word' id='word_1_330' title='bbox 656 4267 663 4280; x_wconf 90' lang='lat'><strong>.</strong></span> <span class='ocrx_word' id='word_1_331' title='bbox 681 4233 705 4281; x_wconf 89' lang='lat' dir='ltr'>A</span> <span class='ocrx_word' id='word_1_332' title='bbox 727 4247 785 4282; x_wconf 85' lang='lat' dir='ltr'><strong>men</strong></span> <span class='ocrx_word' id='word_1_333' title='bbox 803 4246 859 4294; x_wconf 87' lang='lat' dir='ltr'><strong>may</strong></span> <span class='ocrx_word' id='word_1_334' title='bbox 872 4231 928 4280; x_wconf 79' lang='lat' dir='ltr'><strong>look</strong></span> <span class='ocrx_word' id='word_1_335' title='bbox 948 4230 1011 4291; x_wconf 87' lang='lat' dir='ltr'><strong>alie,</strong></span> <span class='ocrx_word' id='word_1_336' title='bbox 1024 4230 1071 4279; x_wconf 85' lang='lat' dir='ltr'><strong>and</strong></span> <span class='ocrx_word' id='word_1_337' title='bbox 1084 4229 1133 4280; x_wconf 90' lang='lat' dir='ltr'><strong>nod</strong></span> <span class='ocrx_word' id='word_1_338' title='bbox 1145 4247 1160 4280; x_wconf 86' lang='lat' dir='ltr'><strong>e</strong></span> <span class='ocrx_word' id='word_1_339' title='bbox 1170 4233 1208 4292; x_wconf 89' lang='lat' dir='ltr'><strong>lie,</strong></span> <span class='ocrx_word' id='word_1_340' title='bbox 1227 4232 1275 4281; x_wconf 85' lang='lat' dir='ltr'><strong>end</strong></span> 
     </span>
     <span class='ocr_line' id='line_1_37' title="bbox 175 4315 1109 4380; baseline -0.01 -7"><span class='ocrx_word' id='word_1_341' title='bbox 175 4323 247 4373; x_wconf 87' lang='lat' dir='ltr'><strong>smile</strong></span> <span class='ocrx_word' id='word_1_342' title='bbox 257 4338 272 4370; x_wconf 87' lang='lat' dir='ltr'><strong>a</strong></span> <span class='ocrx_word' id='word_1_343' title='bbox 281 4319 337 4370; x_wconf 87' lang='lat' dir='ltr'><strong>lie.&#39;&#39;</strong></span> <span class='ocrx_word' id='word_1_344' title='bbox 372 4320 468 4370; x_wconf 87' lang='lat' dir='ltr'><strong>Ductor</strong></span> <span class='ocrx_word' id='word_1_345' title='bbox 478 4317 669 4379; x_wconf 78' lang='lat' dir='ltr'><strong>Dubitantinm,</strong></span> <span class='ocrx_word' id='word_1_346' title='bbox 682 4319 697 4366; x_wconf 91' lang='lat' dir='ltr'><strong>l.</strong></span> <span class='ocrx_word' id='word_1_347' title='bbox 710 4317 743 4367; x_wconf 86' lang='lat' dir='ltr'><strong>iii.</strong></span> <span class='ocrx_word' id='word_1_348' title='bbox 757 4334 777 4366; x_wconf 90' lang='lat' dir='ltr'><strong>c.</strong></span> <span class='ocrx_word' id='word_1_349' title='bbox 788 4321 810 4366; x_wconf 79' lang='lat'><strong>⁶2.</strong></span> <span class='ocrx_word' id='word_1_350' title='bbox 823 4332 863 4380; x_wconf 93' lang='lat' dir='ltr'><strong>qu.</strong></span> <span class='ocrx_word' id='word_1_351' title='bbox 877 4317 909 4365; x_wconf 80' lang='lat' dir='ltr'><strong>iv.</strong></span> <span class='ocrx_word' id='word_1_352' title='bbox 922 4317 968 4365; x_wconf 84' lang='lat' dir='ltr'><strong>rol.</strong></span> <span class='ocrx_word' id='word_1_353' title='bbox 981 4316 1005 4365; x_wconf 90' lang='lat' dir='ltr'><strong>ii.</strong></span> <span class='ocrx_word' id='word_1_354' title='bbox 1015 4332 1039 4380; x_wconf 89' lang='lat' dir='ltr'><strong>p.</strong></span> <span class='ocrx_word' id='word_1_355' title='bbox 1055 4315 1109 4364; x_wconf 83' lang='lat'>104.</span> 
     </span>
    </p>

    <p class='ocr_par' dir='ltr' id='par_1_7' title="bbox 213 4399 1240 4474">
     <span class='ocr_line' id='line_1_38' title="bbox 213 4399 1240 4474; baseline -0.008 -19"><span class='ocrx_word' id='word_1_356' title='bbox 213 4407 257 4474; x_wconf 81' lang='lat'><strong>(2)</strong></span> <span class='ocrx_word' id='word_1_357' title='bbox 277 4405 340 4457; x_wconf 84' lang='lat' dir='ltr'><strong>Luc.</strong></span> <span class='ocrx_word' id='word_1_358' title='bbox 352 4405 419 4459; x_wconf 85' lang='lat' dir='ltr'><strong>xxiv,</strong></span> <span class='ocrx_word' id='word_1_359' title='bbox 433 4409 474 4454; x_wconf 78' lang='lat'><strong>28.</strong></span> <span class='ocrx_word' id='word_1_360' title='bbox 727 4405 767 4469; x_wconf 80' lang='lat'><strong>(3)</strong></span> <span class='ocrx_word' id='word_1_361' title='bbox 787 4403 813 4451; x_wconf 84' lang='lat' dir='ltr'><strong>S.</strong></span> <span class='ocrx_word' id='word_1_362' title='bbox 825 4401 916 4451; x_wconf 82' lang='lat' dir='ltr'><strong>Thom.</strong></span> <span class='ocrx_word' id='word_1_363' title='bbox 930 4402 971 4450; x_wconf 90' lang='lat' dir='ltr'><strong>uhi</strong></span> <span class='ocrx_word' id='word_1_364' title='bbox 984 4417 1064 4465; x_wconf 85' lang='lat' dir='ltr'><strong>supra,</strong></span> <span class='ocrx_word' id='word_1_365' title='bbox 1073 4399 1240 4467; x_wconf 84' lang='lat' dir='ltr'><strong>adprimum.</strong></span> 
     </span>
    </p>
   </div>
   <div class='ocr_carea' id='block_1_5' title="bbox 0 0 1546 5256">
    <p class='ocr_par' dir='ltr' id='par_1_8' title="bbox 0 0 1546 5256">
     <span class='ocr_line' id='line_1_39' title="bbox 0 0 1546 5256; baseline 0 0"><span class='ocrx_word' id='word_1_366' title='bbox 0 0 1546 5256; x_wconf 95' lang='lat' dir='ltr'><strong> </strong></span> 
     </span>
    </p>
   </div>
  </div>
 </body>
</html>
