3078 5258
283 510 340 566 17⁰
562 505 619 566 DE
640 505 794 567 LEGUM
814 505 1115 574 OBLIGATtoNE.

283 684 381 750 peceat
393 674 449 734 alio
462 692 493 732 se
506 671 679 734 conserendo
691 675 739 732 ubi
751 675 800 733 lex
813 692 871 733 non
884 675 970 750 viget,
984 661 1030 730 v'el
1052 691 1083 731 se
1105 676 1136 732 in
1157 693 1192 733 ea
1211 675 1371 736 conditione

283 772 489 841 constituendo,
504 774 534 832 in
547 793 604 846 qua
616 791 651 832 ea
663 791 721 834 uon
739 773 928 851 adstringitur.
963 771 1012 828 Sic
1024 771 1092 829 licet
1103 774 1156 832 iter
1168 777 1312 852 suscipere
1325 795 1371 834 ne·

283 873 424 948 gotiorum
437 891 554 932 suorum
568 891 663 940 causa,
678 874 808 945 quamvis
828 874 892 946 quis
902 890 938 930 ec
956 868 1156 946 impediendus
1169 874 1207 930 sit
1219 893 1236 930 a
1250 875 1369 951 jejunio,

283 971 329 1028 vel
342 990 358 1027 a
371 990 451 1031 sacro
465 971 614 1032 audiendo.
655 971 837 1031 Excusautur
855 972 941 1030 etiarn
959 969 1058 1028 famuli
1077 972 1181 1045 aliique
1194 989 1298 1031 munus
1312 992 1371 1032 sus-

286 1070 425 1147 cipientes
438 1071 649 1129 sustentationis
671 1089 765 1137 causa,
787 1088 874 1142 quoa
893 1068 998 1128 muniis
1016 1068 1176 1146 Religionis
1196 1071 1370 1143 aliquatenus

283 1167 468 1238 detineantur,
483 1169 637 1228 dummodo
650 1187 713 1242 qus
727 1170 817 1246 magis
830 1168 990 1228 necessaria
1002 1178 1069 1226 sunt
1079 1169 1191 1228 valeant
1201 1170 1332 1246 implere.

527 1387 542 1459 §
557 1385 611 1444 lV.
633 1381 681 1442 Du
696 1403 736 1444 us
750 1403 802 1450 our
816 1401 943 1444 nneruus
955 1399 1119 1444 nronrtrun.

323 1555 373 1608 27.
394 1550 520 1610 Infantes
539 1560 603 1608 ante
618 1552 798 1625 septennium
819 1551 896 1608 nulla
918 1550 980 1627 lege
993 1551 1082 1610 teneri
1102 1558 1272 1615 censentur;
1294 1547 1368 1608 ideo·

285 1665 340 1718 que
354 1667 453 1706 carnes
470 1649 512 1707 eis
531 1649 684 1725 praebendo
704 1646 762 1710 non
783 1661 925 1724 peccatur,
947 1667 1000 1708 nec
1020 1667 1068 1707 eas
1088 1647 1165 1706 domi
1185 1647 1371 1721 relinquendo

284 1745 383 1805 diebus
396 1747 485 1806 sestis.
527 1747 669 1826 Perpetub
690 1759 817 1806 amentes
829 1749 940 1824 legibus
953 1749 1094 1808 immunes
1109 1747 1212 1823 pariter
1223 1747 1369 1804 habentur.

322 1850 374 1904 28.
395 1846 534 1905 Ecclesia
547 1846 626 1925 leges
638 1849 796 1926 baptizatos
809 1857 916 1906 tannim
933 1845 1217 1923 respiciunt'nullam
1230 1847 1311 1903 enirn
1324 1845 1370 1901 ha·

284 1946 333 2003 bet
344 1956 512 2022 potestatem
526 1947 557 2006 in
570 1965 620 2005 eos
641 1950 691 2021 qui
708 1948 849 2023 baptismo
868 1963 931 2004 eam
950 1965 1008 2006 non
1028 1954 1094 2004 suut
1112 1945 1249 2020 ingressi:
1274 1955 1295 1996 ι·
1306 1942 1372 2016 quid

284 2045 361 2101 enim
374 2045 478 2112 mihi,”
499 2046 591 2118 inquit
607 2046 772 2123 Apostolus,
794 2044 859 2102 “de
880 2047 914 2102 iis
936 2047 986 2118 qui
1006 2045 1074 2102 loris
1093 2053 1168 2109 suut,
1185 2042 1317 2120 judicare
1326 2034 1370 2098 t”¹

286 2140 365 2199 Hinc
379 2143 552 2201 abstinentia
567 2163 583 2200 a
595 2146 735 2211 carnibus,
748 2144 795 2201 vel
813 2144 917 2220 jejunii
936 2145 999 2220 lege
1013 2161 1072 2202 non
1091 2151 1219 2200 tenentur
1232 2143 1284 2214 qui
1307 2142 1371 2215 bap·

284 2241 399 2300 tismum
423 2259 567 2314 nunquam
590 2252 783 2320 susceperunt.
840 2241 886 2300 De
911 2243 1060 2320 baptizatis
1086 2241 1217 2298 omuibus
1239 2250 1370 2297 asserunt

282 2340 468 2398 communiter
478 2341 661 2417 theologicos
675 2343 764 2400 teneri
775 2341 885 2416 legibus
896 2340 1103 2407 ecclesiasticis,
1115 2357 1203 2412 quum
1212 2340 1372 2416 baptismus

282 2438 319 2494 sit
332 2438 473 2496 Ecclesiae
482 2441 589 2516 janua:
612 2439 688 2512 quod
708 2449 800 2498 autem
821 2447 947 2496 extorres
967 2441 1024 2498 sint
1036 2438 1151 2511 quidam
1163 2439 1271 2496 ratione
1286 2439 1372 2498 hare·

282 2537 332 2606 sis,
347 2537 517 2606 schismatis,
531 2538 577 2596 vel
596 2539 721 2598 criminis
744 2539 867 2606 alterius,
889 2539 1064 2598 anathemate
1083 2538 1150 2606 lato,
1170 2555 1268 2596 eorum
1291 2537 1371 2616 culpa

280 2638 426 2714 contingit,
448 2657 464 2694 a
484 2656 540 2711 qua
559 2640 765 2698 immunitatem
786 2649 814 2695 et
833 2638 1013 2716 privilegium
1033 2637 1153 2696 derivari
1173 2653 1230 2694 non
1249 2647 1371 2715 oportet.

281 2734 360 2796 Hinc
374 2736 576 2815 impedimenta
588 2739 759 2798 matrimonii
777 2739 926 2796 haercticos
946 2739 1043 2814 ligant,
1064 2735 1134 2794 adeo
1146 2744 1248 2793 utnon
1260 2737 1372 2794 valeant

281 2839 386 2912 nuptiae
400 2839 434 2894 ab
447 2839 483 2895 iis
496 2839 567 2896 intra
586 2839 688 2914 gradus
708 2838 865 2915 prohibitos
885 2845 1035 2896 attentata.
1077 2833 1322 2894 Olandestinitatis
1335 2846 1373 2892 ta·

280 2951 347 2990 men
361 2933 597 3009 impedimentum
611 2935 811 3012 excipiendum
828 2946 881 3004 est,
901 2955 990 3010 quum
1005 2935 1081 2994 enim
1095 2944 1188 3011 patres
1208 2934 1371 2996 Tridentini

278 3030 418 3087 voluerint
432 3030 503 3087 illud
516 3034 575 3090 vim
588 3033 691 3091 habere
703 3036 818 3092 nonnisi
831 3036 936 3112 elapsis
949 3035 1061 3111 triginta
1074 3033 1172 3092 diebus
1186 3043 1251 3108 post
1263 3033 1370 3092 decreti

276 3127 345 3184 illud
362 3131 507 3186 statuentis
521 3131 740 3207 publicationem
754 3135 784 3191 in
797 3135 917 3211 singulis
930 3133 1072 3210 parrociis,
1087 3131 1201 3192 Summi
1214 3133 1371 3190 Pontifices

279 3228 401 3303 benigne
427 3240 598 3306 censuerunt
618 3231 688 3290 illud
710 3251 768 3290 non
791 3233 887 3292 haberi
913 3233 989 3311 apud
1010 3232 1157 3290 haereticos
1182 3231 1370 3306 publicatum,

278 3345 366 3400 quum
379 3337 467 3385 coetus
481 3331 538 3388 sint
550 3326 700 3388 distincti.²
740 3332 817 3390 Inter
829 3334 1000 3390 recentiores
1014 3341 1079 3390 sunt
1088 3332 1138 3403 qui
1151 3330 1226 3388 idem
1240 3341 1371 3388 asserunt

281 3426 316 3483 de
337 3428 469 3484 omnibus
489 3430 598 3508 legibus
620 3431 829 3500 ecclesiasticis,
853 3433 1009 3508 praesertim
1030 3428 1095 3487 verb
1117 3430 1152 3487 de
1166 3430 1200 3486 iis
1221 3447 1286 3502 quae
1307 3437 1371 3506 post

280 3546 378 3586 eorum
393 3530 427 3585 ab
440 3527 575 3588 Ecclesia
588 3528 738 3589 divortium
752 3541 817 3589 sunt
835 3531 916 3589 latae:
938 3530 987 3588 sed
1001 3529 1095 3588 verior
1113 3529 1252 3586 sententia
1270 3528 1369 3586 adver·

278 3637 356 3682 satur
367 3620 392 3682 :³
412 3628 532 3686 dubitari
552 3642 646 3687 tamen
664 3631 714 3687 vix
733 3638 826 3706 potest
843 3629 980 3706 plurimos
993 3649 1010 3685 a
1022 3629 1106 3704 culpa
1123 3627 1263 3695 excusari,
1279 3645 1368 3702 quum

282 3723 413 3798 ignorent
425 3724 624 3800 obligationem
639 3727 792 3786 infortunio
805 3730 899 3804 potius
913 3746 975 3795 suo,
990 3745 1076 3800 quam
1088 3728 1240 3786 voluntate.

314 3825 363 3880 29.
386 3821 497 3882 Subditi
517 3825 567 3895 qui
580 3833 658 3882 extra
677 3827 845 3884 territorium
866 3836 1011 3884 versantur
1030 3844 1088 3884 non
1109 3835 1237 3884 tenentur
1255 3826 1368 3903 legibus

274 3941 390 3980 suorum
404 3923 566 3998 praesulum,
587 3923 642 3981 nisi
663 3924 768 3981 ratione
788 3943 882 3984 rerum
901 3928 932 3984 in
952 3925 1057 3984 ditione
1078 3943 1176 3982 eorum
1197 3926 1364 4000 positarum.

272 4029 291 4055 ⁴⁴
307 4021 415 4080 Statuto
425 4023 563 4102 episcopi,
576 4041 632 4097 quo
645 4024 676 4081 ιιι
685 4039 784 4082 omues
798 4025 847 4098 qui
860 4024 1183 4114 surtumeccmmiserint,
1197 4041 1365 4082 excommu-

339 4263 380 4326 (l)
396 4265 407 4312 l
422 4261 484 4311 Cor.
496 4280 517 4312 v.
533 4263 570 4312 12.
672 4266 712 4329 (2)
731 4263 794 4316 Vide
806 4263 931 4316 Benedict.
943 4264 993 4314 xiv.
1004 4264 1019 4314 l.
1031 4263 1062 4312 vi.
1072 4261 1102 4312 dc
1114 4261 1222 4324 Synodo,
1233 4276 1254 4310 c.
1264 4258 1294 4308 vi.

337 4349 375 4412 (3)
396 4345 487 4394 Gerdil.
498 4353 565 4395 treet.
577 4347 608 4397 dc
619 4347 729 4410 Legibus
740 4349 802 4414 disp.
813 4350 844 4400 vi.
854 4365 921 4416 prop.
932 4349 957 4398 ii.
