<?xml version="1.0" encoding="UTF-8"?>
<!DOCTYPE html PUBLIC "-//W3C//DTD XHTML 1.0 Transitional//EN"
    "http://www.w3.org/TR/xhtml1/DTD/xhtml1-transitional.dtd">
<html xmlns="http://www.w3.org/1999/xhtml" xml:lang="en" lang="en">
 <head>
  <title>
</title>
<meta http-equiv="Content-Type" content="text/html;charset=utf-8" />
  <meta name='ocr-system' content='tesseract 3.04.00' />
  <meta name='ocr-capabilities' content='ocr_page ocr_carea ocr_par ocr_line ocrx_word'/>
</head>
<body>
  <div class='ocr_page' id='page_1' title='image "./theologiaemoral03kenrgoog_0389.png"; bbox 0 0 3076 5260; ppageno 0'>
   <div class='ocr_carea' id='block_1_1' title="bbox 277 483 1087 546">
    <p class='ocr_par' dir='ltr' id='par_1_1' title="bbox 277 483 1087 546">
     <span class='ocr_line' id='line_1_1' title="bbox 277 483 1087 546; baseline 0.001 -5"><span class='ocrx_word' id='word_1_1' title='bbox 277 484 337 542; x_wconf 69' lang='lat'><strong>87⁰</strong></span> <span class='ocrx_word' id='word_1_2' title='bbox 552 484 608 544; x_wconf 86' lang='lat' dir='ltr'><strong>DE</strong></span> <span class='ocrx_word' id='word_1_3' title='bbox 630 484 758 546; x_wconf 78' lang='lat' dir='ltr'>HERIS</span> <span class='ocrx_word' id='word_1_4' title='bbox 778 483 837 546; x_wconf 77' lang='grc' dir='ltr'><strong>ΕΤ</strong></span> <span class='ocrx_word' id='word_1_5' title='bbox 858 484 1087 544; x_wconf 66' lang='grc' dir='ltr'><strong>ΜΑΝΟΙΡΙΙΒ.</strong></span> 
     </span>
    </p>
   </div>
   <div class='ocr_carea' id='block_1_2' title="bbox 201 647 1374 3657">
    <p class='ocr_par' dir='ltr' id='par_1_2' title="bbox 204 647 1370 2093">
     <span class='ocr_line' id='line_1_2' title="bbox 277 647 1364 727; baseline -0.003 -21"><span class='ocrx_word' id='word_1_6' title='bbox 277 659 450 727; x_wconf 90' lang='lat' dir='ltr'><strong>quapropter</strong></span> <span class='ocrx_word' id='word_1_7' title='bbox 471 651 520 722; x_wconf 88' lang='lat' dir='ltr'><strong>qul</strong></span> <span class='ocrx_word' id='word_1_8' title='bbox 541 651 681 712; x_wconf 85' lang='lat' dir='ltr'><strong>malevolo</strong></span> <span class='ocrx_word' id='word_1_9' title='bbox 702 661 768 711; x_wconf 88' lang='lat' dir='ltr'><strong>sunt</strong></span> <span class='ocrx_word' id='word_1_10' title='bbox 787 653 903 727; x_wconf 81' lang='lat' dir='ltr'><strong>ingenio</strong></span> <span class='ocrx_word' id='word_1_11' title='bbox 922 651 1018 710; x_wconf 88' lang='lat' dir='ltr'><strong>labore</strong></span> <span class='ocrx_word' id='word_1_12' title='bbox 1039 659 1104 710; x_wconf 91' lang='lat' dir='ltr'><strong>sunt</strong></span> <span class='ocrx_word' id='word_1_13' title='bbox 1123 647 1295 714; x_wconf 91' lang='lat' dir='ltr'><strong>edomandi;</strong></span> <span class='ocrx_word' id='word_1_14' title='bbox 1317 648 1364 721; x_wconf 89' lang='lat' dir='ltr'><strong>qui</strong></span> 
     </span>
     <span class='ocr_line' id='line_1_3' title="bbox 279 745 1366 824; baseline -0.002 -20"><span class='ocrx_word' id='word_1_15' title='bbox 279 746 352 806; x_wconf 88' lang='lat' dir='ltr'><strong>bona</strong></span> <span class='ocrx_word' id='word_1_16' title='bbox 364 757 429 806; x_wconf 89' lang='lat' dir='ltr'><strong>sunt</strong></span> <span class='ocrx_word' id='word_1_17' title='bbox 438 747 537 808; x_wconf 82' lang='lat' dir='ltr'><strong>indole</strong></span> <span class='ocrx_word' id='word_1_18' title='bbox 550 751 646 808; x_wconf 88' lang='lat' dir='ltr'><strong>mitius</strong></span> <span class='ocrx_word' id='word_1_19' title='bbox 667 753 832 824; x_wconf 81' lang='lat' dir='ltr'><strong>aequiusque</strong></span> <span class='ocrx_word' id='word_1_20' title='bbox 845 749 967 808; x_wconf 89' lang='lat' dir='ltr'><strong>habendi</strong></span> <span class='ocrx_word' id='word_1_21' title='bbox 988 758 1071 807; x_wconf 88' lang='lat' dir='ltr'><strong>sunt:</strong></span> <span class='ocrx_word' id='word_1_22' title='bbox 1093 748 1214 806; x_wconf 84' lang='lat' dir='ltr'><strong>“Servo</strong></span> <span class='ocrx_word' id='word_1_23' title='bbox 1228 745 1366 804; x_wconf 90' lang='lat' dir='ltr'><strong>malevolo</strong></span> 
     </span>
     <span class='ocr_line' id='line_1_4' title="bbox 279 845 1366 925; baseline -0.002 -22"><span class='ocrx_word' id='word_1_24' title='bbox 279 853 383 904; x_wconf 85' lang='lat' dir='ltr'><strong>tortora</strong></span> <span class='ocrx_word' id='word_1_25' title='bbox 395 856 424 904; x_wconf 89' lang='lat' dir='ltr'><strong>et</strong></span> <span class='ocrx_word' id='word_1_26' title='bbox 435 847 601 925; x_wconf 78' lang='lat' dir='ltr'>compedes,</span> <span class='ocrx_word' id='word_1_27' title='bbox 622 849 702 908; x_wconf 89' lang='lat' dir='ltr'><strong>mitte</strong></span> <span class='ocrx_word' id='word_1_28' title='bbox 715 849 794 908; x_wconf 90' lang='lat' dir='ltr'><strong>illurn</strong></span> <span class='ocrx_word' id='word_1_29' title='bbox 814 850 843 906; x_wconf 91' lang='lat' dir='ltr'><strong>in</strong></span> <span class='ocrx_word' id='word_1_30' title='bbox 866 850 1059 924; x_wconf 81' lang='lat' dir='ltr'><strong>operationem</strong></span> <span class='ocrx_word' id='word_1_31' title='bbox 1081 866 1117 906; x_wconf 91' lang='lat' dir='ltr'><strong>ne</strong></span> <span class='ocrx_word' id='word_1_32' title='bbox 1131 855 1230 904; x_wconf 86' lang='lat' dir='ltr'><strong>vacet:</strong></span> <span class='ocrx_word' id='word_1_33' title='bbox 1251 845 1366 902; x_wconf 90' lang='lat' dir='ltr'><strong>multam</strong></span> 
     </span>
     <span class='ocr_line' id='line_1_5' title="bbox 279 943 1365 1023; baseline -0.001 -23"><span class='ocrx_word' id='word_1_34' title='bbox 279 945 356 1003; x_wconf 86' lang='lat' dir='ltr'><strong>enim</strong></span> <span class='ocrx_word' id='word_1_35' title='bbox 369 944 507 1004; x_wconf 87' lang='lat' dir='ltr'><strong>malitiam</strong></span> <span class='ocrx_word' id='word_1_36' title='bbox 519 946 616 1006; x_wconf 86' lang='lat' dir='ltr'><strong>docuit</strong></span> <span class='ocrx_word' id='word_1_37' title='bbox 628 947 765 1005; x_wconf 75' lang='lat' dir='ltr'><strong>otiositas.</strong></span> <span class='ocrx_word' id='word_1_38' title='bbox 806 947 841 1005; x_wconf 93' lang='lat' dir='ltr'><strong>In</strong></span> <span class='ocrx_word' id='word_1_39' title='bbox 860 965 948 1023; x_wconf 90' lang='lat' dir='ltr'><strong>opera</strong></span> <span class='ocrx_word' id='word_1_40' title='bbox 960 947 1100 1005; x_wconf 89' lang='lat' dir='ltr'><strong>constitue</strong></span> <span class='ocrx_word' id='word_1_41' title='bbox 1120 963 1206 1003; x_wconf 73' lang='lat' dir='ltr'><strong>eumz</strong></span> <span class='ocrx_word' id='word_1_42' title='bbox 1229 944 1272 1001; x_wconf 87' lang='lat' dir='ltr'><strong>sic</strong></span> <span class='ocrx_word' id='word_1_43' title='bbox 1290 943 1365 1000; x_wconf 89' lang='lat' dir='ltr'><strong>enim</strong></span> 
     </span>
     <span class='ocr_line' id='line_1_6' title="bbox 279 1040 1367 1119; baseline -0.002 -21"><span class='ocrx_word' id='word_1_44' title='bbox 279 1040 415 1102; x_wconf 85' lang='lat' dir='ltr'><strong>condecet</strong></span> <span class='ocrx_word' id='word_1_45' title='bbox 427 1043 517 1102; x_wconf 91' lang='lat' dir='ltr'><strong>illum.</strong></span> <span class='ocrx_word' id='word_1_46' title='bbox 559 1044 683 1112; x_wconf 82' lang='lat' dir='ltr'><strong>Quodsi</strong></span> <span class='ocrx_word' id='word_1_47' title='bbox 703 1064 762 1104; x_wconf 91' lang='lat' dir='ltr'><strong>non</strong></span> <span class='ocrx_word' id='word_1_48' title='bbox 775 1044 942 1111; x_wconf 91' lang='lat' dir='ltr'><strong>obaudierit,</strong></span> <span class='ocrx_word' id='word_1_49' title='bbox 963 1064 1049 1107; x_wconf 88' lang='lat' dir='ltr'><strong>curva</strong></span> <span class='ocrx_word' id='word_1_50' title='bbox 1067 1045 1147 1103; x_wconf 91' lang='lat' dir='ltr'><strong>illum</strong></span> <span class='ocrx_word' id='word_1_51' title='bbox 1167 1041 1367 1119; x_wconf 82' lang='lat' dir='ltr'>compedibus,</span> 
     </span>
     <span class='ocr_line' id='line_1_7' title="bbox 278 1139 1367 1219; baseline 0 -24"><span class='ocrx_word' id='word_1_52' title='bbox 278 1149 307 1196; x_wconf 90' lang='lat' dir='ltr'><strong>et</strong></span> <span class='ocrx_word' id='word_1_53' title='bbox 319 1157 377 1198; x_wconf 89' lang='lat' dir='ltr'><strong>non</strong></span> <span class='ocrx_word' id='word_1_54' title='bbox 396 1139 551 1218; x_wconf 81' lang='lat' dir='ltr'><strong>amplifices</strong></span> <span class='ocrx_word' id='word_1_55' title='bbox 571 1161 657 1219; x_wconf 89' lang='lat' dir='ltr'><strong>super</strong></span> <span class='ocrx_word' id='word_1_56' title='bbox 675 1161 789 1201; x_wconf 88' lang='lat' dir='ltr'><strong>omnem</strong></span> <span class='ocrx_word' id='word_1_57' title='bbox 809 1161 944 1201; x_wconf 83' lang='lat' dir='ltr'><strong>carnem:</strong></span> <span class='ocrx_word' id='word_1_58' title='bbox 967 1162 1066 1201; x_wconf 88' lang='lat' dir='ltr'><strong>verum</strong></span> <span class='ocrx_word' id='word_1_59' title='bbox 1085 1143 1147 1201; x_wconf 86' lang='lat' dir='ltr'><strong>sine</strong></span> <span class='ocrx_word' id='word_1_60' title='bbox 1164 1141 1278 1218; x_wconf 91' lang='lat' dir='ltr'><strong>judicio</strong></span> <span class='ocrx_word' id='word_1_61' title='bbox 1298 1139 1367 1196; x_wconf 88' lang='lat' dir='ltr'>nihil</span> 
     </span>
     <span class='ocr_line' id='line_1_8' title="bbox 278 1234 1365 1314; baseline -0.001 -20"><span class='ocrx_word' id='word_1_62' title='bbox 278 1234 365 1295; x_wconf 82' lang='lat' dir='ltr'><strong>facias</strong></span> <span class='ocrx_word' id='word_1_63' title='bbox 379 1257 474 1314; x_wconf 79' lang='lat' dir='ltr'><strong>grave.</strong></span> <span class='ocrx_word' id='word_1_64' title='bbox 496 1239 529 1298; x_wconf 87' lang='lat' dir='ltr'><strong>Si</strong></span> <span class='ocrx_word' id='word_1_65' title='bbox 542 1249 585 1298; x_wconf 90' lang='lat' dir='ltr'><strong>est</strong></span> <span class='ocrx_word' id='word_1_66' title='bbox 598 1241 648 1298; x_wconf 86' lang='lat' dir='ltr'><strong>tibi</strong></span> <span class='ocrx_word' id='word_1_67' title='bbox 660 1259 759 1298; x_wconf 87' lang='lat' dir='ltr'><strong>servos</strong></span> <span class='ocrx_word' id='word_1_68' title='bbox 773 1240 876 1308; x_wconf 89' lang='lat' dir='ltr'><strong>fidelis,</strong></span> <span class='ocrx_word' id='word_1_69' title='bbox 887 1242 925 1298; x_wconf 86' lang='lat' dir='ltr'><strong>sit</strong></span> <span class='ocrx_word' id='word_1_70' title='bbox 934 1242 983 1298; x_wconf 91' lang='lat' dir='ltr'><strong>tibi</strong></span> <span class='ocrx_word' id='word_1_71' title='bbox 997 1243 1079 1314; x_wconf 89' lang='lat' dir='ltr'><strong>quasi</strong></span> <span class='ocrx_word' id='word_1_72' title='bbox 1089 1241 1183 1298; x_wconf 89' lang='lat' dir='ltr'><strong>anima</strong></span> <span class='ocrx_word' id='word_1_73' title='bbox 1196 1250 1262 1297; x_wconf 88' lang='lat' dir='ltr'><strong>tua:</strong></span> <span class='ocrx_word' id='word_1_74' title='bbox 1286 1238 1365 1309; x_wconf 85' lang='lat' dir='ltr'>quasi</span> 
     </span>
     <span class='ocr_line' id='line_1_9' title="bbox 278 1331 1366 1397; baseline 0.002 -7"><span class='ocrx_word' id='word_1_75' title='bbox 278 1331 391 1394; x_wconf 83' lang='lat' dir='ltr'><strong>fratrem</strong></span> <span class='ocrx_word' id='word_1_76' title='bbox 403 1337 524 1396; x_wconf 86' lang='lat' dir='ltr'><strong>siceum</strong></span> <span class='ocrx_word' id='word_1_77' title='bbox 537 1335 671 1396; x_wconf 81' lang='lat' dir='ltr'><strong>tracta.’&#39;²</strong></span> <span class='ocrx_word' id='word_1_78' title='bbox 712 1337 796 1396; x_wconf 89' lang='lat' dir='ltr'><strong>Hanc</strong></span> <span class='ocrx_word' id='word_1_79' title='bbox 816 1339 953 1396; x_wconf 88' lang='lat' dir='ltr'><strong>rationem</strong></span> <span class='ocrx_word' id='word_1_80' title='bbox 966 1338 1132 1397; x_wconf 88' lang='lat' dir='ltr'><strong>servandam</strong></span> <span class='ocrx_word' id='word_1_81' title='bbox 1146 1358 1213 1396; x_wconf 90' lang='lat' dir='ltr'><strong>oum</strong></span> <span class='ocrx_word' id='word_1_82' title='bbox 1227 1337 1366 1394; x_wconf 86' lang='lat' dir='ltr'><strong>Onesimo</strong></span> 
     </span>
     <span class='ocr_line' id='line_1_10' title="bbox 280 1431 1366 1513; baseline 0.001 -23"><span class='ocrx_word' id='word_1_83' title='bbox 280 1431 316 1490; x_wconf 91' lang='lat' dir='ltr'><strong>ad</strong></span> <span class='ocrx_word' id='word_1_84' title='bbox 327 1432 413 1492; x_wconf 85' lang='lat' dir='ltr'><strong>fidem</strong></span> <span class='ocrx_word' id='word_1_85' title='bbox 428 1453 566 1494; x_wconf 83' lang='lat' dir='ltr'><strong>converso</strong></span> <span class='ocrx_word' id='word_1_86' title='bbox 587 1436 674 1494; x_wconf 87' lang='lat' dir='ltr'><strong>voluit</strong></span> <span class='ocrx_word' id='word_1_87' title='bbox 686 1437 858 1512; x_wconf 81' lang='lat' dir='ltr'><strong>Apostolus:</strong></span> <span class='ocrx_word' id='word_1_88' title='bbox 882 1437 903 1471; x_wconf 77' lang='lat'><strong>‘⁴‘</strong></span> <span class='ocrx_word' id='word_1_89' title='bbox 907 1437 969 1513; x_wconf 88' lang='lat' dir='ltr'><strong>jam</strong></span> <span class='ocrx_word' id='word_1_90' title='bbox 989 1456 1046 1495; x_wconf 89' lang='lat' dir='ltr'><strong>non</strong></span> <span class='ocrx_word' id='word_1_91' title='bbox 1059 1446 1090 1494; x_wconf 91' lang='lat' dir='ltr'><strong>ut</strong></span> <span class='ocrx_word' id='word_1_92' title='bbox 1108 1455 1235 1502; x_wconf 86' lang='lat' dir='ltr'><strong>servum,</strong></span> <span class='ocrx_word' id='word_1_93' title='bbox 1250 1435 1303 1492; x_wconf 90' lang='lat' dir='ltr'><strong>sed</strong></span> <span class='ocrx_word' id='word_1_94' title='bbox 1316 1452 1366 1510; x_wconf 91' lang='lat' dir='ltr'><strong>pro</strong></span> 
     </span>
     <span class='ocr_line' id='line_1_11' title="bbox 281 1530 1367 1610; baseline 0.002 -23"><span class='ocrx_word' id='word_1_95' title='bbox 281 1547 364 1590; x_wconf 83' lang='lat' dir='ltr'><strong>servo</strong></span> <span class='ocrx_word' id='word_1_96' title='bbox 377 1535 554 1592; x_wconf 87' lang='lat' dir='ltr'><strong>carissimum</strong></span> <span class='ocrx_word' id='word_1_97' title='bbox 575 1530 737 1592; x_wconf 78' lang='lat' dir='ltr'><strong>fratrem.”¹</strong></span> <span class='ocrx_word' id='word_1_98' title='bbox 776 1533 835 1591; x_wconf 86' lang='lat' dir='ltr'><strong>Sed</strong></span> <span class='ocrx_word' id='word_1_99' title='bbox 847 1533 908 1591; x_wconf 84' lang='lat' dir='ltr'><strong>hreo</strong></span> <span class='ocrx_word' id='word_1_100' title='bbox 921 1552 979 1592; x_wconf 90' lang='lat' dir='ltr'><strong>non</strong></span> <span class='ocrx_word' id='word_1_101' title='bbox 995 1535 1114 1610; x_wconf 82' lang='lat' dir='ltr'><strong>exigunt</strong></span> <span class='ocrx_word' id='word_1_102' title='bbox 1125 1543 1156 1592; x_wconf 87' lang='lat' dir='ltr'><strong>ut</strong></span> <span class='ocrx_word' id='word_1_103' title='bbox 1168 1535 1259 1591; x_wconf 89' lang='lat' dir='ltr'><strong>nimia</strong></span> <span class='ocrx_word' id='word_1_104' title='bbox 1271 1535 1309 1590; x_wconf 84' lang='lat' dir='ltr'><strong>sit</strong></span> <span class='ocrx_word' id='word_1_105' title='bbox 1322 1551 1367 1589; x_wconf 89' lang='lat' dir='ltr'><strong>ne·</strong></span> 
     </span>
     <span class='ocr_line' id='line_1_12' title="bbox 283 1629 1370 1690; baseline 0.002 -5"><span class='ocrx_word' id='word_1_106' title='bbox 283 1629 652 1690; x_wconf 86' lang='lat' dir='ltr'><strong>cessitudoet·la1niliaritas</strong></span> <span class='ocrx_word' id='word_1_107' title='bbox 665 1632 765 1690; x_wconf 80' lang='lat' dir='ltr'><strong>henim</strong></span> <span class='ocrx_word' id='word_1_108' title='bbox 778 1634 852 1689; x_wconf 86' lang='lat' dir='ltr'><strong>inter</strong></span> <span class='ocrx_word' id='word_1_109' title='bbox 863 1641 893 1689; x_wconf 92' lang='lat' dir='ltr'><strong>et</strong></span> <span class='ocrx_word' id='word_1_110' title='bbox 904 1650 1036 1690; x_wconf 87' lang='lat' dir='ltr'><strong>servum:</strong></span> <span class='ocrx_word' id='word_1_111' title='bbox 1057 1634 1125 1690; x_wconf 84' lang='lat' dir='ltr'><strong>satis</strong></span> <span class='ocrx_word' id='word_1_112' title='bbox 1146 1641 1190 1688; x_wconf 85' lang='lat' dir='ltr'><strong>est</strong></span> <span class='ocrx_word' id='word_1_113' title='bbox 1201 1640 1234 1689; x_wconf 90' lang='lat' dir='ltr'><strong>ut</strong></span> <span class='ocrx_word' id='word_1_114' title='bbox 1247 1649 1313 1688; x_wconf 90' lang='lat' dir='ltr'><strong>eum</strong></span> <span class='ocrx_word' id='word_1_115' title='bbox 1325 1632 1370 1687; x_wconf 91' lang='lat' dir='ltr'><strong>be·</strong></span> 
     </span>
     <span class='ocr_line' id='line_1_13' title="bbox 279 1725 1368 1807; baseline 0.002 -25"><span class='ocrx_word' id='word_1_116' title='bbox 279 1725 366 1800; x_wconf 72' lang='lat' dir='ltr'><strong>aigne</strong></span> <span class='ocrx_word' id='word_1_117' title='bbox 380 1735 487 1785; x_wconf 68' lang='lat' dir='ltr'><strong>motet.</strong></span> <span class='ocrx_word' id='word_1_118' title='bbox 520 1730 616 1797; x_wconf 87' lang='lat' dir='ltr'><strong>Quum</strong></span> <span class='ocrx_word' id='word_1_119' title='bbox 632 1738 725 1788; x_wconf 88' lang='lat' dir='ltr'><strong>autem</strong></span> <span class='ocrx_word' id='word_1_120' title='bbox 739 1731 787 1802; x_wconf 90' lang='lat' dir='ltr'><strong>qui</strong></span> <span class='ocrx_word' id='word_1_121' title='bbox 805 1729 937 1786; x_wconf 90' lang='lat' dir='ltr'><strong>dicontur</strong></span> <span class='ocrx_word' id='word_1_122' title='bbox 948 1729 1139 1807; x_wconf 74' lang='lat' dir='ltr'><strong>inspectores,</strong></span> <span class='ocrx_word' id='word_1_123' title='bbox 1154 1730 1282 1788; x_wconf 88' lang='lat' dir='ltr'><strong>dominis</strong></span> <span class='ocrx_word' id='word_1_124' title='bbox 1296 1727 1368 1786; x_wconf 88' lang='lat' dir='ltr'><strong>haud</strong></span> 
     </span>
     <span class='ocr_line' id='line_1_14' title="bbox 204 1823 1363 1902; baseline 0.002 -22"><span class='ocrx_word' id='word_1_125' title='bbox 204 1855 209 1870; x_wconf 92' lang='lat'>·</span> <span class='ocrx_word' id='word_1_126' title='bbox 280 1823 413 1892; x_wconf 76' lang='lat' dir='ltr'><strong>consciis,</strong></span> <span class='ocrx_word' id='word_1_127' title='bbox 428 1827 576 1902; x_wconf 83' lang='lat' dir='ltr'><strong>mancipiis</strong></span> <span class='ocrx_word' id='word_1_128' title='bbox 590 1828 738 1902; x_wconf 87' lang='lat' dir='ltr'><strong>imponant</strong></span> <span class='ocrx_word' id='word_1_129' title='bbox 750 1825 862 1885; x_wconf 88' lang='lat' dir='ltr'><strong>duriora</strong></span> <span class='ocrx_word' id='word_1_130' title='bbox 874 1845 969 1894; x_wconf 89' lang='lat' dir='ltr'><strong>onera,</strong></span> <span class='ocrx_word' id='word_1_131' title='bbox 984 1827 1028 1884; x_wconf 89' lang='lat' dir='ltr'><strong>vel</strong></span> <span class='ocrx_word' id='word_1_132' title='bbox 1048 1845 1097 1885; x_wconf 91' lang='lat' dir='ltr'><strong>eos</strong></span> <span class='ocrx_word' id='word_1_133' title='bbox 1117 1829 1246 1884; x_wconf 87' lang='lat' dir='ltr'><strong>severius</strong></span> <span class='ocrx_word' id='word_1_134' title='bbox 1264 1835 1293 1882; x_wconf 91' lang='lat' dir='ltr'><strong>et</strong></span> <span class='ocrx_word' id='word_1_135' title='bbox 1305 1844 1363 1882; x_wconf 89' lang='lat' dir='ltr'><strong>cru·</strong></span> 
     </span>
     <span class='ocr_line' id='line_1_15' title="bbox 279 1918 1363 2000; baseline -0.002 -24"><span class='ocrx_word' id='word_1_136' title='bbox 279 1918 372 1977; x_wconf 86' lang='lat' dir='ltr'><strong>delius</strong></span> <span class='ocrx_word' id='word_1_137' title='bbox 385 1931 512 1990; x_wconf 81' lang='lat' dir='ltr'><strong>tractent,</strong></span> <span class='ocrx_word' id='word_1_138' title='bbox 526 1922 636 1984; x_wconf 88' lang='lat' dir='ltr'><strong>domini</strong></span> <span class='ocrx_word' id='word_1_139' title='bbox 658 1925 760 1982; x_wconf 84' lang='lat' dir='ltr'><strong>debent</strong></span> <span class='ocrx_word' id='word_1_140' title='bbox 780 1923 910 1981; x_wconf 90' lang='lat' dir='ltr'><strong>homines</strong></span> <span class='ocrx_word' id='word_1_141' title='bbox 930 1924 1061 2000; x_wconf 87' lang='lat' dir='ltr'><strong>humanis</strong></span> <span class='ocrx_word' id='word_1_142' title='bbox 1082 1925 1210 1980; x_wconf 85' lang='lat' dir='ltr'><strong>moribus</strong></span> <span class='ocrx_word' id='word_1_143' title='bbox 1222 1922 1363 1996; x_wconf 83' lang='lat' dir='ltr'><strong>praeditos</strong></span> 
     </span>
     <span class='ocr_line' id='line_1_16' title="bbox 281 2015 916 2093; baseline 0.002 -19"><span class='ocrx_word' id='word_1_144' title='bbox 281 2015 411 2093; x_wconf 76' lang='lat' dir='ltr'><strong>seligere,</strong></span> <span class='ocrx_word' id='word_1_145' title='bbox 425 2020 528 2091; x_wconf 83' lang='lat' dir='ltr'><strong>quibus</strong></span> <span class='ocrx_word' id='word_1_146' title='bbox 541 2021 571 2076; x_wconf 92' lang='lat' dir='ltr'><strong>id</strong></span> <span class='ocrx_word' id='word_1_147' title='bbox 584 2023 718 2078; x_wconf 85' lang='lat' dir='ltr'><strong>muneris·</strong></span> <span class='ocrx_word' id='word_1_148' title='bbox 723 2020 916 2076; x_wconf 85' lang='lat' dir='ltr'><strong>demandetur.</strong></span> 
     </span>
    </p>

    <p class='ocr_par' dir='ltr' id='par_1_3' title="bbox 201 2113 1374 3657">
     <span class='ocr_line' id='line_1_17' title="bbox 319 2113 1365 2188; baseline -0.002 -18"><span class='ocrx_word' id='word_1_149' title='bbox 319 2117 369 2171; x_wconf 74' lang='lat'><strong>95.</strong></span> <span class='ocrx_word' id='word_1_150' title='bbox 391 2115 545 2172; x_wconf 83' lang='lat' dir='ltr'><strong>Servorum</strong></span> <span class='ocrx_word' id='word_1_151' title='bbox 558 2114 661 2173; x_wconf 89' lang='lat' dir='ltr'><strong>delicta</strong></span> <span class='ocrx_word' id='word_1_152' title='bbox 673 2113 834 2188; x_wconf 83' lang='lat' dir='ltr'><strong>castiganda</strong></span> <span class='ocrx_word' id='word_1_153' title='bbox 852 2123 928 2178; x_wconf 90' lang='lat' dir='ltr'><strong>sunt,</strong></span> <span class='ocrx_word' id='word_1_154' title='bbox 947 2132 984 2172; x_wconf 88' lang='lat' dir='ltr'><strong>ne</strong></span> <span class='ocrx_word' id='word_1_155' title='bbox 998 2115 1151 2188; x_wconf 88' lang='lat' dir='ltr'><strong>impunitas</strong></span> <span class='ocrx_word' id='word_1_156' title='bbox 1164 2113 1308 2173; x_wconf 85' lang='lat' dir='ltr'><strong>scelerum</strong></span> <span class='ocrx_word' id='word_1_157' title='bbox 1320 2131 1365 2188; x_wconf 93' lang='lat' dir='ltr'><strong>pa·</strong></span> 
     </span>
     <span class='ocr_line' id='line_1_18' title="bbox 281 2209 1366 2288; baseline -0.007 -20"><span class='ocrx_word' id='word_1_158' title='bbox 281 2209 445 2272; x_wconf 82' lang='lat' dir='ltr'><strong>trondomm</strong></span> <span class='ocrx_word' id='word_1_159' title='bbox 458 2211 547 2288; x_wconf 86' lang='lat' dir='ltr'><strong>pariat</strong></span> <span class='ocrx_word' id='word_1_160' title='bbox 564 2212 720 2278; x_wconf 89' lang='lat' dir='ltr'><strong>audaciam,</strong></span> <span class='ocrx_word' id='word_1_161' title='bbox 737 2212 821 2286; x_wconf 87' lang='lat' dir='ltr'><strong>juxta</strong></span> <span class='ocrx_word' id='word_1_162' title='bbox 834 2229 903 2267; x_wconf 86' lang='lat' dir='ltr'><strong>mox</strong></span> <span class='ocrx_word' id='word_1_163' title='bbox 915 2211 1029 2267; x_wconf 80' lang='lat' dir='ltr'><strong>recitata</strong></span> <span class='ocrx_word' id='word_1_164' title='bbox 1048 2209 1248 2266; x_wconf 79' lang='lat' dir='ltr'><strong>Ecclesiastici</strong></span> <span class='ocrx_word' id='word_1_165' title='bbox 1267 2210 1366 2263; x_wconf 88' lang='lat' dir='ltr'><strong>verba:</strong></span> 
     </span>
     <span class='ocr_line' id='line_1_19' title="bbox 280 2304 1366 2382; baseline -0.004 -18"><span class='ocrx_word' id='word_1_166' title='bbox 280 2316 403 2366; x_wconf 77' lang='lat' dir='ltr'><strong>attamen</strong></span> <span class='ocrx_word' id='word_1_167' title='bbox 415 2308 564 2366; x_wconf 87' lang='lat' dir='ltr'><strong>crudelitas</strong></span> <span class='ocrx_word' id='word_1_168' title='bbox 577 2310 695 2366; x_wconf 86' lang='lat' dir='ltr'><strong>omnino</strong></span> <span class='ocrx_word' id='word_1_169' title='bbox 708 2307 838 2364; x_wconf 90' lang='lat' dir='ltr'><strong>evitanda</strong></span> <span class='ocrx_word' id='word_1_170' title='bbox 851 2315 902 2373; x_wconf 88' lang='lat' dir='ltr'><strong>est,</strong></span> <span class='ocrx_word' id='word_1_171' title='bbox 917 2326 982 2364; x_wconf 88' lang='lat' dir='ltr'><strong>nam</strong></span> <span class='ocrx_word' id='word_1_172' title='bbox 992 2314 1091 2364; x_wconf 89' lang='lat' dir='ltr'><strong>monet</strong></span> <span class='ocrx_word' id='word_1_173' title='bbox 1102 2305 1260 2382; x_wconf 86' lang='lat' dir='ltr'><strong>Apostolus</strong></span> <span class='ocrx_word' id='word_1_174' title='bbox 1274 2304 1366 2370; x_wconf 89' lang='lat' dir='ltr'><strong>heros;</strong></span> 
     </span>
     <span class='ocr_line' id='line_1_20' title="bbox 279 2403 1367 2479; baseline -0.003 -18"><span class='ocrx_word' id='word_1_175' title='bbox 279 2413 310 2461; x_wconf 92' lang='lat' dir='ltr'><strong>ut</strong></span> <span class='ocrx_word' id='word_1_176' title='bbox 320 2421 417 2476; x_wconf 77' lang='lat' dir='ltr'><strong>equos</strong></span> <span class='ocrx_word' id='word_1_177' title='bbox 436 2424 468 2462; x_wconf 87' lang='lat' dir='ltr'><strong>se</strong></span> <span class='ocrx_word' id='word_1_178' title='bbox 481 2407 641 2479; x_wconf 79' lang='lat' dir='ltr'><strong>prebeant:</strong></span> <span class='ocrx_word' id='word_1_179' title='bbox 664 2413 683 2440; x_wconf 82' lang='lat'><strong>‘⁶</strong></span> <span class='ocrx_word' id='word_1_180' title='bbox 695 2405 756 2462; x_wconf 85' lang='lat' dir='ltr'><strong>Vos</strong></span> <span class='ocrx_word' id='word_1_181' title='bbox 769 2403 879 2461; x_wconf 91' lang='lat' dir='ltr'><strong>domini</strong></span> <span class='ocrx_word' id='word_1_182' title='bbox 899 2403 999 2460; x_wconf 89' lang='lat' dir='ltr'><strong>eadem</strong></span> <span class='ocrx_word' id='word_1_183' title='bbox 1019 2403 1101 2461; x_wconf 85' lang='lat' dir='ltr'><strong>facite</strong></span> <span class='ocrx_word' id='word_1_184' title='bbox 1114 2403 1181 2470; x_wconf 91' lang='lat' dir='ltr'><strong>illis,</strong></span> <span class='ocrx_word' id='word_1_185' title='bbox 1195 2403 1367 2460; x_wconf 70' lang='lat' dir='ltr'><strong>remittentes</strong></span> 
     </span>
     <span class='ocr_line' id='line_1_21' title="bbox 281 2501 1370 2574; baseline -0.006 -13"><span class='ocrx_word' id='word_1_186' title='bbox 281 2502 388 2561; x_wconf 86' lang='lat' dir='ltr'><strong>minas:</strong></span> <span class='ocrx_word' id='word_1_187' title='bbox 410 2503 533 2559; x_wconf 86' lang='lat' dir='ltr'><strong>scientes</strong></span> <span class='ocrx_word' id='word_1_188' title='bbox 547 2503 615 2574; x_wconf 89' lang='lat' dir='ltr'><strong>quia</strong></span> <span class='ocrx_word' id='word_1_189' title='bbox 630 2511 661 2560; x_wconf 81' lang='lat' dir='ltr'><strong>et</strong></span> <span class='ocrx_word' id='word_1_190' title='bbox 673 2502 787 2559; x_wconf 86' lang='lat' dir='ltr'><strong>illorum</strong></span> <span class='ocrx_word' id='word_1_191' title='bbox 808 2510 836 2557; x_wconf 88' lang='lat' dir='ltr'><strong>et</strong></span> <span class='ocrx_word' id='word_1_192' title='bbox 856 2509 949 2558; x_wconf 85' lang='lat' dir='ltr'><strong>vester</strong></span> <span class='ocrx_word' id='word_1_193' title='bbox 969 2501 1113 2563; x_wconf 86' lang='lat' dir='ltr'><strong>Dominus</strong></span> <span class='ocrx_word' id='word_1_194' title='bbox 1127 2511 1170 2558; x_wconf 88' lang='lat' dir='ltr'><strong>est</strong></span> <span class='ocrx_word' id='word_1_195' title='bbox 1183 2501 1213 2557; x_wconf 91' lang='lat' dir='ltr'><strong>in</strong></span> <span class='ocrx_word' id='word_1_196' title='bbox 1226 2501 1324 2557; x_wconf 87' lang='lat' dir='ltr'><strong>coelis:</strong></span> <span class='ocrx_word' id='word_1_197' title='bbox 1345 2509 1370 2556; x_wconf 91' lang='lat' dir='ltr'><strong>et</strong></span> 
     </span>
     <span class='ocr_line' id='line_1_22' title="bbox 280 2593 1370 2678; baseline -0.006 -19"><span class='ocrx_word' id='word_1_198' title='bbox 280 2617 465 2678; x_wconf 81' lang='lat' dir='ltr'><strong>personarum</strong></span> <span class='ocrx_word' id='word_1_199' title='bbox 478 2600 605 2676; x_wconf 87' lang='lat' dir='ltr'><strong>acceptio</strong></span> <span class='ocrx_word' id='word_1_200' title='bbox 627 2619 687 2660; x_wconf 89' lang='lat' dir='ltr'><strong>non</strong></span> <span class='ocrx_word' id='word_1_201' title='bbox 707 2608 751 2658; x_wconf 88' lang='lat' dir='ltr'><strong>est</strong></span> <span class='ocrx_word' id='word_1_202' title='bbox 770 2599 846 2675; x_wconf 89' lang='lat' dir='ltr'><strong>apud</strong></span> <span class='ocrx_word' id='word_1_203' title='bbox 866 2593 981 2658; x_wconf 71' lang='lat' dir='ltr'><strong>eum-&#39;³³</strong></span> <span class='ocrx_word' id='word_1_204' title='bbox 1022 2599 1080 2665; x_wconf 85' lang='lat' dir='ltr'><strong>Qui</strong></span> <span class='ocrx_word' id='word_1_205' title='bbox 1093 2599 1241 2676; x_wconf 80' lang='lat' dir='ltr'><strong>igiturira</strong></span> <span class='ocrx_word' id='word_1_206' title='bbox 1264 2597 1370 2673; x_wconf 86' lang='lat' dir='ltr'><strong>abrepti</strong></span> 
     </span>
     <span class='ocr_line' id='line_1_23' title="bbox 201 2691 1370 2773; baseline -0.003 -17"><span class='ocrx_word' id='word_1_207' title='bbox 201 2725 209 2740; x_wconf 93' lang='lat'><strong>·</strong></span> <span class='ocrx_word' id='word_1_208' title='bbox 281 2717 379 2758; x_wconf 83' lang='lat' dir='ltr'><strong>servos</strong></span> <span class='ocrx_word' id='word_1_209' title='bbox 391 2699 448 2758; x_wconf 88' lang='lat' dir='ltr'><strong>levi</strong></span> <span class='ocrx_word' id='word_1_210' title='bbox 470 2699 505 2758; x_wconf 90' lang='lat' dir='ltr'><strong>de</strong></span> <span class='ocrx_word' id='word_1_211' title='bbox 518 2717 603 2757; x_wconf 86' lang='lat' dir='ltr'><strong>causa</strong></span> <span class='ocrx_word' id='word_1_212' title='bbox 615 2701 772 2764; x_wconf 87' lang='lat' dir='ltr'><strong>verberant,</strong></span> <span class='ocrx_word' id='word_1_213' title='bbox 793 2699 840 2756; x_wconf 83' lang='lat' dir='ltr'><strong>vel</strong></span> <span class='ocrx_word' id='word_1_214' title='bbox 859 2695 1046 2756; x_wconf 80' lang='lat' dir='ltr'><strong>verberandos</strong></span> <span class='ocrx_word' id='word_1_215' title='bbox 1062 2691 1191 2773; x_wconf 81' lang='lat' dir='ltr'><strong>jubent,⁴</strong></span> <span class='ocrx_word' id='word_1_216' title='bbox 1203 2705 1326 2772; x_wconf 88' lang='lat' dir='ltr'><strong>peccant</strong></span> <span class='ocrx_word' id='word_1_217' title='bbox 1338 2713 1370 2752; x_wconf 89' lang='lat' dir='ltr'><strong>eo</strong></span> 
     </span>
     <span class='ocr_line' id='line_1_24' title="bbox 281 2794 1370 2876; baseline -0.005 -21"><span class='ocrx_word' id='word_1_218' title='bbox 281 2799 394 2876; x_wconf 83' lang='lat' dir='ltr'><strong>gravius</strong></span> <span class='ocrx_word' id='word_1_219' title='bbox 409 2818 466 2871; x_wconf 93' lang='lat' dir='ltr'><strong>quo</strong></span> <span class='ocrx_word' id='word_1_220' title='bbox 488 2797 579 2857; x_wconf 88' lang='lat' dir='ltr'><strong>levior</strong></span> <span class='ocrx_word' id='word_1_221' title='bbox 591 2807 634 2855; x_wconf 89' lang='lat' dir='ltr'><strong>est</strong></span> <span class='ocrx_word' id='word_1_222' title='bbox 653 2815 746 2864; x_wconf 86' lang='lat' dir='ltr'><strong>causa,</strong></span> <span class='ocrx_word' id='word_1_223' title='bbox 768 2805 796 2854; x_wconf 88' lang='lat' dir='ltr'><strong>et</strong></span> <span class='ocrx_word' id='word_1_224' title='bbox 814 2797 970 2854; x_wconf 84' lang='lat' dir='ltr'><strong>verberatio</strong></span> <span class='ocrx_word' id='word_1_225' title='bbox 989 2795 1194 2862; x_wconf 87' lang='lat' dir='ltr'><strong>vehementior,</strong></span> <span class='ocrx_word' id='word_1_226' title='bbox 1213 2794 1370 2871; x_wconf 76' lang='lat' dir='ltr'><strong>praesertim</strong></span> 
     </span>
     <span class='ocr_line' id='line_1_25' title="bbox 281 2892 1370 2970; baseline -0.003 -19"><span class='ocrx_word' id='word_1_227' title='bbox 281 2913 347 2952; x_wconf 91' lang='lat' dir='ltr'><strong>cum</strong></span> <span class='ocrx_word' id='word_1_228' title='bbox 360 2897 552 2953; x_wconf 89' lang='lat' dir='ltr'><strong>membromm</strong></span> <span class='ocrx_word' id='word_1_229' title='bbox 564 2895 610 2953; x_wconf 84' lang='lat' dir='ltr'><strong>vel</strong></span> <span class='ocrx_word' id='word_1_230' title='bbox 630 2897 693 2952; x_wconf 86' lang='lat' dir='ltr'><strong>vitoe</strong></span> <span class='ocrx_word' id='word_1_231' title='bbox 713 2895 859 2970; x_wconf 88' lang='lat' dir='ltr'><strong>periculo:</strong></span> <span class='ocrx_word' id='word_1_232' title='bbox 881 2912 933 2952; x_wconf 91' lang='lat' dir='ltr'><strong>nco</strong></span> <span class='ocrx_word' id='word_1_233' title='bbox 952 2893 1093 2952; x_wconf 82' lang='lat' dir='ltr'><strong>ullatenus</strong></span> <span class='ocrx_word' id='word_1_234' title='bbox 1109 2894 1184 2952; x_wconf 88' lang='lat' dir='ltr'><strong>valet</strong></span> <span class='ocrx_word' id='word_1_235' title='bbox 1196 2911 1296 2952; x_wconf 85' lang='lat' dir='ltr'><strong>coram</strong></span> <span class='ocrx_word' id='word_1_236' title='bbox 1309 2892 1370 2949; x_wconf 90' lang='lat' dir='ltr'><strong>Deo</strong></span> 
     </span>
     <span class='ocr_line' id='line_1_26' title="bbox 280 2991 1370 3068; baseline -0.002 -21"><span class='ocrx_word' id='word_1_237' title='bbox 280 2992 437 3058; x_wconf 83' lang='lat' dir='ltr'><strong>excusatio,</strong></span> <span class='ocrx_word' id='word_1_238' title='bbox 452 2991 528 3062; x_wconf 91' lang='lat' dir='ltr'><strong>quod</strong></span> <span class='ocrx_word' id='word_1_239' title='bbox 542 2991 577 3048; x_wconf 92' lang='lat' dir='ltr'><strong>de</strong></span> <span class='ocrx_word' id='word_1_240' title='bbox 590 3009 620 3048; x_wconf 89' lang='lat' dir='ltr'><strong>re</strong></span> <span class='ocrx_word' id='word_1_241' title='bbox 634 3009 686 3048; x_wconf 87' lang='lat' dir='ltr'><strong>sua</strong></span> <span class='ocrx_word' id='word_1_242' title='bbox 705 3000 811 3066; x_wconf 86' lang='lat' dir='ltr'><strong>agatur,</strong></span> <span class='ocrx_word' id='word_1_243' title='bbox 825 2991 937 3048; x_wconf 81' lang='lat' dir='ltr'><strong>etiamsi</strong></span> <span class='ocrx_word' id='word_1_244' title='bbox 948 2991 1011 3068; x_wconf 83' lang='lat' dir='ltr'><strong>lege</strong></span> <span class='ocrx_word' id='word_1_245' title='bbox 1025 2991 1103 3050; x_wconf 86' lang='lat' dir='ltr'><strong>civili</strong></span> <span class='ocrx_word' id='word_1_246' title='bbox 1116 2991 1194 3050; x_wconf 88' lang='lat' dir='ltr'><strong>nulla</strong></span> <span class='ocrx_word' id='word_1_247' title='bbox 1206 2991 1370 3050; x_wconf 87' lang='lat' dir='ltr'><strong>decernere·</strong></span> 
     </span>
     <span class='ocr_line' id='line_1_27' title="bbox 280 3085 1374 3164; baseline 0.004 -22"><span class='ocrx_word' id='word_1_248' title='bbox 280 3096 324 3146; x_wconf 87' lang='lat' dir='ltr'><strong>tur</strong></span> <span class='ocrx_word' id='word_1_249' title='bbox 337 3105 422 3162; x_wconf 77' lang='lat' dir='ltr'><strong>prena</strong></span> <span class='ocrx_word' id='word_1_250' title='bbox 435 3085 553 3146; x_wconf 89' lang='lat' dir='ltr'><strong>domino</strong></span> <span class='ocrx_word' id='word_1_251' title='bbox 565 3105 679 3146; x_wconf 85' lang='lat' dir='ltr'><strong>servum</strong></span> <span class='ocrx_word' id='word_1_252' title='bbox 699 3089 876 3164; x_wconf 86' lang='lat' dir='ltr'><strong>percutienti.</strong></span> <span class='ocrx_word' id='word_1_253' title='bbox 919 3087 1089 3147; x_wconf 84' lang='lat' dir='ltr'><strong>Cavendum</strong></span> <span class='ocrx_word' id='word_1_254' title='bbox 1101 3091 1220 3148; x_wconf 90' lang='lat' dir='ltr'><strong>omnino</strong></span> <span class='ocrx_word' id='word_1_255' title='bbox 1234 3109 1272 3151; x_wconf 89' lang='lat' dir='ltr'><strong>ne</strong></span> <span class='ocrx_word' id='word_1_256' title='bbox 1286 3106 1374 3147; x_wconf 90' lang='lat' dir='ltr'><strong>mem·</strong></span> 
     </span>
     <span class='ocr_line' id='line_1_28' title="bbox 279 3185 1372 3265; baseline -0.001 -21"><span class='ocrx_word' id='word_1_257' title='bbox 279 3185 336 3244; x_wconf 88' lang='lat' dir='ltr'><strong>bris</strong></span> <span class='ocrx_word' id='word_1_258' title='bbox 349 3185 396 3244; x_wconf 87' lang='lat' dir='ltr'><strong>vel</strong></span> <span class='ocrx_word' id='word_1_259' title='bbox 408 3186 465 3244; x_wconf 86' lang='lat' dir='ltr'><strong>vita</strong></span> <span class='ocrx_word' id='word_1_260' title='bbox 484 3187 620 3262; x_wconf 87' lang='lat' dir='ltr'><strong>privetur,</strong></span> <span class='ocrx_word' id='word_1_261' title='bbox 643 3187 699 3245; x_wconf 91' lang='lat' dir='ltr'><strong>nisi</strong></span> <span class='ocrx_word' id='word_1_262' title='bbox 718 3204 755 3243; x_wconf 84' lang='lat' dir='ltr'><strong>ex</strong></span> <span class='ocrx_word' id='word_1_263' title='bbox 776 3185 890 3262; x_wconf 85' lang='lat' dir='ltr'><strong>publiea</strong></span> <span class='ocrx_word' id='word_1_264' title='bbox 910 3190 1076 3246; x_wconf 88' lang='lat' dir='ltr'><strong>auctoritate</strong></span> <span class='ocrx_word' id='word_1_265' title='bbox 1092 3187 1202 3264; x_wconf 89' lang='lat' dir='ltr'><strong>judicio</strong></span> <span class='ocrx_word' id='word_1_266' title='bbox 1222 3187 1372 3265; x_wconf 83' lang='lat' dir='ltr'><strong>legitimo:</strong></span> 
     </span>
     <span class='ocr_line' id='line_1_29' title="bbox 280 3283 1372 3361; baseline 0 -19"><span class='ocrx_word' id='word_1_267' title='bbox 280 3303 334 3342; x_wconf 88' lang='lat' dir='ltr'><strong>neo</strong></span> <span class='ocrx_word' id='word_1_268' title='bbox 346 3285 424 3342; x_wconf 90' lang='lat' dir='ltr'><strong>enim</strong></span> <span class='ocrx_word' id='word_1_269' title='bbox 437 3285 562 3361; x_wconf 82' lang='lat' dir='ltr'><strong>privatus</strong></span> <span class='ocrx_word' id='word_1_270' title='bbox 577 3285 698 3358; x_wconf 91' lang='lat' dir='ltr'><strong>quisque</strong></span> <span class='ocrx_word' id='word_1_271' title='bbox 710 3286 890 3361; x_wconf 88' lang='lat' dir='ltr'><strong>irreparabile</strong></span> <span class='ocrx_word' id='word_1_272' title='bbox 900 3285 984 3344; x_wconf 87' lang='lat' dir='ltr'><strong>debet</strong></span> <span class='ocrx_word' id='word_1_273' title='bbox 995 3287 1097 3344; x_wconf 84' lang='lat' dir='ltr'><strong>inferre</strong></span> <span class='ocrx_word' id='word_1_274' title='bbox 1112 3283 1276 3344; x_wconf 86' lang='lat' dir='ltr'><strong>damnum.⁵</strong></span> <span class='ocrx_word' id='word_1_275' title='bbox 1316 3285 1372 3342; x_wconf 90' lang='lat' dir='ltr'><strong>Do·</strong></span> 
     </span>
     <span class='ocr_line' id='line_1_30' title="bbox 282 3381 1372 3460; baseline 0 -20"><span class='ocrx_word' id='word_1_276' title='bbox 282 3391 326 3442; x_wconf 89' lang='lat' dir='ltr'><strong>oet</strong></span> <span class='ocrx_word' id='word_1_277' title='bbox 345 3383 377 3440; x_wconf 86' lang='lat' dir='ltr'><strong>S.</strong></span> <span class='ocrx_word' id='word_1_278' title='bbox 398 3381 528 3442; x_wconf 85' lang='lat' dir='ltr'><strong>Thomas</strong></span> <span class='ocrx_word' id='word_1_279' title='bbox 549 3383 633 3440; x_wconf 87' lang='lat' dir='ltr'><strong>licere</strong></span> <span class='ocrx_word' id='word_1_280' title='bbox 656 3384 781 3460; x_wconf 90' lang='lat' dir='ltr'><strong>patribus</strong></span> <span class='ocrx_word' id='word_1_281' title='bbox 804 3384 949 3442; x_wconf 88' lang='lat' dir='ltr'><strong>verberare</strong></span> <span class='ocrx_word' id='word_1_282' title='bbox 972 3385 1057 3453; x_wconf 85' lang='lat' dir='ltr'><strong>filios,</strong></span> <span class='ocrx_word' id='word_1_283' title='bbox 1081 3394 1109 3441; x_wconf 88' lang='lat' dir='ltr'><strong>et</strong></span> <span class='ocrx_word' id='word_1_284' title='bbox 1130 3385 1255 3442; x_wconf 89' lang='lat' dir='ltr'><strong>dominis</strong></span> <span class='ocrx_word' id='word_1_285' title='bbox 1278 3383 1372 3450; x_wconf 87' lang='lat' dir='ltr'><strong>heros,</strong></span> 
     </span>
     <span class='ocr_line' id='line_1_31' title="bbox 282 3481 1368 3558; baseline 0 -20"><span class='ocrx_word' id='word_1_286' title='bbox 282 3481 463 3539; x_wconf 81' lang='lat' dir='ltr'><strong>correctionis</strong></span> <span class='ocrx_word' id='word_1_287' title='bbox 483 3500 577 3548; x_wconf 87' lang='lat' dir='ltr'><strong>eausa,</strong></span> <span class='ocrx_word' id='word_1_288' title='bbox 598 3500 665 3539; x_wconf 89' lang='lat' dir='ltr'><strong>narn</strong></span> <span class='ocrx_word' id='word_1_289' title='bbox 694 3490 712 3518; x_wconf 89' lang='grc'>“</span> <span class='ocrx_word' id='word_1_290' title='bbox 728 3481 829 3540; x_wconf 88' lang='lat' dir='ltr'><strong>dicitur</strong></span> <span class='ocrx_word' id='word_1_291' title='bbox 848 3481 965 3540; x_wconf 87' lang='lat' dir='ltr'><strong>Prover.</strong></span> <span class='ocrx_word' id='word_1_292' title='bbox 979 3484 1052 3558; x_wconf 61' lang='lat' dir='ltr'><strong>xiii„</strong></span> <span class='ocrx_word' id='word_1_293' title='bbox 1074 3483 1150 3549; x_wconf 87' lang='lat' dir='ltr'><strong>‘Qui</strong></span> <span class='ocrx_word' id='word_1_294' title='bbox 1168 3484 1261 3558; x_wconf 87' lang='lat' dir='ltr'><strong>parcit</strong></span> <span class='ocrx_word' id='word_1_295' title='bbox 1273 3483 1368 3558; x_wconf 76' lang='lat' dir='ltr'><strong>virge,</strong></span> 
     </span>
     <span class='ocr_line' id='line_1_32' title="bbox 282 3559 1371 3657; baseline 0.001 -21"><span class='ocrx_word' id='word_1_296' title='bbox 282 3578 341 3636; x_wconf 93' lang='lat' dir='ltr'><strong>odit</strong></span> <span class='ocrx_word' id='word_1_297' title='bbox 357 3579 449 3636; x_wconf 87' lang='lat' dir='ltr'><strong>lilium</strong></span> <span class='ocrx_word' id='word_1_298' title='bbox 462 3579 569 3638; x_wconf 86' lang='lat' dir='ltr'><strong>suum.&#39;</strong></span> <span class='ocrx_word' id='word_1_299' title='bbox 589 3579 630 3638; x_wconf 86' lang='lat' dir='ltr'><strong>Et</strong></span> <span class='ocrx_word' id='word_1_300' title='bbox 643 3579 715 3638; x_wconf 88' lang='lat' dir='ltr'><strong>infra</strong></span> <span class='ocrx_word' id='word_1_301' title='bbox 727 3581 809 3640; x_wconf 82' lang='lat' dir='ltr'><strong>xxiii.</strong></span> <span class='ocrx_word' id='word_1_302' title='bbox 831 3579 922 3639; x_wconf 86' lang='lat' dir='ltr'><strong>‘Noli</strong></span> <span class='ocrx_word' id='word_1_303' title='bbox 934 3559 1098 3640; x_wconf 76' lang='lat' dir='ltr'><strong>subtrahere</strong></span> <span class='ocrx_word' id='word_1_304' title='bbox 1112 3601 1128 3638; x_wconf 92' lang='lat' dir='ltr'><strong>a</strong></span> <span class='ocrx_word' id='word_1_305' title='bbox 1140 3599 1232 3657; x_wconf 89' lang='lat' dir='ltr'><strong>puero</strong></span> <span class='ocrx_word' id='word_1_306' title='bbox 1245 3579 1371 3656; x_wconf 86' lang='lat' dir='ltr'><strong>discipli·</strong></span> 
     </span>
    </p>
   </div>
   <div class='ocr_carea' id='block_1_3' title="bbox 277 3816 1374 4222">
    <p class='ocr_par' dir='ltr' id='par_1_4' title="bbox 314 3816 1281 3887">
     <span class='ocr_line' id='line_1_33' title="bbox 314 3816 1281 3887; baseline 0.004 -23"><span class='ocrx_word' id='word_1_307' title='bbox 314 3816 593 3882; x_wconf 59' lang='lat' dir='ltr'><strong>(rfflcctiaxxiitss.</strong></span> <span class='ocrx_word' id='word_1_308' title='bbox 688 3855 691 3863; x_wconf 88' lang='lat'><em>.</em></span> <span class='ocrx_word' id='word_1_309' title='bbox 761 3819 800 3882; x_wconf 78' lang='lat'><strong>(2)</strong></span> <span class='ocrx_word' id='word_1_310' title='bbox 813 3819 918 3870; x_wconf 89' lang='lat' dir='ltr'><strong>Philem.</strong></span> <span class='ocrx_word' id='word_1_311' title='bbox 932 3821 972 3869; x_wconf 84' lang='lat'><strong>16.</strong></span> <span class='ocrx_word' id='word_1_312' title='bbox 1015 3863 1017 3874; x_wconf 59' lang='lat'><strong>,</strong></span> <span class='ocrx_word' id='word_1_313' title='bbox 1074 3819 1116 3887; x_wconf 84' lang='lat'><strong>(3)</strong></span> <span class='ocrx_word' id='word_1_314' title='bbox 1130 3820 1196 3886; x_wconf 79' lang='lat' dir='ltr'><strong>pr.</strong></span> <span class='ocrx_word' id='word_1_315' title='bbox 1208 3819 1240 3869; x_wconf 82' lang='lat' dir='ltr'><strong>vi.</strong></span> <span class='ocrx_word' id='word_1_316' title='bbox 1257 3821 1281 3868; x_wconf 87' lang='grc'><strong>9.</strong></span> 
     </span>
    </p>

    <p class='ocr_par' dir='ltr' id='par_1_5' title="bbox 277 3899 1374 4133">
     <span class='ocr_line' id='line_1_34' title="bbox 315 3899 1374 3970; baseline 0.003 -21"><span class='ocrx_word' id='word_1_317' title='bbox 315 3902 359 3967; x_wconf 85' lang='grc'><strong>(4)</strong></span> <span class='ocrx_word' id='word_1_318' title='bbox 383 3902 430 3966; x_wconf 71' lang='lat' dir='ltr'><strong>Est</strong></span> <span class='ocrx_word' id='word_1_319' title='bbox 447 3899 587 3965; x_wconf 79' lang='lat' dir='ltr'><strong>Garolopoli</strong></span> <span class='ocrx_word' id='word_1_320' title='bbox 603 3908 627 3952; x_wconf 89' lang='lat' dir='ltr'><strong>et</strong></span> <span class='ocrx_word' id='word_1_321' title='bbox 643 3899 816 3951; x_wconf 66' lang='lat' dir='ltr'><strong>Neo-Aurelia</strong></span> <span class='ocrx_word' id='word_1_322' title='bbox 835 3904 1054 3966; x_wconf 85' lang='lat' dir='ltr'><strong>loeusdesignatus</strong></span> <span class='ocrx_word' id='word_1_323' title='bbox 1066 3919 1115 3967; x_wconf 87' lang='lat' dir='ltr'><strong>quo</strong></span> <span class='ocrx_word' id='word_1_324' title='bbox 1127 3904 1294 3970; x_wconf 82' lang='lat' dir='ltr'><strong>seconferunt</strong></span> <span class='ocrx_word' id='word_1_325' title='bbox 1306 3906 1374 3960; x_wconf 82' lang='lat' dir='ltr'><strong>servi,</strong></span> 
     </span>
     <span class='ocr_line' id='line_1_35' title="bbox 277 3985 1370 4054; baseline 0.004 -20"><span class='ocrx_word' id='word_1_326' title='bbox 277 3985 391 4034; x_wconf 89' lang='lat' dir='ltr'><strong>berorum</strong></span> <span class='ocrx_word' id='word_1_327' title='bbox 399 3987 470 4050; x_wconf 79' lang='lat' dir='ltr'><strong>jussa</strong></span> <span class='ocrx_word' id='word_1_328' title='bbox 477 3985 617 4044; x_wconf 81' lang='lat' dir='ltr'><strong>deferentes,</strong></span> <span class='ocrx_word' id='word_1_329' title='bbox 629 3993 657 4034; x_wconf 90' lang='lat' dir='ltr'><strong>ut</strong></span> <span class='ocrx_word' id='word_1_330' title='bbox 667 3986 794 4051; x_wconf 80' lang='lat' dir='ltr'><strong>plagarum</strong></span> <span class='ocrx_word' id='word_1_331' title='bbox 805 3996 887 4037; x_wconf 83' lang='lat' dir='ltr'><strong>oenus</strong></span> <span class='ocrx_word' id='word_1_332' title='bbox 901 4003 1018 4037; x_wconf 78' lang='lat' dir='ltr'><strong>numanis</strong></span> <span class='ocrx_word' id='word_1_333' title='bbox 1029 3987 1058 4036; x_wconf 90' lang='lat' dir='ltr'><strong>iis</strong></span> <span class='ocrx_word' id='word_1_334' title='bbox 1069 3987 1201 4050; x_wconf 73' lang='lat' dir='ltr'><strong>infligatur.</strong></span> <span class='ocrx_word' id='word_1_335' title='bbox 1218 3987 1284 4037; x_wconf 87' lang='lat' dir='ltr'><strong>Alibi</strong></span> <span class='ocrx_word' id='word_1_336' title='bbox 1296 3990 1370 4054; x_wconf 78' lang='lat' dir='ltr'><strong>plage</strong></span> 
     </span>
     <span class='ocr_line' id='line_1_36' title="bbox 278 4066 1157 4133; baseline 0.005 -19"><span class='ocrx_word' id='word_1_337' title='bbox 278 4066 415 4128; x_wconf 77' lang='lat' dir='ltr'><strong>irrogantur</strong></span> <span class='ocrx_word' id='word_1_338' title='bbox 426 4071 456 4118; x_wconf 83' lang='lat' dir='ltr'><strong>eb</strong></span> <span class='ocrx_word' id='word_1_339' title='bbox 467 4068 602 4133; x_wconf 85' lang='lat' dir='ltr'><strong>inspectore</strong></span> <span class='ocrx_word' id='word_1_340' title='bbox 614 4069 657 4133; x_wconf 90' lang='lat' dir='ltr'><strong>qui</strong></span> <span class='ocrx_word' id='word_1_341' title='bbox 668 4084 792 4119; x_wconf 81' lang='lat' dir='ltr'><strong>serrorum</strong></span> <span class='ocrx_word' id='word_1_342' title='bbox 804 4070 865 4132; x_wconf 79' lang='lat' dir='ltr'><strong>gerit</strong></span> <span class='ocrx_word' id='word_1_343' title='bbox 877 4087 969 4128; x_wconf 87' lang='lat' dir='ltr'><strong>curam,</strong></span> <span class='ocrx_word' id='word_1_344' title='bbox 980 4071 1033 4121; x_wconf 86' lang='lat' dir='ltr'><strong>hen&#39;</strong></span> <span class='ocrx_word' id='word_1_345' title='bbox 1049 4073 1157 4121; x_wconf 88' lang='lat' dir='ltr'><strong>nomine.</strong></span> 
     </span>
    </p>

    <p class='ocr_par' dir='ltr' id='par_1_6' title="bbox 312 4153 1370 4222">
     <span class='ocr_line' id='line_1_37' title="bbox 312 4153 1370 4222; baseline 0.008 -24"><span class='ocrx_word' id='word_1_346' title='bbox 312 4155 352 4216; x_wconf 79' lang='lat'><strong>(5)</strong></span> <span class='ocrx_word' id='word_1_347' title='bbox 372 4158 387 4184; x_wconf 85' lang='lat'><strong>‘¹</strong></span> <span class='ocrx_word' id='word_1_348' title='bbox 397 4153 453 4204; x_wconf 82' lang='lat' dir='ltr'><strong>The</strong></span> <span class='ocrx_word' id='word_1_349' title='bbox 464 4163 554 4207; x_wconf 80' lang='lat' dir='ltr'><strong>statute</strong></span> <span class='ocrx_word' id='word_1_350' title='bbox 565 4155 714 4218; x_wconf 81' lang='lat' dir='ltr'><strong>regulations</strong></span> <span class='ocrx_word' id='word_1_351' title='bbox 725 4157 807 4207; x_wconf 82' lang='lat' dir='ltr'><strong>follow</strong></span> <span class='ocrx_word' id='word_1_352' title='bbox 818 4157 859 4206; x_wconf 87' lang='lat' dir='ltr'><strong>the</strong></span> <span class='ocrx_word' id='word_1_353' title='bbox 869 4157 998 4222; x_wconf 87' lang='lat' dir='ltr'><strong>principles</strong></span> <span class='ocrx_word' id='word_1_354' title='bbox 1010 4158 1038 4208; x_wconf 89' lang='lat' dir='ltr'><strong>of</strong></span> <span class='ocrx_word' id='word_1_355' title='bbox 1052 4157 1093 4208; x_wconf 88' lang='lat' dir='ltr'><strong>the</strong></span> <span class='ocrx_word' id='word_1_356' title='bbox 1105 4159 1161 4208; x_wconf 80' lang='lat' dir='ltr'><strong>civil</strong></span> <span class='ocrx_word' id='word_1_357' title='bbox 1172 4160 1220 4207; x_wconf 86' lang='lat' dir='ltr'><strong>law</strong></span> <span class='ocrx_word' id='word_1_358' title='bbox 1231 4157 1258 4207; x_wconf 89' lang='lat' dir='ltr'><strong>in</strong></span> <span class='ocrx_word' id='word_1_359' title='bbox 1271 4157 1370 4206; x_wconf 86' lang='lat' dir='ltr'><strong>relation</strong></span> 
     </span>
    </p>
   </div>
   <div class='ocr_carea' id='block_1_4' title="bbox 275 4234 1371 4370">
    <p class='ocr_par' dir='ltr' id='par_1_7' title="bbox 275 4234 1371 4370">
     <span class='ocr_line' id='line_1_38' title="bbox 275 4234 1371 4307; baseline 0.004 -23"><span class='ocrx_word' id='word_1_360' title='bbox 275 4245 301 4284; x_wconf 89' lang='lat' dir='ltr'><strong>to</strong></span> <span class='ocrx_word' id='word_1_361' title='bbox 312 4234 397 4291; x_wconf 83' lang='lat' dir='ltr'><strong>slaves,</strong></span> <span class='ocrx_word' id='word_1_362' title='bbox 415 4237 464 4285; x_wconf 86' lang='lat' dir='ltr'><strong>and</strong></span> <span class='ocrx_word' id='word_1_363' title='bbox 481 4253 521 4286; x_wconf 84' lang='lat' dir='ltr'><strong>ore</strong></span> <span class='ocrx_word' id='word_1_364' title='bbox 533 4241 664 4303; x_wconf 80' lang='lat' dir='ltr'><strong>extremely</strong></span> <span class='ocrx_word' id='word_1_365' title='bbox 676 4256 773 4301; x_wconf 74' lang='lat' dir='ltr'><strong>serere3</strong></span> <span class='ocrx_word' id='word_1_366' title='bbox 791 4243 834 4291; x_wconf 87' lang='lat' dir='ltr'><strong>bot</strong></span> <span class='ocrx_word' id='word_1_367' title='bbox 851 4241 893 4292; x_wconf 84' lang='lat' dir='ltr'><strong>tho</strong></span> <span class='ocrx_word' id='word_1_368' title='bbox 910 4249 998 4291; x_wconf 86' lang='lat' dir='ltr'><strong>master</strong></span> <span class='ocrx_word' id='word_1_369' title='bbox 1016 4241 1061 4292; x_wconf 88' lang='lat' dir='ltr'><strong>has</strong></span> <span class='ocrx_word' id='word_1_370' title='bbox 1078 4258 1111 4291; x_wconf 95' lang='lat' dir='ltr'><strong>no</strong></span> <span class='ocrx_word' id='word_1_371' title='bbox 1128 4257 1212 4307; x_wconf 87' lang='lat' dir='ltr'><strong>power</strong></span> <span class='ocrx_word' id='word_1_372' title='bbox 1223 4258 1282 4290; x_wconf 87' lang='lat' dir='ltr'><strong>over</strong></span> <span class='ocrx_word' id='word_1_373' title='bbox 1294 4240 1335 4292; x_wconf 84' lang='lat' dir='ltr'><strong>liic</strong></span> <span class='ocrx_word' id='word_1_374' title='bbox 1345 4256 1371 4290; x_wconf 94' lang='lat' dir='ltr'><strong>or</strong></span> 
     </span>
     <span class='ocr_line' id='line_1_39' title="bbox 277 4311 770 4370; baseline 0.01 -7"><span class='ocrx_word' id='word_1_375' title='bbox 277 4311 359 4364; x_wconf 85' lang='lat' dir='ltr'><strong>rimb.”</strong></span> <span class='ocrx_word' id='word_1_376' title='bbox 376 4312 465 4364; x_wconf 80' lang='lat' dir='ltr'><strong>Kent&#39;s</strong></span> <span class='ocrx_word' id='word_1_377' title='bbox 475 4315 571 4366; x_wconf 88' lang='lat' dir='ltr'><strong>Comm.</strong></span> <span class='ocrx_word' id='word_1_378' title='bbox 584 4320 630 4368; x_wconf 84' lang='lat' dir='ltr'><strong>vol.</strong></span> <span class='ocrx_word' id='word_1_379' title='bbox 641 4319 666 4369; x_wconf 89' lang='lat' dir='ltr'><strong>ii.</strong></span> <span class='ocrx_word' id='word_1_380' title='bbox 674 4335 700 4370; x_wconf 91' lang='grc' dir='ltr'>ιι.</span> <span class='ocrx_word' id='word_1_381' title='bbox 713 4321 770 4368; x_wconf 80' lang='lat'>253.</span> 
     </span>
    </p>
   </div>
   <div class='ocr_carea' id='block_1_5' title="bbox 0 0 1554 5260">
    <p class='ocr_par' dir='ltr' id='par_1_8' title="bbox 0 0 1554 5260">
     <span class='ocr_line' id='line_1_40' title="bbox 0 0 1554 5260; baseline 0 0"><span class='ocrx_word' id='word_1_382' title='bbox 0 0 1554 5260; x_wconf 95' lang='lat' dir='ltr'><strong> </strong></span> 
     </span>
    </p>
   </div>
  </div>
 </body>
</html>
