3068 5256
261 499 301 554 80
526 494 583 553 DE
604 491 807 552 SECUNDO
828 490 1080 554 PRAEOEPTO.

262 669 291 718 et
304 656 421 718 sanandi
433 657 644 735 omnipotentiae
667 667 696 716 et
714 657 916 716 misericordia
936 656 1003 728 Dei,
1018 679 1070 736 per
1091 676 1177 732 quam
1199 659 1350 734 aliquando

263 758 333 824 tales
347 759 428 830 quasi
441 758 609 816 miraculose
624 757 804 832 spiritualiter
817 751 997 814 sanantur.’'¹

302 861 352 914 41.
373 856 564 932 Blasphemim
586 856 616 913 in
639 855 776 931 Spiritum
797 855 932 914 Sanctum
951 855 994 912 rei
1015 864 1082 913 sunt
1104 863 1244 928 quotquot
1256 855 1352 914 divina

262 955 395 1032 dogmata
407 964 567 1022 noscentes,
582 973 626 1022 ea,
641 973 694 1012 sua
706 953 858 1012 reluctante
880 955 1061 1020 conscientia,
1081 955 1260 1029 impugnant.
1303 955 1351 1012 Sic

262 1053 530 1126 quiEucharistiam
544 1051 618 1110 scede
631 1052 820 1119 inhonestant,
834 1061 864 1110 ut
876 1053 959 1108 sectis
972 1051 1159 1119 blandiantur,
1174 1054 1270 1110 animo
1283 1052 1352 1112 dum

262 1151 367 1209 habent
379 1169 556 1228 persuasum,
570 1169 634 1208 eam
648 1149 763 1227 Corpus
776 1169 840 1208 esse
854 1161 883 1209 et
895 1151 1071 1228 Sanguinem
1085 1151 1206 1218 Christi,
1220 1151 1352 1228 gravissi·

263 1267 316 1307 mae
330 1249 415 1327 hujus
428 1249 612 1325 blasphemiae
626 1250 667 1306 rei
685 1259 759 1308 sunt.

301 1351 351 1406 42.
373 1346 663 1407 Animadvertendum
677 1347 828 1407 nonnullos
849 1347 1008 1408 confitendo
1028 1367 1059 1405 se
1072 1347 1256 1424 blasphemias
1271 1367 1352 1406 accu-

261 1465 333 1516 sare,
342 1447 391 1520 qui
402 1455 496 1505 tamen
508 1447 534 1503 si
544 1446 707 1524 diligentius
720 1448 934 1524 interrogentur,
943 1449 1118 1522 reperientur
1126 1447 1172 1504 vel
1180 1449 1350 1524 juramenta,

262 1545 308 1603 vel
320 1546 543 1606 maledictiones.
554 1546 601 1603 vel
610 1563 695 1603 voces
709 1564 771 1615 quae
785 1546 895 1602 nullum
909 1563 1026 1604 sensum
1039 1545 1232 1622 praeseserunt,
1244 1555 1350 1604 tantmn

262 1643 403 1701 emisisse.
457 1644 550 1702 “Nec
577 1652 620 1701 est
644 1642 831 1718 blasphemia,
859 1643 972 1716 quando
993 1646 1110 1702 verbum
1138 1653 1285 1712 mutatum,
1307 1653 1353 1702 aut

264 1740 442 1799 dimidiatum
463 1741 684 1818 pronunciatur”
706 1743 798 1813 inquit
820 1742 852 1799 S.
873 1737 1065 1818 Alphonsus.²
1106 1743 1237 1800 Graviter
1258 1751 1352 1800 tamen

261 1840 489 1917 reprehendendi
502 1850 568 1899 sunt
580 1842 630 1914 qui
642 1842 758 1899 vocibus
771 1841 827 1898 illis
849 1850 973 1907 utuntur,
996 1841 1184 1900 offensionem
1198 1842 1274 1899 enirn
1295 1841 1351 1916 piis

263 1940 375 1998 auribus
388 1942 523 2018 praebent.
554 1941 666 1998 Asserit
679 1941 710 1997 S.
719 1939 885 2014 Alphonsus
894 1939 1100 2014 blasphemiam
1109 1959 1167 1998 non
1180 1958 1244 1997 esse
1258 1938 1351 1997 dicere

263 2049 359 2095 contra
379 2038 511 2098 homines
538 2039 692 2113 “Sanguis
705 2037 783 2104 Dei,'
804 2038 860 2096 nisi
885 2038 1039 2115 indignatio
1066 2042 1104 2098 sit
1127 2039 1232 2097 directa
1257 2047 1353 2096 contra

261 2128 406 2194 Deumjttt

595 2333 664 2408 §11.
686 2333 734 2391 Da
755 2334 1007 2395 Mannnrcrrcnn.

301 2483 350 2538 43.
373 2482 575 2541 “Maledicere
589 2485 674 2541 rebus
689 2485 928 2543 irrationabilibus
942 2488 972 2544 in
987 2495 1123 2558 quantum
1137 2495 1204 2545 sunt
1216 2497 1349 2544 creaturae

262 2579 329 2650 Dei,
344 2590 388 2638 est
399 2592 549 2659 peccatum
562 2583 765 2660 blasphemiae;
786 2584 957 2642 maledicere
978 2595 1072 2643 autem
1085 2587 1127 2644 eis
1147 2586 1305 2644 secundum
1319 2603 1348 2642 sc

261 2681 458 2750 consideratis,
480 2695 523 2740 est
553 2684 687 2751 otiosum,
719 2691 747 2740 et
768 2683 905 2741 vanum.”
947 2684 991 2741 Ita
1010 2684 1049 2742 D.
1073 2680 1230 2742 Thomas,⁴
1271 2684 1348 2741 Hinc

260 2780 440 2856 blasphemia
462 2780 534 2840 soret
550 2783 720 2840 maledicere
744 2785 832 2853 cruci,
857 2783 1021 2860 Scriptura,
1035 2783 1109 2842 sesto
1130 2782 1197 2850 diei,
1212 2791 1259 2839 aut
1272 2783 1350 2840 alteri

261 2880 312 2945 rei,
327 2899 391 2952 quae
405 2881 439 2938 ad
453 2877 549 2937 Deum
562 2881 698 2937 refertur:
721 2892 828 2938 caeterae
842 2891 936 2939 autem
950 2900 1013 2953 quae
1027 2883 1121 2940 solent
1133 2880 1250 2958 proferri
1263 2881 1350 2938 male·

261 2973 410 3043 dictiones,
421 2976 605 3049 blasphemiae
613 2978 719 3035 malitia
730 2987 833 3035 carent.
875 2980 999 3038 Mortuis
1009 2981 1174 3040 hominibus
1182 2977 1350 3036 maledicere

259 3074 356 3149 specie
370 3091 427 3132 non
441 3071 552 3130 videtur
565 3073 703 3132 differrea
716 3076 915 3136 maledictione
926 3080 956 3137 in
965 3080 1046 3138 vivos
1060 3081 1183 3156 prolata;
1205 3097 1258 3136 nec
1272 3079 1349 3135 enim

259 3171 353 3229 solent
365 3172 395 3228 in
417 3171 524 3228 aumas
547 3181 734 3242 mortuorum,
758 3177 819 3234 sive
843 3178 872 3235 in
893 3177 1034 3253 paradiso,
1057 3180 1164 3237 sivein
1185 3178 1349 3255 purgatorio

259 3270 425 3338 existentes,
439 3271 651 3330 maledictiones
665 3275 826 3350 specialiter
838 3276 929 3352 dirigi.

299 3373 349 3428 44.
372 3378 391 3406 “
403 3369 571 3428 Maledictis
585 3370 660 3440 est‚”
675 3373 768 3445 inquit
781 3375 812 3431 S.
828 3375 969 3444 Thomas,
985 3383 1068 3452 “per
1080 3396 1166 3450 quarn
1182 3375 1349 3453 pronuncia·

258 3477 304 3527 tur
313 3469 418 3529 malum
432 3479 530 3528 contra
540 3470 672 3542 aliquem,
684 3473 730 3529 vel
740 3473 915 3550 imperando,
923 3475 969 3532 vel
979 3477 1112 3551 optando.
1153 3475 1236 3533 Velle
1245 3482 1347 3540 autem,

258 3569 304 3626 vel
331 3571 452 3645 imperio
477 3589 592 3629 movere
618 3570 653 3628 ad
682 3573 789 3632 malum
814 3572 940 3642 alterius,
969 3576 1127 3634 secundum
1152 3593 1183 3632 se
1209 3583 1349 3649 repugnat

257 3666 374 3731 caritati,
389 3685 446 3737 qua
464 3666 609 3742 diligimus
630 3671 803 3744 proximum,
827 3673 956 3730 volentes
977 3675 1084 3732 bonurn
1107 3675 1206 3750 ipsius.
1248 3671 1290 3728 Et
1311 3673 1349 3728 ita

256 3761 412 3821 secundum
426 3781 510 3820 suum
521 3781 610 3840 genus
620 3775 664 3822 est
673 3779 820 3842 peccatum
833 3772 962 3840 mortale,
973 3783 1001 3830 et
1014 3782 1090 3831 tanto
1104 3773 1227 3852 gravius,
1242 3780 1348 3842 quanto

255 3881 418 3939 personam,
431 3862 476 3920 cui
489 3861 696 3932 maledicimus,
710 3868 800 3942 magis
815 3887 908 3926 amare
919 3873 1076 3930 etrevereri
1084 3883 1221 3930 tenemur.
1263 3869 1348 3928 Unde

255 3959 355 4020 dicitur
364 3961 447 4042 (Lev.
458 3958 533 4042 xx.):
550 3964 617 4035 ‘qui
624 3964 801 4022 maledixerit
807 3968 878 4043 patri
885 3988 948 4038 suo,
957 3974 1083 4040 etmatri,
1091 3981 1180 4030 morte
1189 3967 1346 4027 moriatur.’

256 4051 406 4137 Contingit
426 4071 521 4123 tamen
540 4066 660 4124 verbum
682 4064 887 4126 maledictionis
910 4071 1053 4145 prolatum
1075 4089 1139 4129 esse
1159 4067 1280 4135 veniale,
1304 4067 1349 4125 vel

422 4229 465 4295 (1)
485 4229 511 4278 S.
524 4228 614 4281 Thom.
625 4232 650 4282 2.
662 4237 708 4283 2ae.
720 4250 761 4299 qu.
772 4235 823 4286 xiv.
834 4243 878 4287 art.
889 4236 924 4288 iii.
937 4237 1011 4306 Καρ.

420 4315 462 4380 (2)
482 4315 512 4365 L.
524 4315 558 4367 iii.
571 4333 596 4366 n.
611 4317 667 4367 123.
1000 4325 1043 4392 (³)
1063 4325 1164 4378 Ibidem.

593 4401 635 4468 (4)
656 4405 680 4451 2.
693 4406 738 4453 πω.
748 4420 789 4468 qu.
801 4407 877 4458 11va
889 4415 932 4459 ert.
944 4409 969 4460 ii.
