3078 5258
396 465 454 528 DE
474 465 651 528 JEJUNIO
672 468 731 528 ET
750 467 1052 532 ABSTINENTIA.
1231 471 1295 540 att'

236 637 285 693 to.
308 634 365 692 Iter
377 633 515 692 facientes
536 631 683 709 pedestres
696 653 713 692 a
731 634 875 710 plerisque
895 647 1067 696 excusantur
1079 658 1096 696 a
1103 639 1208 716 jejunii
1220 642 1292 704 obli·

191 734 319 811 gatione,
343 733 368 790 si
382 734 507 809 spatium
528 731 691 804 quindecim
711 733 874 794 milliarium
893 732 995 794 eodem
1015 735 1062 796 die
1081 739 1242 808 eonfieiaat,
1264 751 1292 800 et

195 834 252 890 iter
262 831 410 890 commode
425 831 540 890 differre
552 831 628 889 haud
641 834 792 908 potuerint.
835 842 855 870 ‘⁴
866 835 900 893 si
915 845 1011 894 tamen
1024 837 1072 894 via
1083 847 1161 894 esset
1179 847 1236 898 tam
1249 857 1292 898 ar·

196 929 264 998 dna,
278 939 328 988 aut
340 940 453 1006 tempus
468 940 525 990 tam
539 949 683 1008 asperum,
697 941 744 990 aut
756 931 782 988 si
793 932 928 992 itinerans
941 942 1016 992 esset
1035 934 1106 994 adeo
1119 933 1232 1005 debilis,
1246 937 1293 997 vel

199 1030 295 1088 itineri
309 1048 368 1087 uon
381 1039 521 1098 assuetus,
535 1039 638 1088 utnon
657 1040 755 1106 posset
769 1031 900 1106 jejunare
920 1033 982 1092 sine
995 1051 1099 1110 magna
1110 1033 1292 1106 difficultate3

198 1128 302 1191 obbas
316 1147 416 1186 causas
426 1128 580 1201 aliquando
593 1139 764 1204 posseteum
778 1147 914 1188 excusare
925 1151 942 1188 a
950 1133 1063 1209 jejunio
1076 1133 1129 1190 iter
1139 1134 1224 1192 etiam
1238 1151 1292 1194 sex

198 1227 377 1294 milliarium,
391 1227 439 1285 vel
451 1227 580 1287 minus.”
608 1224 805 1286 Excusanmr¹
815 1230 900 1288 etiam
910 1229 1010 1288 eadem
1023 1229 1058 1288 de
1071 1249 1157 1290 eausa
1169 1233 1294 1308 plaustra

197 1326 359 1384 ducentes:
380 1326 437 1384 imo
451 1335 480 1382 et
490 1326 645 1385 litteramm
657 1327 771 1394 latores,
785 1328 831 1387 vel
851 1329 899 1386 aiii
912 1330 961 1401 qui
981 1347 1032 1406 per
1049 1337 1139 1388 totum
1152 1330 1228 1390 diem
1243 1333 1294 1391 eir·

197 1434 387 1483 eumeursant
397 1425 493 1481 urbem
506 1425 685 1501 negotiorum
699 1443 793 1482 eausa.

241 1527 291 1581 57.
306 1522 359 1579 'De
377 1524 567 1594 equitantibus
581 1523 714 1604 damnata
733 1532 777 1579 est
795 1524 830 1580 ab
850 1523 1014 1581 Alexandro
1035 1523 1104 1582 VII.
1117 1527 1294 1602 propositio:

198 1631 219 1656 ‘⁶
231 1621 417 1679 Excusanttu
430 1621 557 1678 absolute
577 1640 594 1676 a
613 1628 756 1697 praeoepto
777 1621 881 1698 jejunii
894 1639 994 1680 omnes
1013 1622 1065 1690 illi,
1079 1623 1129 1696 qui
1142 1623 1196 1682 iter
1209 1637 1296 1703 egum

201 1719 366 1792 equitando,
381 1729 535 1792 utcumque
548 1720 601 1776 iter
620 1728 713 1794 agant,
728 1720 838 1778 etiamsi
852 1722 906 1778 iter
925 1721 1118 1780 necessarium
1137 1727 1254 1793 nonsit,
1268 1736 1297 1784 et

200 1820 315 1876 etiamsi
328 1820 380 1876 iter
393 1819 478 1876 unius
492 1817 549 1875 diei
562 1812 762 1875 conficiant.'’²
802 1826 821 1854 “
833 1818 1013 1887 Caeterum‚'’
1028 1821 1068 1877 ait
1080 1821 1112 1878 S.
1127 1820 1295 1897 Alphonsus

198 1919 422 1976 “communiter
435 1917 566 1976 doctores
577 1925 715 1975 excusant
722 1917 772 1988 qui
781 1917 823 1974 sie
837 1919 1002 1976 itinerantur
1012 1919 1168 1995 perplures
1177 1917 1239 1978 dies
1249 1963 1256 1978 .
1267 1963 1275 1978 .
1287 1963 1294 1980 .

199 2017 287 2074 Bene
307 2026 400 2075 autem
420 2014 541 2075 advertit
554 2015 639 2084 Viva,
660 2015 737 2088 quod
758 2015 925 2092 hujusmodi
945 2017 1109 2075 itinerantes
1127 2037 1186 2077 non
1207 2037 1293 2078 excu-

202 2127 313 2183 santur,
327 2117 353 2174 si
366 2125 475 2174 constet
488 2135 538 2174 eos
552 2115 614 2172 sine
626 2133 730 2191 magno
750 2115 932 2176 incommodo
945 2133 1030 2192 posse
1038 2117 1178 2193 jejunare.
1219 2119 1297 2178 Prn-

202 2224 282 2272 terea
295 2225 370 2273 reete
384 2214 497 2272 dieunt.
509 2257 534 2272 ..
549 2231 635 2290 posse
649 2213 802 2286 aliquando
816 2233 952 2273 excusare
966 2217 1019 2273 iter
1031 2217 1116 2274 etiam
1128 2217 1213 2275 unius
1227 2217 1296 2286 diei,

204 2315 229 2371 si
243 2314 385 2392 agendum
400 2323 478 2372 esset
490 2333 555 2371 cum
569 2332 673 2389 magna
686 2312 895 2389 defatigatione,
909 2323 941 2372 nt
953 2314 1048 2373 evenit
1059 2317 1239 2382 oursoribns3
1253 2318 1299 2376 vel

204 2415 229 2471 si
243 2414 374 2487 equitans
388 2414 426 2472 sit
438 2413 550 2480 debilis,
573 2421 620 2468 aut
632 2421 744 2488 tempus
765 2413 803 2469 sit
821 2431 964 2489 asperum,
978 2412 1024 2471 vel
1043 2415 1095 2472 iter
1107 2414 1237 2483 arduum,
1252 2427 1299 2475 ant

204 2511 492 2570 extraordinarium.”
535 2510 593 2578 Qut
607 2512 727 2587 publicis
747 2513 875 2570 curtibus
888 2513 1029 2571 vehuntur
1040 2531 1092 2588 per
1104 2522 1193 2572 mmm
1207 2513 1295 2582 diem,

202 2631 236 2669 ae
252 2621 340 2668 totam
354 2611 412 2668 fere
425 2621 548 2678 noctem,
563 2609 694 2668 videntur
707 2611 836 2668 excusari
850 2630 866 2666 a
884 2611 1007 2688 jejunio,
1017 2628 1106 2682 quum
1116 2611 1300 2684 frequentiori

203 2710 273 2768 cibo
287 2709 324 2764 ad
336 2708 561 2786 defatigationem
576 2708 770 2767 sustinendam
782 2717 894 2783 egeant.

248 2811 297 2864 58.
319 2805 426 2865 Pietas
441 2819 554 2866 excusat
567 2829 582 2865 a
591 2808 704 2885 jejunio
717 2824 767 2864 eos
788 2807 838 2877 qui
858 2823 939 2878 equa
951 2823 988 2862 ex
1008 2821 1093 2861 eausa
1106 2805 1155 2880 pia
1167 2803 1294 2882 aggredi·

201 2917 292 2966 untur
314 2925 411 2984 opera,
435 2925 497 2978 quae
516 2908 678 2984 jejunantes
692 2905 740 2963 vix
758 2913 879 2981 possunt
898 2903 1035 2980 perfieere
1047 2903 1152 2976 absque
1166 2905 1244 2980 gravi
1257 2906 1299 2963 in·

205 3005 380 3064 commodo:
404 3015 422 3042 ‘⁶
431 3006 532 3079 quia,”
546 3017 578 3064 ut
590 3007 630 3063 ait
642 3005 674 3061 S.
690 3004 831 3072 Thomas,
853 3012 873 3040 “
884 3022 942 3063 non
955 3003 1067 3063 videtur
1078 3003 1167 3061 fauisse
1180 3004 1299 3064 intentio

207 3105 348 3164 Ecclesiae
362 3107 510 3165 statuentis
521 3106 643 3182 jejunia,
657 3113 689 3161 ut
700 3121 752 3181 per
763 3103 820 3161 hoe
833 3103 985 3180 impediret
997 3103 1065 3160 alias
1079 3103 1152 3178 pias,
1166 3113 1194 3161 et
1207 3106 1299 3181 magis

206 3206 382 3266 necessarias
404 3195 553 3263 causas.''³
595 3213 614 3240 ‘⁶
627 3204 706 3262 Hinc
729 3206 755 3260 1.
771 3211 942 3262 excusantur
961 3204 1012 3275 qui
1031 3202 1158 3276 pluribus
1179 3203 1299 3261 infirmis

205 3323 270 3363 eum
286 3323 390 3382 magno
402 3303 499 3362 labore
521 3304 681 3362 inserviunt
699 3303 729 3360 in
747 3301 935 3377 hospitalibus
956 3308 1004 3357 aut
1015 3299 1227 3356 monasteriis.”
1269 3305 1298 3357 2.

155 3389 157 3392 ¹
209 3412 229 3439 “
242 3405 426 3462 Excusantur
438 3405 663 3471 concionatores,
684 3403 734 3474 qui
753 3400 907 3476 praedicant
925 3395 1051 3472 quotidie
1067 3397 1127 3454 sive
1140 3396 1301 3469 frequenter

207 3503 239 3560 in
252 3503 469 3580 quadragesima
480 3495 527 3569 ;”⁴
546 3501 678 3560 laudandi
698 3510 793 3557 tamen
813 3499 862 3571 qui
878 3498 1021 3574 jejunium
1042 3503 1163 3561 servant,
1187 3497 1213 3552 si
1225 3495 1300 3553 vale·

206 3612 255 3661 ant
269 3604 375 3674 absque
388 3601 559 3660 valetudinis
572 3599 749 3660 detrimento.
783 3597 841 3663 Qui
858 3605 901 3655 ter
912 3596 958 3653 vel
970 3602 1069 3668 quater
1082 3594 1111 3652 in
1124 3592 1302 3654 hebdomada

207 3703 422 3768 concionantur,
443 3702 586 3777 ajejunio
606 3719 657 3777 per
669 3709 755 3759 totam
775 3694 982 3755 hebdomadam
1003 3693 1155 3766 aliquando
1168 3694 1299 3752 excusari

208 3810 341 3878 possunt,
356 3800 471 3872 quando
485 3800 594 3858 scilieet
606 3819 643 3857 ex
656 3798 784 3875 eorporis
806 3796 954 3875 agitatione
967 3795 1141 3862 vehementi,
1155 3803 1183 3850 et
1195 3794 1299 3851 mentis

206 3900 313 3969 studio,
337 3900 480 3977 jejunium
501 3909 647 3972 nequeunt
658 3898 792 3975 perferre.
835 3895 1049 3954 “Excusantur
1070 3893 1189 3949 leniores
1209 3891 1300 3947 seien-

206 4003 311 4060 tiarum
326 4001 375 4072 qui
388 4017 493 4074 magno
506 3997 600 4058 studio
613 4010 642 4056 et
654 3999 747 4057 labore
762 3991 939 4072 indigent.''⁵
968 3989 1139 4052 Sehoustiei
1152 3988 1237 4046 etiam
1251 3989 1301 4061 qui

278 4206 320 4270 (1)
332 4204 357 4254 S.
368 4202 522 4268 Alphonsus,
534 4203 548 4252 1.
560 4204 592 4253 vi.
604 4220 629 4254 n.
643 4205 716 4252 1047.
885 4196 927 4264 (2)
941 4197 1014 4261 Prop.
1026 4194 1066 4244 31.
1175 4186 1178 4192 ’

277 4286 609 4356 (³)2·2ae·‹1u·14⁷·ad³.
893 4277 1269 4348 (usurpassetntmu.

675 4373 716 4437 (o)
735 4369 836 4420 ibidem.
