3078 5258
271 472 342 570 seo
496 504 553 564 ou
575 499 860 564 uscudamam
881 501 1148 564 rnrvmucrrs.

274 673 396 750 delegati
410 669 496 729 Sedis
510 671 697 748 Apostolicae,
710 669 889 746 prohibeant,
903 663 1048 737 mandent,
1067 669 1219 746 corrigant,
1234 663 1369 736 statuant,¹

273 785 357 846 atque
372 769 407 828 ad
420 789 454 828 ea
468 768 601 829 inviolate
615 767 755 827 servanda
768 767 896 827 censuris
910 768 1120 835 ecclesiasticis,
1130 768 1248 840 aliisque
1262 769 1370 844 poenis,

274 889 336 944 que
359 869 473 928 illorum
494 869 611 928 arbitrio
632 869 848 935 constituentur,
874 851 988 924 fidelem
1009 867 1149 944 populum
1174 866 1368 942 compellant;

274 970 524 1030 nonobstantibus
546 968 715 1044 privilegiis,
734 966 973 1046 exemptionibus,
994 965 1229 1043 appellationibus
1248 984 1280 1023 ac
1301 983 1369 1022 con·

275 1067 473 1128 suetudinibus
487 1059 762 1140 quibuscumque.”¹

316 1173 345 1227 6.
367 1167 516 1227 Tenentur
536 1167 620 1224 etiam
642 1165 676 1224 ad
698 1163 870 1224 servandum
890 1165 962 1222 festa
984 1165 1019 1222 ab
1038 1166 1177 1242 episcopo
1191 1171 1316 1243 ¹statutae
1337 1173 1368 1222 et

275 1269 405 1348 episcopi
419 1266 641 1345 prohibitionem
662 1283 698 1323 ne
719 1262 833 1322 audiant
851 1263 1049 1322 consessiones
1069 1267 1099 1323 in
1112 1265 1237 1342 propriis
1250 1262 1366 1330 aedibus,

279 1369 341 1426 sive
364 1367 455 1434 cellis,
465 1366 549 1443 juxta
561 1364 717 1424 Decretum
740 1363 836 1420 Sacrae
850 1362 1100 1440 congregationis,
1121 1382 1198 1421 anno
1221 1365 1305 1428 1619,
1327 1365 1364 1418 15

230 1515 232 1521 .
277 1467 455 1543 Septembris
467 1484 475 1533 ς
496 1464 543 1521 vel
552 1483 589 1523 ne
602 1465 754 1522 mulierum
768 1471 815 1520 aut
827 1463 984 1538 puellarum
998 1463 1196 1522 confessiones
1209 1471 1288 1519 extra
1300 1479 1366 1518 con·

276 1566 430 1624 sessionale
464 1565 625 1639 excipiant:
660 1561 736 1636 quod
763 1562 897 1619 omnibus
923 1563 1116 1621 sacerdotibus
1142 1571 1236 1619 vetare
1264 1561 1366 1636 poterit

275 1665 440 1741 episcopus,
453 1663 536 1720 etiam
548 1662 601 1719 sub
611 1680 697 1738 prena
704 1661 904 1736 suspensionis
918 1662 952 1718 ab
965 1661 1114 1720 audiendis
1127 1659 1363 1726 confessionibus,

276 1781 314 1822 ex
327 1761 451 1820 Decreto
472 1761 565 1818 Sacrae
587 1760 838 1838 congregationis,
863 1764 898 1818 18
921 1759 1101 1830 Decembris,
1127 1764 1215 1818 1694.
1256 1759 1366 1817 Debent

277 1863 362 1921 etiam
385 1880 497 1920 servare
524 1861 704 1920 interdictum
728 1860 896 1936 impositum
920 1861 954 1916 ab
975 1862 1123 1937 episcopo,
1144 1861 1169 1919 si
1188 1869 1314 1916 servetur
1332 1858 1364 1914 ab

277 1962 399 2021 ecclesia
412 1961 539 2022 matrice.
581 1961 700 2020 Oaeterae
715 1959 855 2036 episcopi,
878 1959 924 2016 vel
943 1961 1057 2017 concilii
1078 1959 1270 2036 provincialis,
1289 1959 1363 2034 leges

277 2061 406 2138 pluribus
420 2077 477 2116 non
492 2058 622 2118 videntur
635 2059 810 2135 adstringere
823 2051 992 2134 regulares,²
1011 2059 1067 2116 nisi
1090 2059 1186 2116 forsan
1204 2056 1363 2114 scandalum

277 2157 435 2224 immineat,
456 2157 502 2215 vel
522 2157 578 2232 ipsi
597 2176 701 2216 munus
724 2166 876 2217 exerceant
895 2159 929 2214 ab
948 2159 1084 2234 episcopo
1107 2155 1254 2234 pendens:
1277 2175 1311 2213 vx
1330 2173 1362 2231 g:

280 2256 410 2334 parochi,
425 2256 608 2326 confessoris,
623 2251 858 2316 concionatoris.³

318 2363 348 2415 7.
371 2365 390 2392 ‘⁴
403 2355 601 2414 Ecclesiamm
621 2356 766 2425 Praelati,”
790 2357 884 2430 inquit
902 2358 1055 2416 concilium
1076 2357 1287 2423 Tridentinum,
1304 2362 1322 2390 ‘⁴
1334 2351 1365 2410 ad

280 2455 480 2532 corrigendum
494 2455 670 2514 subditorum
684 2474 835 2514 excessum
846 2455 1000 2532 prudenter
1010 2477 1046 2514 ac
1056 2456 1206 2534 diligenter
1215 2453 1365 2518 intendant,

279 2565 307 2613 et
320 2574 406 2614 nemo
427 2555 568 2612 saecularia
589 2555 719 2624 clericus,
738 2556 865 2633 cujusvis
885 2557 1054 2632 personalis,
1069 2557 1115 2614 vel
1129 2556 1276 2634 regularis,
1291 2563 1366 2611 extra

279 2655 486 2714 monasterium
500 2654 617 2732 degens,
628 2656 713 2714 etiam
723 2657 768 2714 sui
782 2655 889 2713 ordinis
903 2656 1044 2732 privilegii
1057 2664 1205 2732 pretextu,
1216 2663 1293 2712 tuuis
1306 2671 1367 2711 cen·

278 2767 384 2823 scatur,
406 2755 571 2828 quominus,
593 2758 617 2814 si
638 2756 796 2829 deliquerit,
818 2756 852 2812 ab
872 2754 1012 2813 ordinario
1031 2756 1098 2823 loci,
1119 2764 1264 2828 tamqnam
1285 2769 1368 2829 super

278 2854 373 2912 hoca
400 2854 476 2912 Sede
500 2856 666 2931 Apostolica
691 2856 829 2932 delegato,
853 2855 1010 2913 secundum
1036 2855 1187 2913 canonicas
1209 2853 1368 2911 sanctiones

279 2953 399 3020 visitari,
414 2954 520 3029 puniri,
535 2964 563 3010 et
575 2954 678 3028 corrigi
691 2947 830 3011 valeat.’'⁴
870 2954 962 3012 Extra
975 2955 1176 3012 monasterium
1197 2953 1300 3029 degere
1312 2970 1368 3010 non

280 3061 412 3110 censetur
421 3054 447 3109 is
462 3051 510 3124 qui
523 3050 558 3106 ed
570 3051 656 3108 breve
670 3059 781 3127 tempus
790 3060 870 3110 extra
877 3053 1030 3113 claustrum
1039 3071 1076 3110 ex
1085 3053 1249 3130 Superioris
1258 3052 1369 3111 licentia

279 3161 415 3217 moratur,
437 3149 634 3218 concionandi,
656 3150 852 3208 consessiones
880 3152 1052 3228 excipiendi,
1073 3154 1119 3210 vel
1145 3153 1199 3210 alia
1223 3171 1262 3210 ex
1287 3168 1369 3208 causa

279 3251 416 3327 legitima.
441 3247 516 3306 Sunt
529 3249 613 3306 etiarn
627 3249 676 3323 qui
685 3251 837 3326 opinantur
849 3251 920 3308 intra
933 3251 1136 3310 monasterium
1151 3253 1263 3309 censeri
1273 3250 1324 3322 qui
1336 3247 1368 3305 ad

280 3350 399 3424 longum
413 3356 527 3422 tempus
541 3357 621 3406 extra
634 3361 769 3418 versatur,
785 3350 890 3425 praevia
904 3351 1066 3426 Superioris
1085 3349 1215 3417 licentia;
1236 3360 1266 3407 et
1277 3357 1369 3425 potes·

278 3457 362 3505 tatem
384 3447 413 3505 in
441 3466 491 3505 eos
519 3466 686 3507 concessam
712 3459 820 3525 putant,
848 3450 908 3520 qui,
929 3451 1007 3508 nulla
1024 3449 1119 3508 habita
1143 3451 1269 3516 licentia,
1293 3459 1368 3507 extra

281 3548 403 3606 claustra
416 3544 463 3605 diu
478 3558 622 3626 vagantur,
634 3549 680 3606 vel
693 3551 742 3622 qui
756 3549 790 3606 ad
804 3557 916 3624 tempus
929 3550 1129 3625 longissimum
1142 3549 1243 3625 procul
1257 3549 1368 3624 aSupe·

279 3649 354 3703 riore
369 3641 504 3721 degunt.⁶
544 3647 586 3704 Hi
601 3649 689 3719 quiin
702 3649 748 3705 his
762 3649 917 3724 provinciis
930 3648 1048 3724 parochi
1062 3651 1108 3706 vel
1122 3649 1298 3707 missionarii
1310 3647 1366 3705 sun·

281 3752 387 3820 guntur
400 3744 566 3801 muneribus
580 3746 680 3820 procul
694 3765 710 3801 a
723 3746 862 3813 claustris,
877 3757 905 3804 et
914 3747 992 3805 nulla
1004 3747 1063 3804 sere
1077 3749 1264 3824 Superiorum
1279 3747 1366 3822 agnita

281 3843 454 3911 auctoritate,
472 3843 675 3919 episcoporum
689 3846 856 3902 correctioni
869 3846 999 3904 videntur
1012 3846 1095 3922 plane
1118 3848 1229 3924 subjici.
1272 3845 1327 3912 Qui
1339 3845 1365 3901 in

282 3945 411 4003 claustris
433 3953 588 4011 morantur,
609 3944 655 4000 vel
680 3951 759 4000 extra
778 3955 924 4004 versantur
943 3945 977 4002 ad
997 3955 1109 4022 tempus
1133 3964 1170 4002 ex
1183 3946 1363 4022 Superiorem

314 4165 352 4228 (l)
373 4164 442 4216 Trid.
455 4167 521 4218 Sess.
534 4169 594 4219 xxii.
606 4168 701 4220 Decret.
713 4165 742 4219 dc
754 4167 877 4220 odacrus!
888 4169 943 4220 coil.
952 4168 981 4218 in
990 4167 1031 4220 ccl.
1045 4169 1115 4220 Mica.
1145 4167 1209 4220 Vide
1221 4169 1293 4218 stiam
1305 4163 1359 4214 Ben-

280 4246 329 4294 xiv.
341 4246 402 4310 Syn.
412 4250 427 4297 1.
439 4250 464 4298 ix
475 4267 495 4300 o.
508 4253 558 4299 xvi.

315 4330 355 4393 (Ξ)
374 4329 436 4394 Cep.
445 4331 461 4380 i.
473 4331 502 4381 dc
509 4334 577 4398 prio,
589 4334 614 4382 in
626 4337 649 4384 6.
830 4339 872 4402 (3)
890 4336 916 4385 S.
928 4335 1003 4402 Alph.
1014 4353 1070 4402 app.
1081 4337 1106 4387 ii.
1118 4337 1212 4387 lxxviii.

317 4417 359 4482 (4)
380 4415 444 4464 Sese.
457 4417 488 4464 vi.
498 4433 550 4480 cap.
563 4417 597 4466 iii.
608 4417 638 4466 de
646 4417 700 4467 Rei.
828 4424 868 4487 (5)
888 4423 914 4471 S.
923 4423 999 4488 Alph.
1011 4438 1066 4487 app.
1078 4422 1103 4471 ii.
1114 4437 1139 4472 u.
1152 4422 1236 4472 lxxxii.
