3068 5256
270 481 328 538 120
557 471 615 532 DE
636 471 800 540 QUINTO
820 471 1072 534 PRAEOEPTO.

269 642 354 702 liceat
366 638 416 696 toti
430 641 518 715 genti,
529 655 581 714 per
595 655 662 695 suos
676 636 829 713 delegatos,
838 657 896 698 non
910 647 1018 696 tantum
1031 639 1155 714 spoliare
1169 655 1259 715 regno
1268 657 1365 716 supro·

271 759 350 798 mum
364 732 549 814 principem,1
563 736 614 792 sed
627 745 656 792 et
668 737 769 812 capitis
784 736 917 794 damnare
932 740 968 795 ob
988 738 1107 794 abusum
1120 739 1279 812 potestatis,
1290 748 1321 795 et
1334 738 1367 796 ad

270 835 477 914 rempublicam
490 837 524 892 ab
538 835 642 892 iteratis
656 837 719 913 ejus
733 836 879 892 conatibus
893 835 1079 893 servandam:
1101 835 1177 911 apud
1190 855 1242 894 nos
1257 838 1367 914 quippe

270 955 389 1014 praeses,
401 935 452 1006 qui
464 952 615 1009 supremus
629 945 674 992 est
683 933 872 1008 magistratus,
882 934 916 992 ad
933 935 1153 1007 quadriennium
1170 935 1368 994 tantarmmodo

271 1037 420 1112 gubernat,
434 1044 463 1090 et
475 1034 500 1090 si
510 1033 623 1090 interim
636 1033 796 1105 deliquerit,
807 1036 911 1108 poterit
920 1036 1005 1111 juxta
1016 1033 1110 1108 legem
1123 1051 1217 1090 coram
1231 1051 1369 1107 supremo

274 1133 382 1190 Senatu
401 1132 535 1208 judicari,
559 1131 695 1206 primario
713 1130 812 1207 judice
833 1149 972 1207 supremae
993 1132 1077 1188 curiae
1100 1131 1280 1206 praesidente,
1295 1141 1325 1189 et
1343 1135 1369 1190 si

269 1231 334 1289 duae
355 1250 393 1288 ex
408 1232 495 1287 tribus
510 1229 637 1305 partibus
651 1231 688 1286 ita
701 1239 846 1298 censeant,
861 1225 1015 1288 damnari.²
1034 1228 1164 1286 Dubitari
1177 1231 1277 1302 nequit
1290 1249 1370 1299 eum,

272 1333 297 1388 si
311 1349 377 1388 reus
391 1331 537 1405 probetur,
552 1328 720 1385 seutentiam
734 1328 828 1385 subire
842 1327 944 1386 debere
959 1329 1080 1403 exlegis
1094 1329 1258 1385 auctoritate
1270 1329 1368 1396 latam,

274 1447 338 1502 quae
353 1438 449 1485 tamen
469 1446 504 1484 eo
523 1445 592 1483 casu
616 1427 701 1484 vitam
721 1446 779 1484 non
793 1426 888 1484 afficit.
930 1427 1075 1484 Caeterum
1097 1426 1120 1482 si
1143 1426 1277 1484 delictum
1299 1427 1368 1482 alias

272 1547 389 1606 poenam
402 1527 503 1602 capitis
517 1533 659 1582 mereatur
677 1528 760 1602 juxta
774 1543 942 1582 communes
962 1526 1058 1602 legum
1081 1525 1252 1592 sanctiones,
1266 1523 1369 1600 poterit

275 1626 413 1700 deinceps
428 1642 521 1681 coram
536 1631 671 1680 consueto
685 1622 814 1679 tribunali
823 1623 946 1699 judicari
959 1634 988 1680 et
1001 1621 1135 1681 damnari.

318 1727 386 1780 135.
408 1720 494 1787 Quod
504 1731 612 1797 spectat
624 1720 659 1776 ad
672 1739 765 1796 reges,
779 1721 825 1777 vel
838 1722 1032 1796 imperatores,
1042 1721 1111 1777 olim
1124 1739 1338 1793 nonnumquam
1353 1741 1369 1777 a

275 1821 458 1899 pontificibus
473 1820 610 1878 Romanis
624 1819 780 1894 depositos,
794 1828 926 1895 putamus
940 1821 968 1877 id
982 1820 1133 1894 contigisse
1147 1839 1184 1876 ex
1198 1820 1367 1877 saeculorum

275 1923 391 1980 illorum
405 1920 543 1986 moribus,
558 1929 586 1976 et
599 1919 747 1995 principiis
756 1919 830 1995 juris
844 1938 860 1973 a
872 1920 1015 1993 plerisque
1029 1919 1158 1995 gentibus
1169 1926 1235 1974 tunc
1248 1919 1367 1994 agnitis:

277 2037 367 2092 quurn
381 2019 458 2074 enim
467 2018 629 2093 juramento
643 2019 787 2091 principes
802 2016 938 2092 designati
950 2036 1013 2074 sese
1028 2017 1225 2074 consueverint
1236 2017 1324 2092 ligare
1335 2014 1370 2072 ad

276 2115 448 2173 servandum
460 2116 542 2190 regni
556 2115 774 2172 consuetudines
788 2116 891 2192 etjura
901 2116 1050 2183 Ecclesia,
1065 2126 1094 2173 et
1107 2115 1300 2189 subditorum
1321 2114 1368 2186 qui

277 2233 310 2272 ea
332 2212 482 2288 tyrannide
509 2213 639 2280 violabat,
664 2215 830 2271 censebatur
851 2215 986 2291 regnandi
1002 2216 1067 2292 jure
1091 2213 1242 2280 decidisse,
1257 2211 1369 2286 quando

277 2330 430 2387 supremus
453 2311 591 2385 pontifex,
613 2331 702 2387 penes
729 2331 815 2385 quem
841 2313 993 2389 imperator
1014 2315 1209 2390 juramentum
1228 2313 1369 2377 emiserat,

276 2413 392 2486 regibus
417 2428 506 2484 penes
527 2411 694 2486 episcopum
711 2410 881 2487 jurantibus
895 2430 961 2470 eum
971 2414 1066 2470 violati
1085 2413 1159 2488 pacti
1170 2429 1250 2468 rcum
1261 2410 1370 2488 judica·

277 2519 368 2577 verat,
397 2509 459 2564 sive
486 2509 515 2564 in
541 2527 622 2565 sacro
647 2509 846 2584 episcoporum
870 2521 978 2579 senatu,
999 2513 1058 2568 sive
1074 2509 1184 2588 judicio
1203 2508 1280 2567 haud
1299 2509 1369 2566 adeo

275 2608 412 2666 solemni.
454 2606 525 2664 Inde
553 2617 646 2664 auteur
672 2627 730 2665 non
757 2609 928 2679 sequebatur
952 2611 1038 2668 licere
1058 2611 1190 2682 cuiquam
1210 2627 1306 2684 regern
1325 2609 1371 2665 vel

277 2709 478 2785 imperatorem
494 2707 655 2782 depositum
668 2706 842 2764 interficere:
865 2709 914 2766 sed
927 2709 1000 2765 sacta
1016 2708 1124 2784 populo
1138 2709 1184 2764 vel
1197 2687 1367 2765 electoribus

275 2817 416 2882 potestate
430 2808 517 2864 alium
532 2807 562 2863 in
575 2808 637 2884 ejus
650 2806 744 2863 locum
764 2805 933 2874 sufficiendi,
955 2808 980 2864 si
1002 2817 1132 2883 pergeret
1145 2806 1214 2863 alter
1228 2808 1295 2884 jura
1308 2805 1371 2862 solii

215 2903 223 2916 ‘
274 2906 331 2960 sibi
352 2904 506 2970 vindicare,
520 2904 688 2979 plerumque
708 2905 794 2960 armis
814 2907 977 2974 certabatur,
992 2907 1065 2964 inter
1085 2906 1267 2982 designatum
1280 2914 1309 2961 et
1323 2902 1369 2960 de·

276 3001 401 3075 positum
412 3000 565 3074 principes.
607 3000 735 3058 Immane
746 3010 790 3056 est
803 3010 830 3056 et
839 3003 994 3062 inauditum
1005 3005 1153 3080 pontifices
1162 3004 1369 3070 hortatosesse,

275 3107 307 3154 ut
316 3097 374 3152 vita
387 3095 519 3172 deposito
533 3088 594 3172 regi
608 3099 771 3173 eriperetur,
784 3099 830 3156 vel
838 3102 991 3173 quidquam
1000 3104 1181 3161 fieretcontra
1193 3103 1370 3179 regnantium

275 3195 402 3270 legitima
419 3195 494 3272 jura,
508 3205 591 3270 prout
604 3214 639 3252 ex
655 3198 801 3255 communi
821 3201 947 3274 gentium
967 3202 1179 3260 christianamm
1199 3219 1285 3258 sensu
1306 3211 1371 3257 tunc

275 3293 512 3369 intelligebantur.
555 3294 641 3361 Quod
654 3296 679 3352 si
692 3295 817 3353 facinora
834 3308 940 3374 patrata
952 3300 1009 3356 sint
1027 3300 1188 3373 aliquando,
1202 3299 1322 3376 contigit
1334 3317 1370 3356 ex

300 3537 351 3601 (l)
372 3535 439 3586 Dicit
446 3533 473 3584 S.
485 3532 602 3594 Thomas,
611 3533 641 3585 de
651 3535 777 3586 seditionis
786 3537 988 3602 criminessagene:
1000 3538 1142 3601 “Regimen
1155 3539 1310 3602 tyrannicum
1319 3550 1371 3586 non

273 3627 311 3669 est
318 3622 422 3682 justum,
432 3620 490 3681 quia
501 3636 551 3669 non
564 3621 689 3670 ordinatur
707 3623 737 3670 ad
749 3624 841 3671 honum
853 3637 991 3682 commune,
1003 3624 1044 3672 sed
1060 3624 1091 3672 ad
1100 3626 1192 3673 bonum
1204 3623 1326 3687 privatum
1338 3637 1372 3671 rs·

273 3701 368 3763 gentis:
387 3709 414 3749 ut
426 3709 492 3764 patet
503 3718 546 3766 per
558 3703 736 3767 Philosophum
747 3706 773 3753 in
786 3707 801 3753 3
814 3707 972 3756 Politicomm
984 3714 1008 3755 et
1019 3710 1046 3756 in
1057 3712 1072 3756 8
1085 3707 1167 3757 Ethio
1202 3707 1237 3756 Et
1253 3708 1309 3756 ideo
1320 3723 1372 3772 per·

274 3783 379 3834 turbatio
392 3782 468 3847 hujus
479 3784 605 3844 regiminis
615 3786 748 3835 nonhabet
758 3787 879 3838 rationem
889 3789 1021 3849 seditionis,
1030 3790 1079 3838 nisi
1087 3791 1146 3839 forts
1155 3790 1254 3852 quaudo
1265 3790 1301 3838 sie
1310 3790 1373 3839 inor·

274 3869 356 3918 dinate
366 3869 519 3932 perturbatur
530 3869 630 3932 tyranni
641 3870 758 3931 regimen,
770 3872 834 3934 quod
846 3873 977 3923 multitudo
990 3875 1098 3938 subjecta
1109 3876 1189 3939 majus
1201 3874 1373 3924 detrimentum

275 3955 365 4018 patitur
377 3970 407 4005 ex
419 3954 599 4018 perturbatione
610 3954 779 4018 consequenti,
789 3972 863 4018 quarn
875 3973 906 4006 ex
924 3960 1022 4022 tyranni
1034 3960 1161 4021 regimine.
1195 3957 1278 4021 Magis
1289 3967 1371 4009 sutem

275 4045 396 4100 tyrannus
407 4039 537 4090 seditiosus
546 4049 590 4098 ast,
599 4041 643 4104 qui
655 4041 680 4090 in
692 4041 783 4104 populo
795 4041 841 4090 sibi
853 4044 962 4108 subjecto
973 4043 1137 4094 discordiasct
1148 4043 1280 4092 seditiones
1288 4044 1373 4103 nutrit,

275 4128 304 4170 ut
323 4122 400 4170 tutius
419 4122 539 4172 dominari
558 4125 641 4189 possit.
675 4125 732 4175 Hoc
748 4125 815 4174 enim
832 4127 988 4190 tyrannicum
1005 4137 1049 4187 est,
1067 4145 1123 4178 cum
1141 4129 1174 4177 sit
1184 4128 1323 4178 ordinatum
1341 4128 1371 4178 ad
1463 4154 1472 4170 ο

275 4207 368 4255 bonum
379 4207 502 4269 proprium
516 4210 673 4271 presidentis,
691 4227 748 4260 cum
766 4212 931 4262 multitudinis
950 4211 1126 4262 nocumento.'’
1160 4211 1184 4262 2.
1203 4216 1241 4262 2as
1259 4229 1302 4278 qu.
1321 4213 1371 4262 xlii.

276 4297 320 4340 art.
331 4289 356 4337 ii.
368 4287 411 4338 Ad
421 4289 531 4339 tertium.

312 4371 354 4438 (2)
374 4371 542 4422 constitution
554 4374 583 4423 oi
596 4375 637 4425 the
649 4375 740 4427 United
750 4378 838 4441 Stator,
850 4379 904 4428 Art.
919 4377 935 4427 i.
947 4377 1012 4429 Secu.
1024 4380 1057 4430 iit
1069 4395 1095 4430 n.
1107 4382 1131 4442 6,
1144 4383 1168 4430 7.
