3068 5256
270 495 326 552 ltt
559 491 617 552 DE
640 487 813 550 OCTAVO
835 489 1087 552 PRAECEPTO.

267 657 366 716 tiendo
386 655 560 716 custodibus.
605 657 650 716 Ab
672 655 730 714 hoc
750 655 974 716 invidiosissimo
994 658 1127 725 clamore,
1149 675 1207 730 quo
1228 661 1367 738 cogimur,

266 775 326 816 non
349 775 401 832 pro
424 756 597 832 cujusquam
620 756 732 833 opibus,
753 756 799 812 vel
821 756 977 815 honoribus
1000 759 1029 814 in
1042 756 1097 815 hoc
1110 757 1216 816 saeculo
1230 768 1368 818 banscur·

267 856 405 924 rentibus,
419 874 480 913 non
499 873 553 931 pro
574 856 637 931 ipsa
660 855 746 931 hujus
766 856 902 930 temporis
915 857 982 924 vita,
997 854 1049 914 sed
1061 875 1113 931 pro
1127 866 1230 914 aeterna
1242 858 1368 917 hominis

269 953 361 1013 salute
376 954 499 1022 mentiri,
515 972 574 1027 quo
598 954 770 1029 confugiam,
785 954 840 1010 nisi
862 953 898 1011 ad
920 965 958 1024 to,
972 947 1145 1012 Veritasl’'¹
1185 956 1321 1021 Quolibet
1340 960 1369 1016 in

268 1053 434 1112 discrimine
447 1053 521 1111 nihil
535 1053 611 1126 quod
625 1071 723 1112 verum
738 1072 795 1111 non
809 1053 848 1110 sit
859 1054 1061 1130 proferendum
1082 1053 1218 1112 affirmat:
1242 1057 1369 1114 “Faciat

270 1171 340 1230 ergo
354 1153 443 1212 homo
458 1153 542 1211 etiam
558 1171 610 1228 pro
624 1153 773 1228 temporali
787 1153 936 1212 hominum
958 1154 1048 1212 salute
1072 1152 1148 1224 quod
1171 1163 1281 1229 potest;
1302 1175 1368 1214 cum

271 1263 364 1310 autem
388 1252 424 1310 ad
441 1253 519 1309 hunc
533 1252 681 1310 articulum
695 1263 811 1310 ventum
825 1250 919 1321 luerit,
933 1265 964 1312 ut
987 1255 1034 1312 tali
1044 1252 1126 1311 saluti
1146 1253 1294 1312 consulere
1314 1258 1370 1313 nisi

269 1351 416 1429 peccando
431 1369 488 1410 non
503 1352 604 1428 possit,
614 1353 675 1429 jam
686 1369 717 1408 se
728 1352 870 1409 existimet
882 1370 941 1411 non
952 1353 1055 1410 habere
1064 1350 1134 1423 quid
1146 1351 1238 1420 faciat,
1254 1355 1369 1426 quando

268 1452 297 1510 id
310 1451 453 1525 reliquum
467 1469 532 1509 esse
547 1453 727 1528 perspexerit
740 1452 816 1523 quod
830 1462 976 1510 nonrecte
993 1444 1126 1509 faciat.'’²

312 1555 380 1610 179.
403 1549 561 1608 Mendacio
580 1551 710 1607 officiosa
728 1551 898 1625 plerumque
918 1552 1058 1609 venialem
1078 1568 1135 1606 non
1155 1551 1297 1610 excedunt
1310 1555 1369 1612 cul·

268 1667 354 1726 pam:
376 1651 402 1705 si
420 1651 583 1724 juramento
603 1649 759 1716 firmentur,
774 1649 903 1708 mortalia
922 1650 1005 1727 plane
1026 1659 1110 1707 sunt:
1132 1650 1205 1706 sicut
1225 1662 1252 1707 et
1266 1653 1290 1708 si
1304 1654 1369 1724 quis

269 1767 299 1806 se
313 1757 432 1805 excuset
445 1747 560 1823 culpam
573 1748 604 1804 in
617 1748 736 1806 alterum
756 1747 943 1818 refundendo,
964 1769 1029 1806 curn
1050 1767 1153 1825 magno
1176 1749 1239 1824 ejus
1253 1749 1368 1819 damno,

270 1857 336 1904 tunc
349 1848 428 1906 enim
443 1847 642 1922 perniciosum
662 1856 705 1903 est
725 1847 915 1906 mendacium.
957 1848 1015 1914 Qui
1037 1829 1069 1904 sc
1082 1857 1183 1924 purgat
1195 1847 1300 1906 salsum
1315 1861 1370 1907 tes·

270 1945 365 2015 tando,
389 1946 572 2004 solemnitate
593 1945 714 2018 quadam
736 1946 867 2014 adhibita,
883 1965 946 2019 quae
966 1949 1003 2005 sit
1021 1948 1109 2004 instar
1124 1948 1289 2023 juramenti,
1312 1969 1370 2006 non

270 2055 365 2122 potest
377 2044 460 2102 facile
475 2035 624 2102 a‘mortali
648 2054 765 2120 peccato
786 2047 931 2104 excusari:
954 2067 990 2103 v:
1011 2065 1048 2122 g:
1070 2047 1094 2102 si
1117 2047 1249 2105 sacerdos
1273 2067 1369 2106 coram

270 2144 349 2200 altari
362 2161 394 2199 se
409 2143 530 2220 crimine
545 2160 601 2214 quo
623 2143 774 2201 infamatus
788 2153 832 2200 est
843 2155 945 2221 purget
957 2144 1115 2213 mendacio,
1127 2147 1248 2222 graviter
1257 2159 1368 2222 peccat.

270 2242 334 2300 lmo
348 2242 372 2299 si
387 2242 508 2299 alterum
523 2240 672 2300 mendacio
686 2252 813 2312 excuset,
829 2252 905 2300 tanta
918 2262 982 2303 cum
996 2245 1181 2307 solemnitate,
1195 2263 1260 2302 reus
1274 2249 1371 2322 gravis

270 2341 366 2398 delicti
380 2340 501 2398 videtur.
545 2340 590 2397 De
604 2340 795 2416 praedicatoris
808 2361 928 2400 munere
949 2345 1045 2402 scribit
1058 2343 1176 2420 Mayol:
1200 2353 1219 2380 ‘⁶
1230 2348 1371 2420 generali·

267 2449 310 2496 ter
333 2457 418 2496 omne
442 2421 623 2498 mendacium
644 2440 832 2515 praedicatoris
856 2452 952 2500 contra
972 2445 1116 2501 veritatem
1137 2442 1313 2519 spectantem
1336 2445 1371 2503 ad

269 2539 478 2597 concionatoris
493 2538 617 2597 officium
631 2549 762 2598 censetur
775 2542 910 2599 mortale:
923 2542 1036 2614 quando
1049 2541 1116 2600 verb
1126 2543 1218 2601 solum
1229 2545 1368 2602 mentitur

269 2647 371 2714 prater
384 2639 530 2697 veritatem
545 2637 677 2698 doctrinae
690 2648 722 2696 ut
734 2640 764 2701 iu
777 2641 941 2699 nominibus
955 2652 1101 2701 auctorum
1116 2642 1161 2700 vel
1174 2643 1368 2712 citationibus,

270 2747 337 2796 tunc
351 2737 386 2798 ad
401 2757 547 2798 summum
561 2739 706 2797 venialiter
716 2747 823 2798 tantttm
837 2735 982 2817 peccat.’'³

582 2947 596 3024 §
612 2947 667 3009 111.
689 2947 736 3008 Da
751 2967 907 3012 naualem
920 2967 1035 3012 rocoso.

310 3135 376 3190 180.
398 3130 540 3190 Jocosum
561 3133 663 3190 dicitur
684 3136 866 3194 mendacium
885 3139 946 3197 ludi
966 3159 1051 3198 causa
1063 3140 1220 3216 prolatum:
1243 3139 1321 3212 quod
1347 3143 1371 3200 si

265 3229 411 3304 loquentis
433 3233 543 3290 animus
566 3243 669 3310 pateat,
686 3229 732 3293 vel
755 3255 793 3294 ex
816 3237 958 3315 adjunctis
978 3239 1060 3297 facile
1080 3239 1236 3316 colligatur,
1250 3241 1299 3296 vix
1314 3243 1372 3298 erit

266 3331 408 3390 mendacii
430 3333 560 3409 specics:
583 3331 689 3391 idcirco
712 3336 889 3412 Augustinus
910 3339 964 3394 ait:
988 3347 1078 3412 “quae
1097 3326 1223 3415 jocando
1237 3339 1372 3398 dicuntur

267 3448 415 3504 nunquam
441 3442 508 3490 sunt
528 3443 623 3508 putata
643 3434 811 3493 mendacia:
839 3435 944 3494 habent
966 3439 1041 3502 enim
1065 3438 1307 3496 evidentissimam
1333 3459 1370 3498 ex

266 3533 494 3605 pronuntiatione
509 3542 592 3606 atquc
607 3533 672 3609 ipso
687 3534 813 3612 jocantis
833 3535 935 3594 affectu
957 3536 1192 3612 significationem
1215 3539 1303 3595 animi
1318 3558 1369 3597 ne·

265 3647 409 3702 quaquam
423 3631 554 3700 fallentis,
570 3633 623 3689 etsi
637 3650 694 3690 non
715 3653 781 3692 vcra
800 3629 1022 3698 enuntiantis.’.’⁴
1063 3636 1128 3694 Hac
1147 3638 1256 3694 ratione
1278 3655 1368 3696 excu-

265 3727 320 3782 sari
334 3737 455 3803 possunt
468 3746 531 3799 quae
546 3731 698 3802 aliquando
709 3734 792 3790 amici
803 3747 830 3790 et
837 3735 991 3812 propinqui
1006 3736 1181 3812 confingunt,
1193 3753 1224 3794 se
1238 3733 1374 3794 invicem'

265 3824 428 3902 decipiendi
450 3845 544 3894 causa,
569 3827 604 3884 ad
627 3830 716 3886 animi
738 3831 995 3892 oblectamentum:
1026 3835 1196 3910 plemmque
1224 3837 1300 3892 enim
1330 3836 1366 3893 ad

264 3926 361 3985 dolum
375 3925 577 4003 suspicandum
590 3929 730 4003 proclives
744 3941 819 4000 sunt,
843 3941 871 3989 et
892 3935 1006 3991 nonnisi
1029 3932 1064 3991 ad
1087 3944 1199 4010 tempus
1222 3944 1249 3992 et
1270 3936 1364 3992 obiter

264 4023 451 4101 decipiuntur.
493 4027 739 4101 Quandocumque
758 4029 825 4089 verb
844 4033 913 4109 joco
933 4032 1113 4092 mendacium
1133 4037 1217 4101 inest,
1231 4034 1294 4091 leve
1319 4044 1367 4092 est

264 4134 422 4196 peccatum,
436 4127 491 4184 nisi
502 4129 694 4202 juramentum
708 4132 866 4200 accesserit,
881 4132 926 4189 vel
946 4132 1077 4190 derebus
1098 4135 1184 4191 sacris
1199 4153 1264 4191 oum
1280 4133 1360 4191 Reli·

300 4308 343 4372 (1)
364 4305 457 4359 Contra
467 4308 632 4374 Mendacium,
644 4331 664 4363 c.
677 4327 719 4364 xx.
787 4373 791 4382 1
990 4320 1032 4386 (e)
1053 4319 1153 4378 Ibidem,
1166 4318 1256 4368 0‚1vii.

300 4392 342 4458 (3)
362 4391 455 4458 Expos.
466 4393 515 4442 viii.
527 4410 599 4458 putee·
615 4400 678 4462 piel.
691 4399 707 4473 i.
718 4401 763 4448 col.
779 4400 850 4450 1073.
987 4405 1029 4470 (4)
1050 4403 1088 4453 Dc
1100 4403 1230 4454 Mendacio
1242 4419 1262 4453 c.
1274 4403 1324 4451 xiv.
