3078 5258
479 502 537 562 DE
559 501 736 564 DEOlMlS
757 501 1005 564 SOLVENDIS.
1223 509 1284 566 219

233 676 282 730 62.
300 668 470 730 Primordiis
480 669 621 729 Ecclesiae
631 671 757 730 fidelium
765 670 848 728 donis
858 677 959 747 sponte
972 670 1080 728 collatis
1093 673 1286 730 sustentaban-

166 770 170 778 ’
195 781 241 828 tur
259 769 431 838 sacerdotes,
458 770 616 845 praesertim
641 771 676 828 iis
703 789 766 844 que
793 771 942 828 occasione
968 769 1099 828 sacrificii
1125 769 1285 828 celebrandi

194 868 396 928 afferebantur:
419 868 543 944 demptis
566 870 642 927 enim
663 870 700 927 iis
722 887 785 943 quae
811 868 847 926 ad
866 867 1055 927 Eucharistiae
1077 869 1285 928 confectionem

194 969 353 1025 necessaria
365 976 454 1035 erant,
469 976 570 1024 cetera
588 967 779 1026 sacerdotibus
792 967 945 1032 dabanturt
966 968 1040 1025 sicut
1052 975 1081 1024 et
1093 967 1285 1026 sacerdotibus

195 1067 345 1124 Aaronicis
371 1085 437 1142 pars
462 1065 587 1124 victimas
611 1067 780 1144 plerumque
799 1065 925 1124 cedebat.
982 1063 1156 1125 Oblationes
1181 1066 1287 1124 idcirco

199 1163 436 1236 dicebanturque
456 1165 487 1222 in
507 1164 564 1222 Dei
583 1164 721 1226 honorem
743 1176 772 1223 et
784 1183 929 1224 sacromm
941 1165 1136 1224 ministrorum
1149 1175 1287 1224 sustenta·

195 1264 314 1330 tionem,
337 1265 488 1322 occasione
511 1263 651 1331 sacrificii,
671 1263 823 1322 dabanw
845 1282 964 1337 quarum
989 1265 1128 1322 rationem
1150 1265 1285 1340 preclare

195 1362 324 1437 explicat
343 1362 495 1437 Angelicus
514 1361 634 1421 Doctor.
678 1371 697 1399 “
709 1362 849 1422 Sacerdos
874 1362 1086 1435 quodammodo
1111 1363 1289 1420 constituitur

196 1467 356 1532 sequester,
368 1469 397 1516 et
408 1460 518 1520 medius
528 1462 602 1519 inter
614 1461 752 1538 populum
766 1471 795 1518 et
807 1459 919 1519 Deum:
935 1461 1008 1519 sicut
1020 1460 1056 1518 de
1066 1461 1173 1537 Moyse
1186 1459 1290 1538 legitur

196 1559 284 1616 Deut.
300 1559 337 1616 V.
380 1557 420 1619 Et
432 1560 498 1618 ideo
518 1560 554 1620 ad
572 1577 639 1618 eum
659 1562 780 1636 pertinet
800 1559 895 1618 divina
914 1560 1047 1636 dogmata
1065 1571 1093 1618 et
1113 1569 1288 1618 sacramenta

196 1657 333 1715 exhibere
347 1659 462 1734 populo.
485 1657 525 1716 Et
538 1659 638 1716 iterum
653 1677 758 1731 eaque
772 1668 839 1719 sunt
852 1659 964 1736 populi,
974 1668 1043 1735 puta
1055 1677 1154 1734 preces
1168 1667 1196 1716 et
1205 1659 1289 1716 sacri·

196 1756 264 1814 ficia
274 1767 302 1814 et
314 1749 469 1816 oblationes
483 1774 535 1834 per
547 1776 613 1815 eum
627 1756 755 1816 Domino
769 1756 873 1815 debent
894 1757 1033 1826 exhiberi,
1047 1757 1205 1815 secundum
1218 1754 1289 1815 illud

194 1856 329 1933 Apostoli
343 1853 379 1912 ad
393 1857 532 1914 Hebraeos
541 1855 579 1913 V.
602 1856 723 1915 ‘Omnis
737 1857 874 1916 Pontifex
887 1873 924 1913 ex
937 1855 1102 1913 hominibus
1115 1864 1289 1931 assumptus,

194 1955 425 2031 pronominibus
439 1955 617 2014 constituitur
630 1957 660 2014 in
672 1955 718 2013 his
732 1973 797 2029 que
810 1965 876 2012 sunt
889 1954 924 2012 ad
936 1953 1043 2024 Deum,
1055 1963 1087 2012 ut
1099 1953 1199 2012 offerat
1214 1951 1289 2015 dona

195 2063 228 2110 et
248 2053 386 2112 sacrificia
405 2070 458 2131 pso
477 2054 624 2130 peccatis!
666 2053 707 2112 Et
725 2055 791 2114 ideo
810 2053 979 2122 oblationes,
993 2071 1056 2126 quae
1070 2073 1087 2110 a
1099 2052 1209 2130 populo
1222 2051 1287 2109 Dec

195 2151 377 2220 exhibentur,
391 2152 425 2210 ad
437 2153 600 2220 sacerdotes
613 2155 765 2230 pertinent,
779 2149 837 2212 n'on
850 2152 944 2211 solum
964 2162 996 2210 ut
1014 2169 1062 2209 eas
1082 2153 1111 2209 in
1132 2170 1200 2209 suos
1218 2166 1288 2208 usus

194 2259 370 2319 convertant,
384 2269 482 2310 verum
506 2253 592 2310 etiam
604 2262 635 2310 ut
647 2251 768 2312 fideliter
780 2270 828 2309 eas
841 2250 1025 2327 dispensent:
1047 2251 1149 2325 partim
1170 2247 1286 2321 quidem

195 2348 386 2425 expendendo
405 2369 453 2408 eas
473 2353 504 2408 in
522 2350 568 2409 his
588 2369 651 2423 quae
671 2353 814 2426 pertinent
833 2348 868 2406 ad
890 2348 996 2408 cultum
1016 2346 1160 2406 divinum:
1182 2348 1287 2423 partim

196 2449 305 2505 veroin
317 2448 363 2504 his
377 2467 440 2521 quae
455 2449 596 2525 pertinent
609 2448 644 2505 ad
657 2452 803 2526 proprium
816 2448 939 2510 victum:
962 2447 1029 2519 quia
1037 2445 1087 2519 qui
1100 2446 1179 2504 altari
1191 2444 1287 2502 deser·

195 2546 286 2612 viuut,
300 2563 366 2603 cum
386 2545 464 2604 altari
483 2547 659 2627 participant,
679 2555 711 2604 ut
729 2547 832 2606 dicitur
853 2545 917 2602 lad
938 2544 1104 2602 Corinthios
1118 2545 1158 2600 ix.
1180 2542 1288 2600 Partim

196 2644 287 2703 ettam
299 2643 331 2700 in
341 2661 412 2698 usus
434 2662 600 2720 pauperum,
621 2646 672 2716 qui
694 2655 769 2710 sunt,
793 2651 930 2714 quantum
949 2641 1011 2696 lieri
1031 2649 1134 2714 potest,
1149 2638 1184 2694 de
1203 2640 1288 2696 rebus

197 2737 345 2798 Ecclesia
358 2740 544 2798 sustentandi:
567 2741 633 2812 quia
645 2749 674 2796 et
686 2739 830 2798 Dominus
849 2739 879 2794 in
898 2754 983 2794 usum
1005 2751 1162 2812 paupemm
1180 2734 1289 2791 loculos

198 2835 334 2903 habebat,
348 2843 379 2894 ut
391 2835 587 2913 Hieronymus
598 2837 669 2897 dicit
681 2855 767 2914 super
780 2825 998 2894 Matthaeum.”¹

240 2939 289 2993 63.
310 2935 438 3008 Antiquo
450 2936 517 2995 huic
534 2939 607 2996 mori
627 2937 766 2994 successit
784 2935 958 2994 decimarum
971 2931 1086 3001 solutio,
1100 2949 1186 3005 quam
1205 2932 1286 3008 plura

199 3035 386 3110 injunxerunt
398 3034 528 3102 concilia,
537 3053 614 3094 nono
628 3036 785 3112 presertim
795 3033 917 3092 seculo:
933 3032 1288 3092 intercaetera'l'uronense

202 3136 369 3201 arnosia,
390 3143 418 3191 et
446 3133 665 3211 Maguntiacum
694 3151 770 3192 auno
788 3138 858 3192 888.
900 3133 1079 3207 Preceptum
1098 3129 1154 3188 hcc
1174 3127 1293 3187 naturali

198 3231 264 3308 lege
277 3232 425 3300 nitebatur,
436 3241 465 3290 et
477 3231 665 3291 divinaetiam
675 3233 845 3299 auctoritate,
856 3239 994 3302 quatenus
1003 3228 1137 3286 Christus
1148 3227 1293 3285 Dominus

198 3330 248 3406 jus
262 3329 340 3387 dedit
351 3331 448 3389 missis
461 3351 478 3388 a
489 3347 522 3388 se
535 3329 683 3408 discipulis
706 3330 834 3389 subsidia
847 3327 982 3386 advitam
995 3324 1207 3384 sustentandam
1221 3324 1294 3381 acci·

200 3427 317 3505 piendi:
332 3437 515 3503 precesserat
523 3438 616 3490 autem
623 3431 654 3489 in
664 3430 752 3488 veteri
760 3430 823 3504 lege
832 3427 890 3486 Dei
898 3423 1164 3502 ipsiusexemplum
1169 3422 1295 3499 jubentis

202 3535 236 3584 ut
248 3525 365 3585 decima
379 3527 571 3586 sacerdotibus
582 3527 821 3606 persolverentur.
863 3523 1002 3583 Audiatur
1014 3523 1118 3580 iterum
1139 3519 1295 3596 Angelicus

200 3623 328 3683 Ductor:
350 3634 370 3662 “
382 3625 467 3693 Quod
480 3626 559 3684 enim
571 3627 612 3698 eis
634 3630 684 3702 qui
704 3627 802 3686 divino
814 3623 902 3684 cultui
917 3621 1112 3682 ministrabant
1125 3618 1161 3678 ad
1175 3619 1295 3678 salutem

200 3723 303 3800 populi
320 3724 418 3793 totius,
435 3725 562 3802 populus
583 3727 745 3786 necessaria
763 3726 855 3783 rictus
874 3722 1057 3789 ministraret,
1070 3721 1140 3778 ratic
1161 3717 1296 3777 namralis

201 3819 297 3889 dictat,
306 3822 380 3880 sicut
391 3834 420 3880 et
431 3822 477 3881 his
491 3823 541 3895 qul
549 3825 696 3884 communi
703 3825 814 3883 utilitati
824 3822 981 3899 invigilant,
992 3820 1103 3878 scilicet
1110 3816 1295 3893 principibus.

201 3928 231 3978 ct
242 3916 392 3988 militibus,
406 3930 435 3980 et
446 3921 510 3979 aliis
523 3921 698 3999 hujusmodi,
712 3923 854 3999 stipendia
866 3921 957 3977 victus
970 3918 1107 3976 debentur
1117 3905 1297 3989 apopulo.''²

202 4017 302 4076 AEtate
311 4019 343 4075 8.
355 4017 478 4078 Thomas
491 4037 549 4079 non
563 4021 670 4096 ubique
680 4021 799 4082 obtinuit
810 4020 858 4078 lex
868 4018 925 4084 illa,
935 4022 1107 4091 quapropter
1116 4030 1166 4069 eos
1174 4021 1297 4084 quorum

201 4133 297 4176 mores
320 4124 400 4176 erant
421 4115 538 4187 diversi,
563 4121 664 4181 eximit
687 4126 849 4197 apeccato,
869 4113 1018 4186 laudatque
1038 4129 1134 4172 saeros
1151 4111 1296 4169 ministros

518 4317 560 4382 (l)
582 4319 605 4364 2.
618 4321 641 4365 2.
654 4332 695 4380 qp.
707 4314 800 4366 lxxxvi.
814 4321 857 4363 art.
869 4313 895 4363 ii.
930 4311 1005 4378 Rcep.

516 4399 562 4466 (t)
571 4403 597 4450 2.
608 4400 631 4450 2.
643 4415 684 4463 qn.
696 4393 799 4450 lxxxvii.
811 4407 854 4449 art.
871 4397 887 4448 i.
923 4393 998 4462 Κεφ.
