3046 5262
277 469 336 524 302
522 463 578 522 DE
599 459 809 521 Pauulrls
831 459 1118 520 GAPlTALlBUS.

280 631 438 692 necessaria
450 630 597 708 religionis
610 630 710 688 munia
721 628 838 705 negligi,
853 627 1003 702 ipsamque
1016 627 1102 684 fidem
1116 627 1208 686 amitti
1221 628 1258 686 ab
1271 628 1306 684 iis
1319 628 1364 699 qui

279 733 387 790 inhiant
400 729 516 787 divitiis.
559 728 697 796 Fraudes,
717 736 745 784 et
758 727 894 803 injustitia
906 727 1038 802 plurimis
1050 726 1206 784 rationibus
1220 726 1366 784 admittun-

278 841 323 889 tur
334 829 368 886 ab
378 829 486 894 avaris;
508 828 590 886 facile
604 828 680 885 enim
694 827 749 884 sibi
769 823 941 902 persuadent
959 825 1057 884 omnia
1073 825 1160 882 licere
1174 843 1237 896 qnae
1258 825 1365 882 luorum

278 928 422 1003 prebent:
445 926 523 998 quod
537 928 565 984 in
580 927 625 984 his
639 925 802 1002 regionibus
822 923 978 1000 presertim
993 923 1139 999 contingit,
1153 923 1183 980 in
1197 924 1298 994 quibus
1307 924 1366 998 jus·

280 1027 346 1084 uria
360 1026 502 1102 principia
515 1025 550 1083 de
564 1025 752 1082 contracdbus
772 1043 830 1082 nou
850 1023 918 1079 satis
936 1023 1124 1080 innotescunt.
1168 1021 1249 1078 Hinc
1268 1039 1365 1096 nuper-

280 1126 350 1182 rime
364 1123 487 1182 vidimus
500 1124 639 1200 plurimos
652 1123 856 1180 nummularios
871 1121 991 1196 pecunia
1011 1121 1065 1178 sibi
1080 1121 1246 1178 concredita
1258 1130 1364 1177 utentes

277 1232 307 1280 ut
318 1224 428 1281 lucrum
443 1231 647 1300 compararent,
668 1220 755 1279 fidem
775 1220 905 1296 fregisse,
926 1237 991 1278 cum
1011 1238 1116 1295 magno
1136 1220 1266 1277 omnium
1288 1218 1366 1276 detri-

278 1332 386 1382 mento.
429 1322 559 1380 Proditis
572 1322 657 1379 etiam
672 1321 805 1379 immanis
819 1337 904 1392 quam
916 1316 1006 1376 ludas
1024 1318 1138 1376 admisit
1149 1319 1179 1376 in
1193 1319 1309 1375 avaritia
1320 1317 1364 1374 ha·

278 1423 338 1479 buit
350 1420 484 1480 radicem.

320 1525 369 1578 50.
390 1521 522 1577 Avaritia
536 1519 692 1577 remedium
709 1518 883 1593 precipuum
905 1524 957 1583 est,
972 1517 1067 1574 animo
1087 1517 1208 1593 cogitare
1227 1517 1327 1574 omnia
1339 1517 1365 1573 iu

279 1627 368 1675 morte
392 1617 567 1684 dimittenda,
589 1617 717 1688 hancque
737 1617 815 1672 brevi
837 1615 933 1673 forsan
954 1625 1137 1672 eventuram:
1169 1616 1292 1683 “stulte,
1314 1616 1365 1674 hac

277 1725 360 1774 nocte
375 1717 500 1774 animam
515 1725 590 1774 tuam
606 1725 736 1792 repetunt
749 1725 820 1773 ate:
837 1732 899 1786 qum
910 1727 1003 1772 antem
1012 1717 1125 1790 parasti,
1137 1716 1218 1792 cujus
1227 1724 1312 1772 erunt
1322 1708 1366 1769 l”¹

279 1816 323 1874 lta
335 1816 426 1883 diviti,
441 1817 490 1888 qni
503 1817 533 1873 in
546 1816 685 1891 plurinros
699 1833 789 1872 annos
802 1833 895 1872 remm
917 1813 1030 1890 cupiam
1052 1823 1237 1880 coacervarat,
1259 1813 1365 1871 dictum

278 1923 329 1972 est.
384 1916 478 1981 Quam
504 1916 617 1972 incertae
643 1915 700 1971 sint
723 1914 837 1980 divitiae,
864 1931 926 1985 quae
952 1931 1029 1989 sepe
1056 1931 1071 1970 e
1097 1913 1227 1970 manibus
1254 1912 1366 1970 elabun-

279 2023 332 2079 tur,
347 2016 432 2072 etiam
445 2013 639 2091 cogitandum:
654 2021 825 2088 quapropter
835 2011 1265 2089 praecipitApostolusdivitibus
1281 2020 1301 2046 ‘⁶
1311 2032 1366 2070 non

278 2112 399 2172 sublime
412 2129 524 2187 sepem,
539 2131 632 2184 neque
646 2129 758 2187 sperare
768 2112 797 2168 in
808 2107 915 2168 incerto
928 2110 1102 2177 divitiarum,
1116 2110 1205 2169 sedin
1217 2111 1282 2168 Deo
1290 2114 1364 2177 vivo,

279 2209 341 2288 (qui
354 2220 466 2286 praestat
478 2212 560 2270 nobis
573 2211 669 2269 omnia
682 2209 791 2268 abunde
805 2209 840 2266 ad
862 2203 1074 2288 fruendum).’'²
1113 2210 1225 2268 Animae
1243 2211 1366 2286 pericula

277 2325 340 2378 quac
355 2309 486 2367 divitibus
497 2311 647 2367 imminent
659 2327 716 2385 prae
726 2309 815 2367 oculis
827 2309 970 2366 habenda:
987 2309 1111 2366 “Amen
1123 2307 1187 2366 dico
1200 2310 1291 2376 vobis,
1304 2311 1367 2381 quia

276 2405 356 2463 dives
370 2406 485 2464 difficile
499 2407 611 2464 intrabit
623 2409 651 2464 in
671 2425 791 2482 regnum
813 2407 959 2466 coelorum.
1001 2408 1042 2465 Et
1060 2408 1160 2464 itemm
1180 2407 1244 2466 dico
1267 2410 1364 2466 vobis:

278 2505 403 2564 Facilius
417 2514 464 2562 est
474 2505 613 2564 camelum
628 2524 679 2581 per
690 2505 817 2562 foramen
827 2525 895 2562 acus
910 2507 1037 2574 transire,
1046 2524 1130 2577 quam
1139 2505 1255 2566 divitem
1266 2509 1366 2566 intrare

278 2607 308 2663 in
319 2623 441 2683 regnum
455 2598 640 2663 coelorum.”³
681 2613 700 2639 “
709 2605 761 2662 Vae
782 2605 863 2663 vobis
884 2605 1026 2672 divitibus,
1040 2607 1107 2677 quia
1119 2605 1227 2664 habetis
1240 2609 1367 2666 consola·

280 2706 398 2764 tionem
412 2703 581 2764 vestram.”⁴
623 2703 733 2768 Christi
755 2715 905 2781 paupertas
929 2705 956 2762 in
979 2705 1144 2780 exemplum
1172 2707 1322 2774 sumenda,
1342 2717 1367 2764 ct

280 2823 343 2876 quac
358 2807 528 2880 pauperibus
542 2805 685 2880 pollicitus
694 2813 738 2862 est
749 2804 886 2862 beneficia
900 2805 995 2862 animo
1009 2803 1156 2862 volvenda.
1176 2805 1269 2882 Larga
1276 2818 1365 2864 autem

279 2903 528 2976 eleemosynarum
542 2902 657 2960 donatio
670 2913 714 2960 est
727 2904 834 2978 optima
846 2904 915 2960 ratio
929 2903 1071 2960 avaritiam
1081 2905 1194 2978 penitus
1205 2907 1364 2981 superandi.

279 2999 447 3054 Liberalitas
470 2999 552 3054 etiam
574 3017 641 3075 erga
660 3019 710 3057 eos
731 3002 779 3070 qui
799 3001 874 3058 haud
888 3002 1017 3078 indigent
1029 3002 1220 3078 eleemosynis
1234 3017 1277 3060 est
1290 3024 1366 3061 exer-

276 3094 376 3163 cenda,
392 3097 548 3172 praesertim
563 3115 631 3173 erga
645 3099 830 3174 propinquos,
845 3108 873 3156 et
884 3101 956 3172 bene
970 3102 1101 3167 meritcs;
1122 3101 1173 3158 sed
1187 3103 1312 3160 cavenda
1328 3114 1366 3160 est

276 3194 465 3273 prodigalitas.

657 3397 740 3472 5111.
782 3395 830 3456 Du
851 3399 981 3457 Iuvrnm.

320 3587 368 3640 51.
390 3583 501 3641 invidia
520 3594 563 3640 est
589 3584 697 3640 tristitia
722 3582 757 3640 de
780 3584 855 3640 bono
877 3583 1017 3662 proximi,
1039 3594 1178 3656 quatenus
1199 3586 1363 3644 imminuere

278 3681 388 3740 videtur
400 3680 518 3757 gloriam
532 3681 577 3737 vel
590 3681 787 3741 excellentiam
801 3691 935 3739 nostram.
976 3683 1186 3760 Distinguenda
1199 3697 1244 3742 est
1253 3686 1365 3742 omniuo

277 3783 312 3840 ab
326 3779 514 3846 emulatione,
529 3797 585 3850 qua
607 3781 671 3852 quis
689 3779 765 3838 dolet
786 3781 839 3838 sibi
862 3780 962 3839 deesse
974 3783 1079 3840 bonurn
1094 3801 1150 3854 quo
1163 3783 1233 3840 alter
1246 3793 1364 3858 praestat,

278 3881 348 3954 quin
363 3881 431 3939 velit
443 3897 510 3937 eum
524 3897 559 3938 eo
572 3877 750 3956 privandum.
793 3888 812 3914 “
824 3881 925 3938 Potest
937 3881 1037 3954 aliquis
1052 3882 1152 3940 tristari
1165 3881 1201 3956 dc
1214 3884 1289 3940 bono
1302 3882 1366 3938 alte·

277 3981 336 4036 rius
351 3999 408 4038 non
422 3999 459 4038 ex
473 3999 507 4038 eo
521 3979 596 4052 quod
610 3981 672 4056 ipse
685 3978 770 4037 habet
781 3981 899 4047 bonum,
913 3980 965 4038 sed
986 3999 1023 4038 ex
1044 3999 1088 4048 ec,
1103 3979 1179 4052 quod
1193 3983 1274 4039 nobis
1288 3981 1365 4038 deest

277 4077 383 4133 bonum
399 4079 477 4146 illud,
492 4079 569 4151 quod
589 4080 650 4156 ipse
669 4078 769 4137 habet:
792 4089 820 4137 et
838 4078 893 4138 hoc
907 4081 1019 4156 proprie
1033 4089 1076 4137 est
1088 4079 1178 4148 zelus,
1191 4091 1224 4138 ut
1236 4081 1364 4138 Philoso-

445 4307 486 4369 (r)
508 4305 569 4356 Luc.
581 4307 625 4356 xri.
639 4310 671 4356 ao
947 4308 988 4374 (a)
1011 4311 1020 4356 r
1036 4307 1102 4358 rim.
1113 4309 1144 4358 vi.
1160 4313 1198 4359 17.

444 4391 485 4454 (3)
506 4391 575 4440 Matt
587 4392 638 4439 xix.
650 4391 690 4439 23.
947 4395 989 4460 (4)
1008 4391 1070 4444 Luc.
1082 4394 1113 4444 vi.
1124 4393 1165 4444 24.
