3146 5266
711 1215 852 1279 CAPUT
869 1217 909 1276 11.

601 1438 639 1477 DE
660 1437 786 1478 Aculeus
807 1433 1016 1476 vouurtrnulls.

305 1621 333 1675 Β.
355 1618 456 1675 Aeros
474 1617 624 1675 voluntatis
636 1616 753 1676 elicitus
765 1616 866 1674 dicitur
883 1631 969 1687 quem
983 1614 1112 1672 voluntas
1127 1615 1189 1692 ipsa
1205 1614 1351 1692 producit:

265 1735 292 1773 v.
308 1735 336 1794 g.
352 1734 441 1784 amor,
463 1715 578 1775 odium:
601 1727 678 1774 actus
692 1716 859 1795 imperatus
882 1723 1069 1790 nuncupatur,
1085 1714 1134 1786 qui
1154 1733 1191 1771 ex
1204 1715 1354 1773 voluntatis

264 1815 386 1892 imperio
400 1816 433 1872 ab
448 1815 502 1873 alia
515 1815 644 1874 facultate
657 1816 706 1874 fit:
729 1817 770 1874 sic
793 1813 939 1872 meditatio
952 1812 984 1869 fit
998 1833 1014 1870 a
1027 1822 1132 1881 mente,
1147 1813 1288 1871 voluntate
1302 1815 1354 1872 im·

265 1923 390 1991 perante.
433 1913 518 1982 Quod
537 1915 570 1972 fit
589 1924 686 1974 contra
699 1914 848 1974 voluntatis
862 1913 957 1969 nisum
971 1911 1000 1969 vi
1013 1922 1129 1969 externa
1150 1930 1208 1969 non
1222 1909 1265 1970 est
1278 1924 1355 1971 actus

265 2014 429 2089 imperatus.
473 2013 522 2068 Sic
536 2031 636 2070 manus
649 2013 765 2070 brachio
787 2012 879 2068 alieno
899 2020 1009 2086 arrepta
1031 2010 1067 2067 ad
1080 2009 1196 2084 aliquid,
1212 2021 1289 2069 actus
1304 2014 1355 2071 inr-

264 2119 378 2187 peratus
392 2127 450 2167 non
463 2118 515 2168 est.
565 2109 736 2169 Voluntarii
750 2119 825 2178 sunt,
841 2110 1013 2182 quicumque
1027 2119 1106 2167 actus
1119 2110 1190 2167 fiunt
1202 2129 1240 2167 ex
1253 2111 1356 2187 princi·

265 2211 315 2286 pio
326 2206 403 2280 quod
416 2218 459 2266 est
472 2209 553 2276 intra,
567 2211 673 2286 praevia
686 2210 751 2268 finis
764 2209 943 2286 cognitione:
959 2207 1047 2267 litera·
1060 2217 1163 2278 autem,
1173 2211 1222 2282 qui
1236 2210 1307 2268 fiunt
1320 2229 1356 2268 ex

265 2307 415 2366 voluntatis
436 2307 549 2366 arbitn'o
563 2318 592 2366 et
612 2308 761 2378 electione,
776 2307 853 2366 nulla
875 2309 1042 2366 necessitate
1063 2327 1126 2366 eam
1140 2307 1353 2367 determinante.

265 2406 455 2466 Beatitudinis
469 2405 641 2468 desiderium
655 2408 843 2467 voluntarium
866 2416 918 2475 est,
935 2408 1063 2465 voluntas
1084 2407 1161 2464 enim
1182 2407 1211 2464 iu
1226 2427 1289 2466 eam
1303 2408 1356 2465 fer-

266 2517 320 2574 tur,
335 2507 441 2583 previa
451 2506 604 2582 affulgente
616 2509 795 2586 cognitione:
811 2505 887 2564 haud
897 2515 992 2564 tamen
1005 2503 1157 2563 dicendum
1168 2515 1211 2562 est
1223 2507 1354 2572 liberum,

266 2624 354 2679 quum
369 2604 456 2664 bomo
470 2607 508 2665 ita
522 2609 690 2665 constitutus
705 2609 742 2665 sit
761 2616 868 2680 natura,
883 2615 915 2662 ut
928 2606 962 2662 ab
976 2623 1011 2662 eo
1024 2613 1145 2677 nequeat
1159 2622 1189 2662 se
1205 2605 1354 2662 abstinere.

267 2706 346 2764 “Sic
360 2706 434 2764 beati
450 2725 513 2764 esse
527 2706 658 2766 volumus
671 2717 703 2764 ut
716 2725 779 2764 esse
799 2705 895 2764 miseri
915 2723 973 2762 non
987 2701 1080 2762 solum
1093 2703 1227 2771 nolimus,
1243 2703 1296 2763 sed
1307 2721 1356 2761 ne·

265 2825 406 2879 quaquam
427 2824 542 2884 prorsus
557 2807 629 2866 velle
652 2800 847 2883 possimus.’¹1
888 2804 985 2861 Liberi
1010 2813 1104 2861 autem
1126 2813 1193 2860 sunt
1206 2813 1284 2860 actus
1307 2805 1355 2875 qui

262 2905 334 2961 fiunt
347 2902 382 2960 ad
396 2923 459 2962 eam
474 2905 714 2975 consequendam,
730 2923 796 2960 nam
819 2903 892 2958 inter
908 2900 1037 2958 subsidia
1050 2901 1131 2977 eligit
1143 2902 1242 2970 homo,
1258 2920 1295 2958 ex
1308 2919 1355 2956 vo-

263 3002 377 3060 luntatis
400 3001 523 3069 arbitrio,
538 3019 601 3073 quae
624 3021 690 3060 eum
711 3001 815 3059 faciant
836 2998 968 3058 felicem:
991 3009 1020 3056 et
1041 3019 1119 3076 saepe
1142 3019 1195 3060 suo
1216 3000 1355 3077 decipitur

268 3101 395 3180 ingenio.

305 3205 334 3258 9.
357 3201 433 3257 Vera
457 3201 591 3259 libertatis
613 3203 692 3261 notio
711 3219 826 3260 omnem
848 3199 1046 3258 necessitatem
1067 3199 1201 3269 excludit,
1224 3209 1252 3258 et
1273 3201 1353 3257 arbit-

266 3300 340 3358 rium
364 3299 469 3358 indicat
491 3297 651 3367 voluntatis,
675 3297 752 3374 quod
772 3295 981 3376 indtfflrentio
1004 3309 1137 3366 vocatum
1162 3300 1272 3358 scilicet
1296 3318 1358 3358 eam

267 3410 346 3457 notat
366 3398 517 3457 voluntatis
528 3400 590 3460 nim
613 3418 645 3458 ac
666 3409 846 3478 potestatem,
870 3417 936 3471 qua,
959 3398 1060 3475 positis
1081 3400 1215 3458 omnibus
1238 3419 1301 3472 quae
1324 3398 1359 3456 ad

267 3498 408 3577 agendum
422 3499 611 3573 requiruntur,
619 3519 702 3579 agere
713 3500 759 3557 vel
772 3517 830 3557 non
844 3515 938 3575 agere,
954 3515 1006 3574 pro
1016 3515 1068 3554 sua
1081 3498 1218 3556 electione
1228 3509 1256 3556 et
1270 3499 1358 3556 deter-

266 3600 433 3667 minatione,
449 3599 547 3656 valeat.
590 3599 702 3658 Vanam
726 3609 835 3656 tantum
858 3599 986 3674 speciem
1008 3596 1154 3663 exhibent,
1170 3600 1220 3671 qui
1234 3600 1358 3657 volunta·

268 3708 326 3756 tem
338 3717 354 3754 a
364 3697 595 3772 concupiscentia
604 3697 650 3755 vel
661 3696 748 3774 gratia
758 3697 939 3754 determinari
949 3696 1156 3765 existimantes,
1168 3716 1231 3754 eam
1241 3698 1358 3755 liberam

270 3796 424 3873 predicant
436 3813 471 3852 eo
485 3795 563 3866 quod
578 3797 609 3854 in
631 3795 679 3854 illa
699 3795 933 3853 determinatione
956 3796 1010 3852 sibi
1029 3795 1212 3872 complaceat,
1229 3797 1359 3867 quamvis

269 3897 446 3964 necessario:
469 3913 521 3952 nec
535 3896 643 3953 enima
662 3894 805 3970 voluptate
819 3894 877 3962 illa,
892 3895 923 3952 in
945 3895 1000 3952 illis
1022 3913 1115 3954 rerum
1130 3894 1279 3974 adjunctio,
1295 3913 1358 3952 eam

268 4015 299 4054 se
324 4013 409 4071 posse
432 3993 563 4054 cohibere
585 4005 712 4054 censent.
755 3994 787 4050 S.
810 3994 940 4051 Thomas
964 3994 1093 4066 Aquinas
1114 4012 1130 4051 e
1155 4004 1251 4052 contra
1272 3991 1357 4052 dicit:

270 4103 289 4130 “
299 4093 346 4152 Ad
358 4095 497 4151 rationem
510 4095 591 4152 liberi
605 4095 710 4153 arbitrii
734 4095 866 4170 pertinet,
880 4102 913 4150 ut
930 4092 1143 4150 indeterminate
1166 4111 1196 4150 se
1210 4094 1311 4150 habeat
1324 4093 1359 4150 ad

269 4195 387 4260 bonum,
402 4192 447 4250 vel
461 4191 496 4249 ad
509 4194 627 4263 malum,
643 4193 711 4265 quia
723 4194 844 4250 liberum
859 4191 1003 4248 arbitrium
1017 4210 1069 4267 per
1091 4209 1122 4248 se
1143 4193 1174 4250 in
1195 4194 1301 4251 bouum
1316 4211 1358 4250 or·

270 4291 398 4351 dinatum
419 4301 472 4361 est,
487 4311 577 4365 quum
599 4295 706 4352 bouum
729 4292 766 4348 sit
786 4293 928 4369 objectum
950 4291 1112 4359 voluntatis,
1127 4309 1181 4350 nec
1202 4293 1232 4351 in
1253 4291 1359 4352 malum

641 4461 682 4526 (l)
697 4458 763 4522 Aug.
775 4459 802 4509 in
811 4459 913 4520 Euchir,
924 4475 944 4509 c.
958 4474 994 4509 cv.
1009 4458 1013 4468 ’
