3146 5266
252 494 287 547 18
399 489 454 548 DE
474 486 527 554 vl,
549 485 684 554 METU,
704 486 762 545 ET
786 487 1177 549 CONCUPISOENTIA.

252 651 492 730 Secundo-primi
502 653 731 710 dicunturmotus
741 653 843 724 quibus
852 651 979 710 voluntas
993 653 1167 726 aliquatenus
1179 655 1336 722 assentitur,

249 754 353 825 quique
367 752 517 820 venialem,
531 750 577 808 vel
588 750 730 818 lethalem,
745 751 882 810 inducunt
904 751 1026 827 culpam,
1040 761 1123 829 prout
1135 771 1269 810 assensus
1283 755 1334 810 im·

248 850 399 927 perfectus,
413 851 459 908 vel
472 851 572 927 plenus
586 858 637 907 est.
681 849 779 908 Motus
803 863 895 910 autem
910 852 1058 924 quosquis
1083 853 1112 907 in
1133 871 1164 909 se
1185 851 1336 910 deliberato

247 950 342 1008 auimo
356 951 467 1017 excitat,
482 949 600 1008 omnino
614 949 764 1008 voluntarii
777 959 851 1016 sunt,
866 957 894 1005 et
906 949 1033 1008 lethales.
1059 950 1108 1008 Ex
1122 951 1227 1007 malitia
1240 962 1337 1026 peccat

249 1049 298 1120 qui
312 1047 438 1106 consultat
453 1050 556 1107 excitat
567 1048 731 1106 libidinem:
756 1048 916 1105 infirmitate
929 1047 995 1105 verb
1016 1067 1133 1124 peccare
1154 1048 1272 1116 videtur,
1287 1053 1336 1122 qui

247 1148 409 1206 vehementi
422 1149 550 1207 titillante
563 1147 680 1205 libidine
694 1165 843 1204 assensum
859 1146 1008 1205 voluntatis
1022 1148 1135 1223 praebet.
1176 1146 1336 1206 Consuetu-

247 1246 321 1304 dinis
335 1256 450 1322 peccata
461 1247 574 1305 malitiae
588 1247 744 1304 tribuuntur
757 1247 793 1303 ob
806 1265 930 1304 amorem
946 1245 1125 1317 studiumque
1140 1249 1247 1322 peccati
1262 1248 1336 1319 quod

246 1346 364 1403 fovetur.

283 1449 333 1502 26.
357 1451 376 1478 ‘⁴
386 1443 480 1503 Omne
494 1444 569 1516 quod
583 1443 668 1500 estin
682 1442 788 1501 mundo
809 1445 1038 1519 concupiscentia
1058 1445 1150 1500 carnis
1164 1453 1215 1512 est,
1230 1454 1258 1501 et
1271 1463 1336 1501 con·

248 1544 421 1619 cupiscentia
434 1544 590 1609 oculorum,
604 1552 633 1599 et
645 1542 777 1617 superbia
788 1542 852 1598 vitae
862 1535 908 1610 ;”¹
921 1543 1030 1600 scilicet
1038 1542 1188 1618 voluptatis
1202 1543 1334 1610 studium,

248 1643 371 1708 avaritia,
385 1652 413 1698 et
426 1643 541 1699 ambitio
554 1641 703 1716 praecipuae
727 1650 792 1699 sunt
810 1641 975 1716 cupiditates
990 1641 1235 1712 quibushomines
1250 1661 1335 1717 agun-

247 1751 299 1798 tur.
343 1739 593 1817 Concupiscentia,
608 1739 712 1810 deque
735 1740 854 1816 agimus,
870 1740 1025 1814 voluptates
1048 1742 1175 1816 respicit,
1190 1759 1260 1812 quas
1277 1740 1334 1815 ple·

246 1841 326 1913 rique
339 1841 428 1898 nimio
442 1850 569 1912 quaerunt
582 1838 693 1896 studio:
708 1838 810 1896 frustra
822 1838 974 1916 allegantes
984 1840 1142 1898 tentationis
1150 1840 1218 1906 vim,
1234 1857 1288 1911 qua
1301 1839 1335 1894 ad

247 1949 403 2014 peccatum,
418 1941 592 2014 captivorum
606 1939 702 2005 instar,
716 1938 879 2004 trahuntur;
894 1956 959 1994 nam
973 1936 1081 1996 subsidi
1091 1939 1209 2011 aquibus
1223 1955 1335 2012 supere-

248 2048 292 2095 tur
309 2036 458 2096 adhibeant
470 2045 588 2114 oportet,
603 2037 692 2112 gratia
704 2034 800 2093 divina
812 2036 969 2110 implorata.

664 2208 703 2273 (1)
724 2209 733 2256 l
755 2209 827 2262 Joen.
839 2208 864 2258 ii.
881 2211 916 2257 16.
