3068 5256
243 493 282 548 88
508 483 564 544 DE
586 483 789 544 SECUNDO
809 482 1061 544 PRAEOEPTO.

243 653 353 712 entibus
366 649 509 726 prebeant
521 647 721 717 offensionem,
735 648 833 706 divino
856 651 971 708 nomine
990 649 1069 715 lese,
1089 665 1149 706 non
1168 655 1236 706 sunt
1249 649 1339 707 absol·

242 749 337 818 vendi,
351 748 453 806 nisiex
467 750 563 806 animo
576 748 705 808 studeant
718 766 833 824 pravam
843 747 992 806 emendare
1007 746 1253 806 consuetudinem.

283 852 332 906 59.
348 846 609 926 Iujustitiajurat
621 849 742 919 quirem
756 865 866 918 equam
881 865 912 904 se
923 847 1219 922 facturumpromittit.
1241 844 1339 904 Deum

244 957 344 1006 testem
358 946 493 1004 adhibere
507 946 543 1004 de
556 966 586 1004 re
606 947 680 1005 mala
699 946 869 1018 exequenda
888 947 981 1022 gravis
995 946 1068 1004 soret
1080 946 1222 1022 majestati
1232 944 1338 1002 divine

243 1056 272 1105 et
284 1047 424 1104 sanctitati
437 1047 542 1123 injuria
555 1044 699 1105 eaerum
713 1047 847 1104 excusari
866 1045 1017 1118 aliquando
1038 1050 1160 1121 possunt
1179 1063 1196 1100 a
1214 1043 1338 1119 graviori

244 1146 339 1222 culpa,
354 1147 404 1217 qui
426 1146 533 1218 absque
555 1146 642 1204 animi
664 1146 876 1212 deliberatione,
897 1155 926 1202 et
944 1161 1032 1220 pravo
1051 1142 1184 1210 oonsilio,
1194 1143 1292 1218 jurant
1304 1159 1335 1197 se

243 1263 305 1304 rem
319 1244 423 1303 malam
437 1245 569 1303 lacurros.

285 1346 334 1402 60.
355 1342 374 1402 J
376 1351 523 1402 uramenta
536 1363 599 1415 quae
613 1344 777 1400 emittuntur
789 1344 819 1400 in
833 1342 957 1400 Secretis
968 1339 1158 1399 societatibus
1168 1338 1338 1396 Liberorum

245 1443 436 1511 Muratorum,
452 1441 538 1522 (Free
548 1439 700 1518 Maeona)
713 1443 865 1499 Sociorum
878 1440 1073 1515 singularium,
1089 1436 1173 1517 (Odd
1182 1435 1338 1515 Pellaeae)

246 1551 275 1598 et
294 1542 414 1600 aliorum
437 1541 522 1598 variis
544 1541 706 1598 nominibus
729 1539 951 1614 designatorum,
978 1537 1108 1612 plurimis
1134 1555 1172 1594 ex
1198 1537 1339 1612 capitibus

246 1639 345 1696 illicita
357 1647 439 1703 sunt;
453 1638 546 1712 primo
561 1637 676 1708 quidem
687 1634 764 1707 quod
777 1637 943 1693 emittuntur
955 1643 1054 1692 contra
1063 1637 1157 1710 legem
1170 1628 1339 1701 Ecclesiae,¹

246 1736 293 1794 cui
306 1753 406 1794 omnes
423 1753 460 1792 ex
475 1733 584 1792 Christi
597 1743 739 1810 praecepto
753 1733 889 1791 obaudire
903 1743 1046 1800 tenentur,
1062 1751 1180 1806 quaeqne
1191 1734 1239 1808 jus
1253 1733 1342 1790 habet

247 1834 323 1892 filios
344 1852 412 1892 suos
434 1833 524 1892 abiis
547 1834 665 1890 coetihus
688 1832 870 1908 prohibendi,
892 1833 994 1904 quibus
1021 1833 1089 1889 mali
1115 1831 1228 1906 speeies
1255 1831 1340 1887 inest.

249 1933 379 1992 Necesse
394 1939 509 1992 nonest
530 1933 650 2008 probare
664 1950 766 2006 pravos
779 1933 815 1988 ob
834 1932 907 1990 fines
921 1932 1084 1989 societatem
1098 1931 1178 1999 coiri,
1193 1929 1239 1986 vel
1252 1947 1342 2005 prava

247 2032 336 2088 foveri
356 2031 513 2104 principia:
536 2049 624 2101 quum
637 2029 714 2086 enirn
728 2048 860 2088 arcanum
874 2031 1059 2104 profiteantur
1072 2030 1254 2104 impervium,
1269 2028 1339 2087 mali

246 2128 358 2202 species
380 2136 409 2182 et
433 2127 592 2201 periculum
612 2135 688 2184 certe
708 2122 814 2185 adest²
854 2129 997 2186 Praeterea
1018 2129 1068 2200 qui
1089 2129 1186 2203 jurant
1210 2146 1242 2183 se
1266 2126 1337 2185 illud

247 2243 389 2292 arcanum,
405 2224 602 2298 quodcumque
616 2226 662 2292 sit,
676 2225 731 2284 alto
754 2226 866 2285 silentio
887 2245 1000 2303 semper
1020 2235 1187 2295 servaturos,
1209 2226 1339 2283 inomni

246 2341 340 2381 rerum
354 2332 466 2389 eventu,
481 2332 585 2380 temere
608 2342 639 2380 se
652 2325 788 2402 obligant,
803 2344 891 2398 quum
904 2326 966 2382 fieri
986 2327 1077 2400 possit
1096 2333 1127 2380 ut
1146 2323 1289 2402 ejusmodi
1303 2325 1340 2381 sit

247 2419 324 2493 quod
343 2422 448 2492 absque
469 2421 614 2497 religionis
634 2423 680 2479 vel
705 2425 866 2499 reipublicae
886 2424 1053 2481 detrimento
1078 2433 1200 2494 nequeat
1219 2424 1335 2479 servari.

248 2520 319 2586 Quae
341 2527 433 2577 autem
454 2520 585 2594 praemitti
605 2519 706 2577 dicitur
725 2521 884 2588 declaratio,
905 2521 976 2578 nihil
997 2522 1123 2580 muneris
1141 2523 1250 2597 imponi
1264 2519 1343 2592 quod

248 2618 352 2677 muniis
366 2637 428 2689 quae
439 2618 504 2676 Deo
517 2627 546 2676 et
558 2620 654 2696 patria
668 2621 732 2692 quis
745 2618 829 2690 debet
841 2619 966 2695 deroget,
978 2621 1027 2677 vix
1039 2629 1133 2695 potest
1146 2639 1162 2676 a
1176 2619 1339 2678 temeritatis

247 2718 309 2776 labe
322 2719 448 2777 eximere
467 2720 630 2795 jurantem
652 2738 719 2777 nam
742 2719 860 2794 exponit
881 2736 912 2774 se
936 2718 1093 2775 discrimini
1114 2720 1212 2776 munia
1231 2718 1280 2774 illa
1302 2734 1339 2774 ex

246 2818 388 2875 societatis
410 2820 568 2896 principiis,
591 2820 684 2894 potius
712 2837 796 2890 quarn
823 2835 860 2874 ex
882 2817 1021 2874 Ecclesia
1036 2816 1145 2874 Christi
1165 2817 1338 2882 auctoritate,

247 2914 413 2972 aestimandi.
455 2917 604 2973 Incurrunt
616 2915 722 2973 idcirco
735 2917 765 2972 in
778 2916 1098 2973 excommunicationem
1113 2915 1199 2991 Papae
1212 2933 1339 2972 reserva·

248 3019 303 3066 tam
317 3029 417 3068 omnes
431 3013 481 3083 qui
493 3013 640 3068 societates
653 3013 714 3070 illas
736 3015 842 3080 ineunt,
857 3015 976 3072 coetibus
997 3014 1144 3082 adsistunt,
1158 3014 1204 3071 vel
1224 3015 1260 3070 iis
1273 3012 1343 3070 dant

248 3125 380 3181 operam:
403 3127 459 3180 qua
475 3127 594 3168 censura
607 3111 731 3169 adstricti
752 3113 887 3170 censendi
908 3121 983 3179 sunt,
998 3113 1045 3183 qui
1066 3113 1164 3169 illicita
1175 3110 1341 3188 hujusmodi

247 3205 375 3264 sodalitia
394 3209 495 3280 quovis
520 3210 635 3267 nornine
655 3211 762 3278 ineunt,
783 3212 823 3267 uti
844 3211 917 3288 proh
936 3211 1033 3272 dolor!
1054 3211 1191 3287 contingit
1213 3211 1343 3286 plurimis

250 3303 418 3364 Oatlrolicis.
461 3306 506 3365 De
527 3310 654 3366 censuris
675 3310 752 3366 siluit
776 3311 929 3368 concilium
955 3310 1163 3368 Baltimorensc
1190 3309 1247 3366 IV.
1275 3309 1343 3365 satis

247 3403 354 3462 ducens
364 3425 480 3464 monere
493 3407 653 3466 sacerdotes
666 3426 716 3466 eos
730 3427 829 3466 omues
840 3429 856 3466 a
869 3410 1052 3467 sacramentis
1066 3408 1255 3485 repellendos.
1278 3407 1340 3466 No·

283 3573 324 3638 (1)
344 3574 408 3624 Vide
418 3576 522 3626 Constit.
541 3574 676 3626 Clementis
687 3575 744 3626 ΧΠ.
763 3577 794 3627 ln
814 3574 944 3636 eminenti,
955 3583 980 3626 et
991 3575 1120 3626 Benedicti
1131 3576 1201 3625 XIV.
1216 3571 1343 3626 Providus

247 3653 421 3706 Romanorum
434 3659 599 3724 Pontificum.

282 3736 323 3803 (2)
337 3737 364 3787 ld
377 3739 438 3788 mihi
449 3741 580 3790 certissime
592 3759 735 3804 persuasum
755 3753 792 3792 est
803 3761 887 3794 eorum
900 3745 1039 3794 institutum
1051 3761 1081 3793 eo
1092 3743 1191 3794 tendere
1203 3751 1231 3793 ut
1242 3745 1343 3795 rationis

245 3824 328 3873 lumen
340 3822 429 3873 divina
446 3825 503 3874 fidei
522 3826 658 3874 auctoritati
676 3835 844 3890 anteponatur,
864 3837 888 3877 et
906 3830 998 3878 sensim
1017 3830 1070 3878 sine
1088 3845 1162 3878 sensu
1179 3828 1342 3892 disponantur

245 3909 321 3958 enimi
332 3909 362 3958 ad
374 3909 487 3970 dogmata
497 3909 588 3967 omnin,
600 3910 675 3958 veluti
687 3926 785 3969 errores,
797 3913 967 3975 superstitione
979 3921 1003 3961 et
1014 3913 1161 3978 prejudiciis
1172 3914 1241 3973 vulgi
1253 3913 1342 3963 induc·

244 3998 290 4046 tos,
301 3991 442 4054 abjicienda.
476 3992 602 4042 Arcanum
614 3991 661 4041 hoc
678 3999 715 4041 est
732 3992 798 4056 quod
815 4009 867 4043 non
878 3995 1034 4058 suspicantur
1045 3995 1144 4059 plurimi
1164 4011 1196 4044 ex
1218 3995 1286 4058 ipsis,
1297 4011 1341 4059 pu·

246 4080 325 4121 tentes
344 4076 530 4128 abstractionem
549 4085 646 4128 tantum
665 4077 725 4137 fieri,
737 4071 835 4141 quando
854 4079 884 4128 de
906 4079 1034 4140 Religione
1048 4080 1155 4131 revelata
1176 4079 1240 4128 intra
1261 4080 1342 4130 aulam

243 4155 313 4206 silere
329 4158 444 4221 jubetur;
462 4162 576 4224 quodque
595 4179 646 4214 non
664 4163 832 4213 manifestetur
848 4163 958 4226 pluribus
976 4163 1072 4227 quiper
1083 4179 1169 4212 omnes
1186 4163 1276 4224 gradus
1287 4179 1341 4212 eve·

243 4239 351 4297 hamunt
368 4242 410 4290 sed
421 4245 486 4306 quod
498 4253 551 4294 turn
563 4247 662 4297 demum
674 4248 809 4297 declaratur
826 4247 924 4312 quando
941 4248 1022 4298 socius
1039 4249 1091 4313 jem
1108 4247 1218 4297 noscitur
1237 4248 1341 4298 idoneus

242 4330 312 4373 tanto
323 4325 412 4376 lumini
424 4327 539 4377 ferendo!
576 4329 639 4378 Vide
650 4329 672 4381 le
689 4331 754 4382 Voile
763 4331 812 4384 leve
823 4343 921 4398 etopus
932 4331 1034 4383 Barruel
1043 4333 1175 4383 Memoirea
1181 4348 1251 4399 pour
1261 4335 1340 4383 seroie·

241 4423 258 4456 α
269 4405 388 4460 l'hietoire
398 4409 617 4463 dedecorissima
