3078 5258
454 441 510 500 DE
532 437 829 499 CONFESSIONE
849 439 1008 499 ANNUA.
1218 447 1277 503 203

187 607 331 664 dubitatur
342 616 437 666 unum
452 608 520 663 satis
534 607 645 664 noverit
658 607 767 681 peccati
780 605 925 671 malitiam,
940 615 968 662 et
980 605 1015 664 de
1029 623 1065 663 eo
1078 603 1181 674 doleat,
1201 606 1281 666 abso·

185 705 325 762 lutionem
340 706 392 762 sub
406 705 569 763 conditione
583 722 669 779 posse
683 703 833 775 aliquando
847 703 984 780 impertiri
998 714 1096 764 conset
1108 705 1140 761 S.
1151 705 1282 780 Alpheu-

189 821 250 868 sus,
264 804 301 860 ob
314 805 401 860 vitam
414 806 563 871 incertam,
577 821 614 860 ne
628 803 716 860 salute
730 797 927 878 periclitetur.¹
942 825 946 832 ·
960 800 1081 861 Constat
1094 823 1110 862 a
1122 820 1210 880 puero
1223 823 1282 863 non

189 919 254 957 esse
268 900 440 978 exigendam
454 903 582 961 notitiam
602 901 673 958 adeo
692 901 857 977 explicitam
877 900 944 958 fidei
956 903 1169 977 mysteriorum,
1183 921 1281 975 quam·

190 1001 234 1056 vis
248 1000 392 1076 praecipua
405 1002 501 1072 aliquo
515 1008 598 1076 pacto
618 1018 771 1076 agnoscere
785 1008 813 1056 et
826 1010 921 1058 nuere
941 999 1048 1058 debeat
1090 1001 1135 1058 Ab
1148 1018 1183 1058 eo
1196 1001 1281 1061 etiam

190 1115 249 1154 non
262 1107 329 1157 sunt
341 1099 518 1175 expectanda
536 1097 640 1156 indicia
659 1098 741 1156 valde
760 1099 911 1156 manifesta
930 1096 1047 1165 doloris3
1067 1099 1119 1158 sed
1139 1099 1244 1158 sufficit
1257 1103 1281 1159 si

190 1196 364 1256 confessario
384 1207 518 1256 monente
539 1206 713 1273 quantopere
734 1197 815 1254 Deus
836 1196 926 1255 oderit
946 1198 1100 1274 puniatque
1121 1207 1280 1275 peccatum,

189 1293 318 1353 videatur
331 1314 368 1353 ex
381 1298 475 1354 animo
488 1295 557 1354 illud
570 1295 698 1371 rejicere,
712 1305 740 1352 et
752 1295 827 1352 nolle
841 1296 871 1353 in
884 1305 1029 1372 posterum
1042 1306 1160 1372 patrare.

231 1397 282 1450 29.
305 1393 364 1458 Qui
376 1395 560 1471 neglexerunt
572 1394 702 1452 confiteri
714 1393 787 1452 infra
799 1412 914 1461 annum,
925 1395 1057 1466 sequenti
1070 1413 1144 1454 anno
1157 1395 1201 1454 bis
1214 1414 1283 1455 con·

191 1491 265 1550 fiteri
285 1510 343 1550 non
363 1503 502 1561 tenentur,
525 1513 592 1552 narn
615 1501 730 1569 peccata
748 1494 894 1564 utriusque
915 1493 1084 1551 aenianica
1103 1493 1283 1552 consessione

191 1592 245 1646 rite
259 1601 372 1666 peraeta
383 1593 580 1652 remittuntur:
603 1591 717 1665 quodsi
730 1591 810 1649 initio
824 1593 890 1650 anni
903 1591 1028 1650 confessi
1045 1593 1111 1660 sint,
1125 1593 1204 1650 nullo
1218 1610 1283 1669 pec·

193 1701 259 1746 cato
278 1689 375 1746 lethali
395 1693 511 1768 gravati,
533 1693 563 1750 in
584 1691 661 1762 quod
681 1688 815 1766 deinceps
831 1690 968 1758 incidunt,
983 1699 1059 1748 tenet
1072 1691 1104 1748 S.
1118 1691 1284 1768 Alphonsus

195 1807 260 1846 cum
275 1788 339 1846 aliis
353 1809 404 1847 eos
424 1789 460 1846 ad
473 1790 661 1848 confessionis
679 1799 852 1865 praeceptum
873 1789 1043 1846 servandum
1061 1788 1163 1846 debere
1183 1791 1285 1848 iterum

192 1889 333 1954 confiteri,
358 1899 455 1946 “eum
477 1899 609 1965 respectu
633 1889 780 1963 praesentis
804 1887 870 1946 anni
892 1905 950 1946 non
973 1886 1134 1955 satisfaciat,
1157 1888 1286 1960 quinon

193 1987 342 2043 confitetur
354 1986 485 2044 mortalia
497 1989 578 2045 istius
592 1981 708 2046 annum

235 2089 284 2141 30.
306 2087 331 2142 Α
351 2096 493 2163 praecepto
507 2086 655 2162 implendo
669 2086 797 2143 excusari
812 2083 941 2142 videntur
959 2084 1063 2158 quibus
1077 2102 1135 2143 non
1148 2093 1192 2142 est
1204 2086 1286 2162 copia

195 2183 348 2241 sacerdotis
362 2186 458 2261 probi:
482 2185 612 2258 quamvis
627 2185 703 2246 enim
721 2193 845 2260 potestas
864 2202 923 2242 non
943 2181 1067 2260 pendeat
1079 2204 1095 2240 a
1108 2184 1243 2251 moribus,
1258 2195 1286 2240 et

195 2282 292 2340 fideles
307 2303 366 2342 non
380 2283 502 2344 debeant
522 2285 608 2342 vitam
622 2283 800 2342 sacerdotum
819 2283 957 2340 curiosius
978 2283 1105 2350 scrutari,
1119 2284 1169 2340 vix
1189 2292 1286 2342 tamen

195 2383 331 2441 censendi
346 2392 412 2440 sunt
431 2384 510 2459 ligati
524 2383 559 2440 ad
572 2391 687 2458 peccata
706 2401 757 2440 sua
776 2381 932 2457 detegenda
951 2383 979 2440 ei
999 2383 1078 2460 cujus
1092 2383 1160 2441 vitia
1180 2392 1285 2458 patent,

194 2481 250 2538 nisi
264 2481 435 2559 gravissima
448 2491 546 2558 urgeat
558 2482 724 2540 necessitas.
766 2481 861 2538 Utitur
881 2490 978 2539 tamen
989 2481 1053 2557 jure
1066 2500 1119 2539 suo
1131 2481 1224 2538 fidelis
1238 2484 1287 2554 qui

194 2590 340 2654 pastorem
356 2599 451 2648 suum,
465 2582 549 2638 etiam
563 2581 733 2658 improbum,
748 2579 805 2636 adit
817 2578 852 2636 ad
871 2579 965 2656 legem
978 2580 1117 2637 Ecclesiae
1132 2577 1286 2653 adimplen-

195 2676 275 2734 dam.
319 2675 463 2734 Caeterum
481 2679 550 2738 levis
565 2697 752 2752 quaecumque
772 2678 891 2752 pastoris
912 2676 1006 2750 culpa,
1019 2677 1065 2732 vel
1084 2693 1181 2734 mores
1196 2677 1287 2734 acerbi

195 2775 244 2830 vel
259 2784 396 2851 agrestes,
411 2795 468 2835 non
481 2777 579 2835 debent
591 2777 725 2834 fidelibus
739 2775 915 2832 excusationi
927 2773 1036 2839 haberi,
1052 2792 1108 2846 quo
1121 2774 1216 2832 minus
1239 2791 1286 2830 an·

195 2892 282 2931 nuatn
298 2865 397 2932 s'altem
411 2875 621 2936 confessionem
638 2876 758 2933 faciant:
780 2873 910 2945 quamvis
925 2873 1009 2944 aliqui
1024 2875 1153 2932 excusari
1177 2874 1288 2948 possim

195 2973 231 3028 oh
246 2973 401 3030 maximam
423 2993 507 3045 quam
529 2976 712 3050 experiuntur
730 2971 922 3030 difficultatem
941 2973 971 3031 in
994 2991 1028 3031 eo
1048 2972 1187 3042 adeundo,
1208 2971 1288 3030 dum·

194 3070 282 3130 modo
296 3072 373 3128 brevi
388 3073 424 3129 sit
438 3074 478 3128 eis
493 3074 646 3132 sacerdotis
661 3072 772 3130 alterius
786 3071 869 3147 eopia
882 3073 983 3130 futura.

598 3261 639 3322 (l)
655 3257 683 3306 L.
696 3256 728 3305 vi.
746 3273 770 3304 n.
780 3255 837 3304 432.

598 3345 639 3410 (2)
656 3341 684 3392 L.
694 3343 725 3393 ti.
738 3359 761 3394 tt.
775 3342 832 3392 669.
936 3388 938 3391 .
