3076 5260
618 1420 760 1480 CAPUT
780 1420 834 1478 IV.

527 1635 565 1674 ut:
587 1637 677 1675 fluum
697 1635 737 1674 ΕΤ
757 1633 923 1674 maneretis,

220 1816 270 1869 93.
291 1812 383 1878 Quuu
406 1812 550 1887 plerisque
571 1813 601 1870 in
624 1811 747 1869 Statibus
768 1807 998 1868 meridionalibus
1023 1806 1144 1862 servitus
1167 1806 1270 1880 vigeat,

180 1908 274 1963 officia
287 1911 390 1978 quibus
410 1909 518 1964 domini
531 1927 598 1984 erga
617 1927 725 1976 servos,
748 1909 878 1978 servique
900 1924 966 1980 erga
984 1905 1116 1962 dominos
1131 1910 1270 1967 tenentur.

181 2002 346 2076 explicanda
358 2007 519 2060 necessario
532 1983 608 2070 sunt,
628 2024 665 2062 nc
685 2003 843 2059 sacerdotes
865 2003 995 2057 alterutra
1014 2019 1052 2056 ex
1072 2008 1150 2074 parte
1164 2006 1267 2054 errent.

182 2097 326 2169 Equidem
339 2099 447 2157 domini
461 2107 591 2157 tenentur
603 2101 638 2156 ad
658 2097 931 2155 subministrandum
951 2098 992 2151 eis
1008 2095 1200 2152 necessarium
1213 2094 1271 2150 vic·

182 2204 241 2252 tum
255 2205 283 2249 et
295 2198 440 2260 vestitum,
461 2203 489 2249 et
508 2194 634 2250 subsidia
654 2195 750 2276 omnia
772 2195 873 2264 quibus
894 2193 957 2248 vitae
980 2191 1160 2257 consulatum
1181 2209 1270 2262 quum

181 2291 257 2347 enim
272 2291 322 2348 toti
335 2291 478 2367 pendeant
490 2291 565 2347 servi
579 2309 616 2347 ex
629 2290 811 2348 dominorum
831 2288 954 2355 arbitrio,
972 2289 997 2345 si
1010 2289 1072 2344 haec
1086 2288 1269 2364 denegentur,
1360 2298 1365 2302 ’

181 2387 330 2445 manifesto
344 2389 408 2446 vitae
428 2388 584 2445 discrimini
606 2388 793 2463 objiciuntur:
816 2394 937 2443 attamen
957 2384 1118 2442 delicatiora
1137 2386 1179 2442 eis
1200 2404 1271 2462 prae·

179 2486 246 2541 bere
256 2504 314 2542 non
327 2494 446 2560 oportet,
460 2505 536 2552 nam,
551 2485 669 2543 docente
684 2485 791 2566 Spiritu
806 2485 920 2570 Sancto,
942 2485 1023 2556 “qui
1036 2483 1156 2540 delicate
1170 2503 1186 2540 a
1200 2501 1269 2560 pue·
1294 2509 1297 2517 ¹

180 2582 243 2638 ritia
261 2583 347 2640 nutrit
366 2601 480 2640 servum
502 2600 596 2649 suum,
620 2591 719 2658 postea
742 2583 846 2638 sentiet
864 2599 929 2637 eum
952 2573 1196 2638 contumacem.”1
1236 2581 1272 2639 In

180 2679 299 2735 statibus
324 2679 467 2737 nonnullis
494 2679 585 2736 solent
609 2680 669 2737 heri
695 2680 847 2756 mancipiis
868 2678 987 2735 tribuere
1015 2679 1142 2750 quolibet
1171 2696 1270 2736 mense

182 2783 287 2833 certain
317 2775 458 2848 quandam
484 2795 645 2834 mensuram
675 2780 754 2852 grani
780 2776 857 2850 quod
885 2784 988 2833 vocant
1008 2775 1150 2842 lodicum,
1180 2784 1211 2832 ut
1240 2793 1271 2831 se

181 2883 357 2931 sustentent:
379 2874 456 2947 quod
476 2875 532 2950 ipsi
551 2875 673 2950 pistrilla
684 2877 730 2933 vel
749 2877 855 2952 pistillo
870 2875 1037 2950 plerumque
1057 2873 1159 2930 debent
1174 2881 1272 2932 conte-

180 2990 261 3029 rere:
284 2992 349 3030 caro
363 2973 445 3030 suilla
467 2972 569 3030 alicubi
590 2973 738 3050 adjicitur:
760 2973 811 3030 sed
834 2973 899 3030 alibi
913 2973 1055 3048 mancipia
1075 2990 1190 3029 carnem
1210 2970 1274 3030 nul·

181 3071 237 3127 lam
250 3072 393 3148 recipiunt
404 3072 438 3128 ab
458 3071 553 3131 heris:
575 3071 651 3129 unde
672 3072 739 3130 furti
758 3073 870 3130 occasio
891 3071 947 3129 illis
971 3070 1053 3129 facile
1072 3071 1170 3128 oritur.
1214 3070 1273 3136 Qui

181 3186 230 3226 eos
244 3168 302 3226 sere
316 3167 406 3227 nudos
420 3171 570 3228 circumire
584 3171 689 3238 sinunt,
704 3178 733 3226 et
752 3179 849 3235 contra
868 3164 958 3244 frigus
978 3188 1036 3227 non
1051 3178 1213 3245 protegunt,
1227 3167 1273 3226 vel

182 3267 277 3324 cibum
291 3286 347 3339 quo
362 3270 438 3326 vesci
452 3276 595 3339 nequeant
607 3267 682 3335 dant,
698 3287 714 3323 a
727 3269 805 3342 gravi
825 3266 914 3340 culpa,
928 3285 987 3324 non
1001 3276 1068 3324 sunt
1081 3268 1233 3333 immunes,
1248 3266 1274 3322 si

182 3366 239 3423 vita
248 3366 450 3440 periclitentur.
472 3365 530 3431 Qui
541 3373 707 3442 aegrotantes
720 3383 779 3422 non
793 3373 900 3432 curant,
915 3383 1034 3422 senesve
1044 3365 1090 3421 vel
1104 3365 1172 3421 alias
1184 3364 1275 3421 labori

183 3464 303 3538 amplius
317 3483 376 3522 non
388 3461 507 3522 idoneos
520 3483 579 3522 non
592 3471 722 3540 satagunt
735 3462 869 3522 remediis
890 3463 1046 3530 sublevare,
1062 3463 1194 3534 victuque
1208 3481 1275 3519 con·

183 3561 307 3618 venienti
328 3563 414 3620 vitam
434 3563 490 3620 illis
512 3579 634 3628 servare,
656 3563 823 3640 gravissime
844 3570 971 3638 peccant,
989 3579 1078 3634 quum
1098 3570 1219 3618 mortem
1233 3560 1275 3617 sic

184 3677 326 3716 accersere
340 3660 412 3717 velle
426 3659 581 3718 videantur.
624 3659 674 3719 Sic
688 3661 756 3718 olim
776 3661 895 3736 contigit
914 3649 997 3716 servo
1010 3659 1091 3734 cujus
1106 3659 1190 3716 verba
1203 3657 1250 3715 res
1265 3689 1275 3701 ·

183 3740 300 3815 runtur:
326 3766 345 3793 “
358 3759 434 3816 Puer
447 3759 607 3836 AEgyptius
621 3777 675 3836 ego
689 3776 763 3827 sum,
778 3777 877 3816 servus
897 3758 951 3815 viri
970 3757 1153 3815 Amalccitae:
1176 3756 1277 3814 dereli-

184 3856 244 3928 quit
257 3865 350 3913 autem
364 3875 410 3913 me
423 3856 555 3915 dominus
569 3874 660 3926 meus,
674 3857 742 3929 quia
756 3865 889 3934 aegrotare
904 3857 977 3930 coepi
990 3844 1242 3912 nudiustertius.”²

224 3957 273 4010 94.
294 3955 408 4029 Debent
428 3953 537 4014 domini
560 3973 632 4030 opus
656 3956 729 4012 vires
753 3971 898 4012 servorum
920 3952 997 4010 haud
1019 3949 1161 4009 excedens
1187 3950 1221 4006 ab
1241 3952 1276 4010 iis

184 4055 310 4128 exigere,
325 4055 395 4125 quin
415 4061 509 4112 tamen
528 4054 579 4111 otii
598 4052 764 4126 indulgendi
785 4051 853 4110 dent
866 4053 1048 4109 occasionem
1060 4037 1075 4116 ς’
1090 4067 1179 4122 quum
1199 4051 1276 4108 enim

183 4151 336 4209 litterarum
347 4152 422 4209 servi
432 4161 544 4210 careant
556 4149 771 4217 delectamento,
783 4151 813 4207 in
822 4148 942 4210 crimina
951 4147 1034 4206 facile
1044 4146 1172 4206 incidunt
1181 4148 1275 4208 otiosi:

285 4339 324 4403 (l)
339 4337 411 4387 Prov.
423 4305 492 4387 xxix..
505 4339 543 4385 21.
913 4336 955 4404 (Ω)
971 4340 980 4384 l
996 4336 1056 4401 Rag.
1067 4353 1127 4388 xxx.
1141 4339 1179 4388 13.
