3078 5258
392 493 456 554 ·DE
477 493 654 554 JEJUNIO
668 493 726 554 ET
740 493 1040 554 ABSTINENTIA.
1199 502 1258 558 217

170 672 199 720 et
212 679 247 718 ea
259 660 415 718 relaxanda
428 661 474 728 sit,
486 661 597 734 quoties
607 659 705 718 fideles
718 662 749 718 in
762 661 797 718 iis
810 678 904 719 rerum
917 660 1056 737 adjunctis
1069 672 1225 733 versentur,
1234 665 1265 724 in

171 760 276 833 quihus
290 761 339 817 vix
353 779 417 817 eam
431 777 543 818 servare
556 759 686 836 possint:
709 768 822 835 praeetnt
841 759 919 818 enirn
938 759 1067 819 facultate
1080 759 1265 838 dispensandi

172 861 224 926 uti,
238 877 324 932 quam
337 877 388 916 eos
401 857 554 918 manifesto
561 857 718 918 discrimini
728 856 851 916 violandi
860 857 952 934 legem
964 859 1096 935 objicere.
1118 859 1264 920 Gaeterum

172 959 256 1016 etiam
270 958 338 1018 dum
353 957 544 1016 confessarius
557 956 631 1014 hane
645 956 804 1032 impertitur
816 955 1068 1031 dispensationem,
1083 975 1120 1017 ex
1133 959 1262 1018 facultate

171 1058 225 1114 sibi
238 1075 385 1124 concessa,
400 1056 505 1115 hortari
519 1057 688 1131 prenitentes
705 1055 796 1132 jurat,
810 1063 841 1111 ut
852 1072 887 1112 ca
899 1073 983 1132 perce
996 1057 1114 1116 omnino
1126 1051 1263 1117 utantur.¹

207 1244 249 1309 (l)
269 1243 335 1292 Setia
345 1241 447 1292 feliciter
457 1241 516 1290 dicit
527 1239 635 1304 Tcyior:
652 1238 739 1290 “Thin
750 1239 849 1290 cantion
862 1239 883 1289 ir
894 1241 922 1290 ci
935 1255 979 1290 uec
990 1241 1017 1290 in
1029 1242 1070 1292 the
1081 1243 1221 1307 injuncticn
1240 1245 1268 1292 oi

170 1328 262 1389 sacting
274 1328 342 1390 days,
362 1327 410 1376 and
422 1326 530 1374 extemcl
542 1334 593 1374 ecte
603 1324 632 1374 of
643 1324 824 1383 mortification,
835 1323 916 1374 which
927 1341 968 1374 cre
978 1326 1066 1376 indeed
1078 1326 1162 1378 effect·
1181 1328 1210 1376 oi
1222 1327 1264 1376 the

170 1414 220 1461 lew
229 1411 259 1460 oi
271 1409 361 1469 Christ,
371 1411 415 1459 but
426 1409 466 1459 the
478 1423 600 1458 mensures
611 1408 640 1458 ci
653 1408 721 1458 thece
732 1409 792 1458 hirs
803 1423 842 1458 ere
853 1415 879 1458 tc
894 1410 924 1458 be
933 1409 995 1458 cuch
1007 1426 1034 1459 cc
1044 1411 1137 1460 connirt
1147 1411 1207 1460 with
1220 1411 1260 1460 the

172 1502 242 1557 great
254 1493 301 1543 end
313 1495 342 1542 of
354 1495 395 1543 the
406 1495 472 1554 lawe,
483 1493 536 1543 thet
546 1493 569 1544 ie
580 1508 661 1557 merey
674 1493 723 1542 end
734 1493 839 1542 interncl
859 1492 996 1556 Religion?
1031 1493 1125 1544 Ductor
1144 1493 1264 1546 Dubiun·

172 1581 244 1640 tium,
255 1580 271 1630 Ι.
278 1579 302 1629 ii.
315 1579 383 1633 ciii.
393 1595 418 1646 p.
430 1581 488 1630 4³6.
