3078 5258
338 492 342 500 ’
412 521 469 579 un
490 519 667 580 resumo
688 519 746 579 er
767 521 1066 584 assereremus.
1226 533 1286 588 eoo

187 690 400 767 indulgentibus
413 707 451 747 cx
465 687 595 747 facultate
608 689 662 746 sibi
675 705 811 747 concessa
824 691 859 748 ab
871 691 1035 768 Apostolica
1053 691 1140 750 Sede.
1162 692 1284 764 Caseus,

188 789 281 856 lacet
292 791 409 865 butyrus
424 790 454 846 in
463 789 624 864 vespertina
636 787 834 846 collatiuncule
847 809 863 846 a
876 790 1022 866 plerisque
1036 791 1217 852 adhibentur:
1234 797 1283 868 qui

185 896 282 947 tamen
297 907 359 947 mos
380 887 575 946 emendandus
596 887 714 955 videtur,
736 905 824 959 quum
838 906 923 948 omne
939 891 1043 967 jejunii
1057 891 1209 968 vestigium
1223 893 1281 952 fere

186 986 277 1044 tollat.
319 986 426 1044 Lar-ido
439 988 469 1044 in
482 987 552 1044 cibis
576 986 732 1058 coquendis
752 985 850 1043 diebus
871 989 1038 1048 esurialibus
1051 991 1092 1049 uti
1105 991 1172 1049 licet
1184 993 1214 1051 in
1228 992 1280 1051 hac

184 1087 315 1160 regione,
330 1105 368 1143 ex
381 1085 585 1144 consuetudine
598 1086 743 1161 episcopis
757 1085 881 1161 probata,
896 1096 924 1144 et
943 1089 1060 1166 speciali
1080 1089 1149 1148 olim
1162 1090 1280 1152 indulto.

187 1183 410 1243 consueverunt
428 1185 512 1242 etiam
533 1184 661 1260 episcopi
680 1183 826 1261 indulgere
847 1195 878 1243 ut
894 1188 1024 1246 carnibus
1046 1197 1159 1246 utantur
1181 1189 1280 1248 fideles

186 1285 279 1340 semel
292 1286 322 1341 in
335 1283 382 1341 die
396 1283 565 1357 quibusdam
579 1281 677 1340 diebus
698 1282 839 1340 ferialibus
861 1283 1104 1363 Quadragesimae,
1125 1297 1154 1344 et
1175 1291 1281 1366 saepius

185 1381 290 1442 diebus
303 1383 432 1440 omnibus
452 1381 622 1448 Dominicis,
637 1392 759 1457 excepto
778 1381 825 1438 die
839 1383 1012 1442 Palinurum.
1055 1385 1114 1442 Sed
1130 1387 1280 1462 jejunandi

186 1481 239 1537 lex
254 1490 357 1548 manet,
371 1482 454 1538 etiam
468 1479 626 1540 abstinendi
639 1500 655 1536 a
667 1480 798 1537 carnibus
812 1481 982 1558 obligatione
996 1483 1114 1541 sublata.

229 1584 277 1636 40.
300 1581 400 1638 Pisces
420 1599 486 1638 cum
508 1580 640 1638 carnibus
663 1597 720 1636 non
743 1586 810 1635 sunt
830 1581 970 1640 miscendi
990 1583 1020 1639 in
1042 1582 1143 1640 diebus
1162 1585 1278 1660 jejunii,

184 1679 301 1750 quando
314 1681 386 1738 facta
405 1679 488 1736 fucrit
507 1679 624 1737 facultas
645 1679 773 1735 carnibus
794 1673 954 1738 vescendi:l
996 1681 1160 1754 Nequidem
1182 1683 1276 1760 pisces

183 1777 247 1834 sale
269 1780 372 1848 siccati,
396 1779 431 1836 ad
453 1778 666 1850 condimentum
688 1779 827 1844 carnium,
849 1797 885 1836 v:
907 1799 942 1855 gr
965 1780 1063 1848 alceia,
1086 1781 1132 1838 vel
1154 1791 1277 1841 testacea

183 1879 303 1945 marina,
325 1872 588 1936 adhibendi-shut?
628 1877 661 1933 Si
681 1885 775 1934 tamen
794 1879 943 1954 contigerit
961 1877 1120 1955 dispensari
1140 1879 1174 1936 ab
1194 1881 1278 1937 absti-

183 1979 283 2034 nentia
296 1976 339 2034 die
359 1997 423 2050 quae
437 1969 494 2035 non
514 1976 673 2053 s‘itjejunii,
698 1993 734 2032 v:
756 1994 793 2050 g:
815 1974 861 2032 dic
883 1979 1010 2048 quolibet
1030 1977 1162 2045 Veneris,
1181 1978 1278 2036 licebit

183 2094 285 2132 carnes
299 2095 361 2134 cum
375 2078 500 2153 piscibus
514 2077 652 2134 miscere:
674 2075 802 2151 exceptis
816 2073 916 2134 diebus
930 2075 1092 2136 Dominicis
1113 2077 1276 2154 Quadrage·

184 2169 295 2232 simae.³

223 2278 272 2330 41.
293 2273 441 2350 Jejunium
455 2276 480 2332 si
494 2276 557 2348 quis
572 2275 677 2346 absque
692 2291 777 2332 causa
790 2273 913 2349 fregerit,
928 2277 1023 2351 plures
1037 2275 1175 2334 sumendo
1188 2275 1235 2332 ref
1264 2305 1276 2320 ·

182 2373 282 2441 tiones,
297 2376 407 2450 peccati
421 2376 547 2432 mortalis
568 2391 634 2430 reus
648 2383 708 2430 est:
732 2372 817 2430 violat
832 2375 939 2451 quippe
959 2375 1113 2433 districtam
1133 2374 1272 2433 Ecclesiae

180 2467 301 2548 legem.⁴¹
339 2471 494 2531 Damnavit
503 2473 608 2530 idcirco
623 2471 784 2530 Alexander
797 2471 866 2532 VII.
881 2474 1113 2551 propositionem.
1157 2483 1177 2510 ‘⁶
1187 2473 1274 2531 Frau-

280 2678 321 2726 Ex
333 2678 393 2726 decl.
407 2677 497 2739 Bened.
509 2678 559 2726 xiv.
567 2676 607 2726 die
620 2677 651 2726 10
664 2675 736 2727 Junti
751 2681 825 2727 1745.

236 2681 245 2724 l

218 2679 262 2825 {2}
282 2762 348 2810 Vide
358 2777 419 2826 resp.
430 2762 455 2808 S.
467 2762 554 2812 Poenit.
566 2763 581 2812 8
593 2763 649 2812 lan.
661 2770 685 2811 et
698 2763 729 2810 16
741 2763 797 2812 Jen.
812 2763 881 2812 leet.

219 2848 264 2912 (3)
282 2847 355 2910 Rcsp.
366 2847 393 2896 S.
405 2847 490 2896 Poenit.
504 2849 534 2895 15
544 2848 603 2896 Feb.
620 2849 691 2896 1834.

218 2931 261 2997 (t)
282 2932 377 2982 Recital
388 2932 504 2982 Jeremias
515 2933 608 2996 Taylor
620 2933 691 2980 verba
703 2931 757 2980 haec
775 2929 961 2994 chrysostomi:
980 2936 993 2958 ‘¹
1003 2927 1156 2977 Adveniente
1168 2934 1274 2992 tempore

175 3019 273 3084 jejunii,
285 3018 380 3067 etiamsi
392 3018 446 3082 quis
464 3018 551 3066 millies
569 3026 662 3078 urgeat,
674 3025 698 3066 et
715 3017 811 3066 inlin‘te
823 3017 919 3075 cruciet,
933 3024 957 3064 et
968 3025 1039 3076 cogat
1057 3015 1142 3063 vinum
1159 3013 1272 3072 delibare,

179 3113 222 3154 aut
234 3103 325 3167 aliquid
338 3103 402 3152 aliud
421 3102 485 3166 quod
501 3102 590 3168 jejunii
607 3103 660 3164 lege
678 3118 728 3150 non
746 3109 782 3151 est
800 3101 893 3152 licitum
911 3109 1016 3162 gustare,
1034 3099 1175 3164 patiendum
1192 3100 1274 3164 potius

179 3203 239 3246 esse,
252 3202 325 3249 quam
338 3185 485 3250 prohibitum
495 3193 594 3246 tangere
605 3183 805 3234 nutrimentum.''
823 3185 900 3233 Addit
911 3185 976 3248 ipse:
989 3189 1003 3214 ‘⁸
1015 3181 1038 3231 lt
1049 3199 1100 3230 was
1111 3182 1245 3231 accounted
1257 3197 1272 3231 e

179 3280 246 3333 great
258 3279 344 3320 matter
356 3271 413 3319 then
426 3278 451 3320 ιο
462 3271 535 3318 break
544 3285 575 3318 an
588 3269 757 3318 ecclesiastical
765 3269 825 3318 fest:
838 3268 885 3317 and
894 3267 1011 3316 therefore
1019 3266 1090 3314 when
1105 3267 1177 3314 alaw
1188 3266 1210 3314 is
1218 3281 1275 3330 sup·

178 3357 262 3420 ported
275 3359 306 3420 by
319 3356 379 3406 such
391 3372 423 3405 an
434 3356 552 3414 estimato,
564 3355 616 3406 thet
628 3356 674 3404 law
686 3355 757 3404 binde
769 3354 879 3420 heavilyr
899 3352 946 3401 and
959 3351 978 3400 it
989 3351 1039 3400 will
1050 3352 1079 3399 be
1092 3366 1106 3399 a
1122 3357 1189 3410 great
1201 3351 1239 3400 ein
1249 3357 1273 3400 ιο

178 3443 251 3492 break
269 3442 293 3501 it,
306 3443 389 3490 unless
399 3441 465 3490 there
476 3443 506 3489 be
518 3457 532 3488 a
544 3448 610 3502 grem
620 3457 694 3490 cause
706 3451 730 3489 to
744 3439 875 3501 legitimare
891 3453 918 3486 or
929 3451 1019 3485 excuse
1031 3433 1163 3484 it-'l'hus
1178 3436 1229 3485 aleo
1246 3436 1272 3486 in

178 3527 220 3576 the
228 3527 354 3589 foregoing
366 3527 475 3576 instance
488 3527 515 3574 of
524 3526 694 3576 ecclesiastical
704 3527 762 3574 laste
774 3539 814 3573 are
826 3523 895 3572 those
908 3521 986 3570 words
994 3521 1022 3569 cf
1034 3521 1070 3568 St.
1079 3518 1146 3568 Basil
1154 3529 1178 3569 ιο
1186 3522 1215 3570 be
1228 3536 1272 3569 un·

178 3613 290 3662 derstood
302 3611 397 3674 saying,
416 3610 489 3659 ‘Non
501 3611 583 3660 minus
591 3612 683 3660 crimen
695 3625 748 3658 esse
760 3609 848 3657 violare
857 3606 980 3672 jejunium
992 3605 1189 3664 ecclesiasticum,
1199 3621 1273 3668 quam

178 3697 249 3746 militi
273 3697 374 3760 abjicere
392 3703 490 3744 scutum
508 3695 533 3744 in
552 3696 621 3754 bello,
639 3704 682 3745 aut
700 3694 828 3744 stationem
847 3689 970 3742 descrere!
1016 3689 1198 3740 Ecclesiastical
1216 3690 1274 3740 fests

177 3783 201 3830 in
226 3782 264 3830 bis
282 3782 339 3830 time
363 3797 426 3830 were
443 3781 485 3830 the
507 3781 654 3842 cognitance
667 3781 722 3829 ofa
740 3779 873 3839 Christian,
885 3777 924 3827 his
941 3777 1041 3827 dafenes
1057 3777 1106 3826 and
1129 3777 1222 3839 guard;
1239 3791 1271 3824 an

179 3866 295 3914 therefore
312 3872 356 3914 not
367 3873 392 3914 to
403 3865 465 3929 hecp
477 3864 542 3914 them
555 3881 605 3914 was
617 3865 676 3914 esif
691 3881 705 3914 a
725 3864 813 3914 soldier
829 3863 869 3913 did
887 3863 965 3912 thrcw
985 3878 1054 3924 away
1067 3861 1106 3910 his
1126 3861 1203 3909 shicld
1221 3860 1274 3908 ina

179 3951 224 4014 day
235 3951 262 4000 of
270 3950 352 4008 battle,
369 3965 396 3998 or
407 3949 485 4008 desert
496 3949 535 3998 his
546 3948 660 4002 stetbn.”
696 3950 791 3999 Ductor
803 3946 995 4006 Dubiienfium,
1007 3946 1062 3993 Vol.
1075 3945 1099 3992 ri.
1117 3960 1141 4007 p.
1156 3946 1194 3990 13.
1204 3944 1227 3992 ·l.
1239 3943 1273 3992 iii.

179 4053 198 4084 c.
211 4037 226 4085 i.
262 4036 362 4085 Hoolrer
373 4036 508 4086 consentit:
527 4036 712 4098 “Considering
729 4035 782 4085 that
793 4035 848 4098 they
862 4033 944 4083 which
961 4031 1042 4096 gripes
1053 4029 1101 4080 and
1115 4031 1159 4095 joy
1172 4045 1198 4079 ae
1215 4029 1273 4094 they

179 4122 263 4184 ought,
275 4128 366 4170 cannot
375 4121 480 4184 possibly
492 4121 620 4170 otherwise
632 4122 681 4170 live
690 4120 750 4170 than
762 4136 788 4168 es
800 4119 857 4181 thoy
870 4116 965 4175 should,
978 4114 1019 4164 the
1030 4114 1131 4164 Ohurch
1143 4115 1172 4164 of
1179 4115 1268 4174 Christ.

179 4208 218 4257 the
231 4215 294 4256 most
306 4206 414 4255 absolute
431 4207 479 4254 and
496 4207 586 4271 perfect
598 4206 682 4256 school
694 4206 722 4254 of
735 4205 767 4254 all
781 4204 864 4264 virtue,
875 4203 935 4252 heth
952 4204 983 4266 hy
997 4201 1037 4250 the
1047 4202 1135 4266 special
1147 4200 1266 4252 direction

180 4293 206 4340 of
214 4291 290 4340 God’s
302 4290 365 4354 good
378 4289 452 4356 Spirit
463 4291 569 4340 hitherto
578 4293 670 4355 always
681 4289 766 4339 inured
780 4305 836 4337 men
849 4288 909 4337 from
922 4286 983 4336 their
1000 4285 1106 4351 infancy,
1118 4288 1196 4353 partly
1208 4287 1269 4337 with

697 4387 751 4442 19*
