3076 5260
275 469 333 524 374
551 461 608 522 DE
630 459 759 521 HERIS
779 459 838 519 ET
860 459 1091 521 MANOIPIIS.

276 623 393 687 verit.”¹
442 626 537 686 Multo
557 627 649 703 magis
676 633 798 703 peccaut
820 643 837 682 a
858 623 984 684 dominis
1003 625 1181 703 corripiendo
1205 645 1269 700 que
1296 627 1371 705 apud

276 727 369 786 socios
382 724 541 802 prodigunt.
584 726 682 792 Quum
705 733 799 783 autem
824 723 993 801 pierumque
1017 731 1131 785 careant
1142 727 1269 803 peculio,
1283 734 1313 783 et
1326 726 1373 784 do-

273 825 345 884 mini
358 841 457 884 eorum
470 825 617 884 laboribus
630 824 768 891 fruantur,
779 824 849 881 setis
862 823 994 882 videntur
1007 824 1111 893 faeere,
1125 827 1240 898 quoties
1253 825 1374 902 diligen-

278 925 343 982 tism
358 922 492 982 adhibent
513 941 647 1000 magnam
667 924 699 981 in
717 941 749 980 re
763 923 884 981 Domini
905 921 1044 998 augenda.
1087 923 1173 990 Quod
1193 923 1219 982 si
1239 923 1373 982 damnum

278 1023 357 1082 alteri
368 1023 523 1091 intulerint,
532 1029 677 1095 nequeunt
691 1020 808 1080 domino
823 1021 966 1098 surripere
977 1039 1035 1095 quo
1045 1021 1114 1079 illud
1121 1031 1263 1100 reparent.
1292 1022 1327 1080 In
1339 1023 1375 1080 iis

276 1123 380 1194 quibus
394 1119 429 1178 sd
442 1121 486 1178 sui
499 1121 734 1178 sustentationem
754 1120 784 1177 in
806 1119 893 1177 domo
915 1119 977 1179 heri
999 1129 1123 1189 utuntur,
1139 1139 1300 1180 consensus
1315 1124 1375 1194 qui·

275 1200 347 1278 darn'
355 1237 432 1294 sape
445 1219 635 1294 praesumitur,
649 1219 695 1276 vel
704 1220 846 1294 reparatio
857 1218 935 1276 haud
948 1219 1019 1276 adeo
1031 1220 1125 1295 urgeri
1138 1229 1281 1278 censetur.
1316 1221 1373 1287 Qui

275 1329 358 1378 nocte
372 1319 604 1385 circumcursant,
618 1325 650 1374 ut
661 1317 793 1375 foeminas
815 1317 949 1385 invisunt,
964 1299 1066 1393 praeter
1075 1317 1261 1395 impudicitiae
1275 1337 1373 1395 pecca-

276 1427 347 1484 tum,
369 1417 460 1493 ligant
478 1435 510 1475 se
530 1416 592 1474 aliis
613 1416 779 1474 criminibus
804 1416 841 1473 ob
863 1415 991 1493 pericula
1003 1417 1107 1489 quibus
1127 1435 1159 1475 se
1181 1419 1332 1494 oinciunt
1347 1428 1374 1476 et

276 1517 401 1576 dominis
422 1517 530 1574 faciunt
548 1516 692 1593 iujuriam,
714 1531 748 1574 eo
768 1513 849 1586 quod
868 1524 981 1574 noctem
1001 1515 1167 1592 pleramque
1187 1515 1320 1575 ducendo
1333 1519 1373 1575 in·

277 1632 418 1682 somnem,
439 1615 488 1672 vix
510 1615 623 1691 possint
643 1614 733 1672 labori
755 1631 856 1670 vacare
879 1612 925 1672 die
947 1617 1090 1686 sequenti.
1143 1615 1202 1682 Qui
1224 1616 1373 1694 negligunt

275 1712 342 1772 fidei
355 1712 527 1771 documenta
536 1712 691 1781 addiscere,
703 1721 731 1770 et
743 1713 845 1771 munia
858 1712 1018 1807 Religionis
1032 1715 1158 1790 explere,
1175 1714 1266 1774 oblata
1292 1734 1372 1774 occa·

276 1814 368 1882 sione,
382 1813 492 1889 peccati
504 1811 646 1870 manifesti
658 1813 699 1870 rei
712 1820 787 1870 sunt.

411 1982 454 2047 (l)
473 1979 575 2030 Loesius
586 1979 616 2030 de
627 1980 641 2029 J
645 1981 726 2031 ustitia
737 1987 762 2030 et
770 1979 785 2030 J
789 1995 839 2038 ure,
851 1978 878 2028 S.
889 1979 914 2029 i'u
927 1995 948 2030 c.
958 1979 1008 2029 viii.
1017 1979 1075 2030 dub·
1087 1979 1120 2030 iii.
1128 1995 1153 2030 n.
1163 1979 1204 2030 20.
