3068 5256
456 487 513 546 DE
535 485 700 553 QUINTO
723 486 975 548 PRAEOEP'I'O.
1207 495 1263 552 107

170 656 217 713 vel
230 653 341 730 alapam
356 655 383 713 ei
396 655 558 730 impingere
573 662 699 720 conatur,
714 653 738 710 si
752 653 831 710 aliter
844 655 979 729 probrum
994 662 1119 712 avertere
1132 633 1263 728 redueat.

172 755 215 812 Ita
227 751 371 812 LessIus.²
402 753 548 810 Caeterum
567 751 668 827 Sylvio
682 753 852 810 assentimur
865 752 983 811 dicenti:
1007 753 1160 811 “Etiamsi
1174 755 1265 814 honor

174 855 210 911 sit
221 854 332 911 bonum
343 853 532 940 praestantius¹
540 869 625 923 quem
636 849 749 918 divitiae,
764 861 812 908 aut
824 852 943 919 nullum,
953 853 1181 912 autrarissimum
1194 855 1267 912 arbi·

174 962 278 1010 tramur
291 970 357 1008 esse
378 970 486 1019 casum,
501 970 557 1023 quo
577 968 629 1024 pro
649 948 814 1007 defensione
831 951 920 1008 solius
940 951 1054 1008 honoris
1074 951 1140 1008 licet
1153 971 1265 1030 aggres-

173 1070 267 1108 sorem
287 1042 495 1108 11111111111.”2
535 1048 680 1120 Equidem
701 1048 803 1106 honori
820 1049 888 1106 alias
902 1051 1011 1106 consuli
1025 1059 1133 1124 potest;
1154 1061 1183 1108 et
1194 1071 1266 1110 vana

173 1150 322 1208 hominum
334 1149 481 1206 estimatio
492 1167 548 1220 qua
561 1146 684 1204 vindicta
695 1147 771 1204 laudi
785 1147 903 1205 habetur
916 1148 997 1206 nihili
1011 1157 1055 1205 est
1067 1149 1206 1208 facienda.

215 1253 282 1306 108.
303 1247 454 1323 Inculpata
467 1247 551 1303 tutela
562 1247 662 1321 exigit,
677 1254 708 1302 ut
721 1246 746 1303 si
763 1248 826 1317 quis
849 1246 932 1314 fuste,
947 1247 993 1304 vel
1005 1247 1068 1306 solo
1081 1249 1206 1318 vulnere,
1220 1250 1265 1307 vel

177 1331 369 1424 amputatione
383 1346 502 1413 brachii,
517 1345 561 1403 vel
575 1346 655 1402 aliter
674 1363 769 1402 arcere
792 1346 883 1402 valeat
901 1346 1033 1423 injustam
1055 1348 1124 1414 vim,
1146 1357 1267 1408 mortem

175 1447 358 1506 noninferat.
401 1443 546 1502 Caeterum
569 1445 623 1501 sibi
647 1443 816 1518 plerumque
836 1445 884 1500 vix
907 1447 1056 1504 consulere
1079 1450 1267 1526 potestcujus

176 1547 281 1604 vitain
303 1544 466 1602 discrimine
488 1551 540 1610 est,
554 1543 610 1601 nisi
632 1561 828 1620 aggressuram
850 1543 1008 1601 interficiat.
1052 1545 1162 1622 Fugere
1176 1545 1268 1616 debet,

179 1644 279 1702 saltem
293 1644 339 1700 cui
352 1643 481 1702 dedecori
494 1660 553 1700 non
565 1642 646 1709 foret,
661 1643 686 1698 si
700 1639 853 1699 discrimen
866 1643 932 1720 suga
944 1644 1063 1701 evadere
1077 1646 1186 1720 possit:
1202 1665 1268 1718 qua·
1353 1699 1360 1716 ,

180 1751 299 1820 propter
311 1742 406 1798 clerici
413 1751 440 1798 et
449 1740 573 1817 religiosi
587 1739 742 1797 excusandi
756 1743 916 1799 nullatenus
930 1742 1022 1800 forent
1034 1745 1069 1809 si,
1081 1742 1148 1800 dum
1162 1763 1193 1802 se
1204 1745 1270 1820 fuga

180 1842 264 1900 facile
288 1859 398 1898 servare
420 1847 546 1917 possent,
559 1857 739 1916 aggressores
751 1840 950 1897 interficerent.
981 1842 1082 1908 Ebrio,
1096 1842 1140 1898 vel
1154 1845 1270 1909 amenti,

182 1943 319 2019 injustam
331 1940 389 1996 1111
402 1939 543 2005 inserenti,
567 1939 763 2009 unusquisque
786 1938 870 1996 debet
892 1938 959 2014 suga
981 1959 1012 1996 se
1026 1939 1193 2009 subducere,
1208 1960 1271 2012 quae

179 2040 284 2118 probro
297 2038 371 2096 haud
385 2040 466 2106 soret,
482 2037 674 2114 potiusquam
689 2046 777 2096 morte
791 2057 858 2096 eum
871 2038 1015 2096 mulctare.
1058 2038 1129 2096 Post
1139 2040 1271 2115 injuriam

175 2143 237 2218 jam
259 2139 408 2214 irrogatam
429 2148 505 2196 certe
527 2154 584 2192 non
604 2135 671 2192 licet
690 2135 744 2194 sibi
759 2147 847 2195 morte
867 2140 1016 2215 irrogantis
1030 2139 1191 2196 satisfacere
1204 2159 1271 2198 nam

178 2238 300 2296 vindicta
314 2237 425 2295 Christi
445 2238 509 2312 lege
523 2244 646 2292 vetatur:
668 2254 721 2291 nec
741 2236 807 2294 licet
827 2239 998 2296 calumniam
1020 2239 1131 2296 illaturo
1151 2249 1271 2296 mortem

180 2341 314 2414 irrogare,
330 2356 419 2408 quum
433 2345 513 2394 atrox
526 2334 611 2390 nimis
626 2335 662 2390 sit
673 2335 735 2392 haec
745 2337 848 2394 samam
862 2336 958 2394 tuendi
971 2340 1051 2396 ratio.
1076 2339 1217 2396 Damnata
1230 2338 1271 2396 id·

181 2439 256 2496 circo
270 2447 313 2493 est
326 2437 360 2493 ab
375 2435 544 2494 Innocentio
558 2433 612 2506 XI.
627 2436 800 2510 propositio:
824 2444 842 2470 ‘⁶
853 2437 908 2494 Fas
919 2446 962 2494 est
974 2439 1034 2494 viro
1048 2437 1184 2496 honorato
1198 2440 1272 2495 occi·

180 2537 244 2594 dere
254 2537 426 2604 invasorem,
439 2536 488 2608 qui
502 2534 598 2590 nititur
607 2533 777 2591 calumniam
791 2535 903 2602 inferre,
918 2537 941 2593 si
955 2537 1034 2594 aliter
1045 2537 1105 2594 haec
1116 2538 1273 2612 ignominia

180 2637 263 2693 vitari
277 2635 391 2706 nequit:
414 2635 490 2691 idem
504 2650 616 2705 quoque
632 2631 795 2701 dicendum,
810 2635 833 2692 si
852 2636 918 2705 quis
939 2636 1077 2709 impingat
1096 2638 1217 2710 alapam,
1231 2635 1276 2690 vel

181 2735 256 2792 suste
271 2734 427 2807 percutiat3
448 2742 476 2788 et
487 2741 550 2807 post
559 2732 713 2806 impactam
728 2731 848 2806 alapam,
868 2733 913 2788 vel
927 2735 1013 2788 ictum
1026 2733 1108 2791 sustis
1122 2723 1258 2806 fugiat.”³

226 2835 293 2888 109.
316 2831 366 2888 Ex
380 2831 441 2888 aliis
455 2830 590 2888 damnatis
605 2817 850 2906 propositionibus
875 2850 945 2902 quas
965 2830 1081 2886 recitare
1097 2832 1187 2907 juvat,
1202 2839 1278 2888 certa

183 2931 313 3005 quaedam
327 2932 381 2988 hac
395 2931 424 2988 in
443 2950 473 2987 re
486 2932 629 3006 principia
642 2931 821 3006 colliguntur.
864 2935 913 2988 31.
936 2939 955 2964 “
965 2930 1142 3006 Regulariter
1161 2949 1278 3006 possum

184 3030 314 3090 occidere
329 3031 421 3088 furem
435 3049 486 3105 pro
499 3031 713 3087 conservatione
733 3033 818 3089 unius
842 3029 951 3088 aurei.'’
994 3035 1043 3089 32.
1066 3033 1164 3088 “Non
1186 3032 1279 3088 solum

185 3131 295 3188 licitum
310 3139 355 3188 est
368 3128 520 3187 defendere
531 3129 697 3186 defensione
712 3131 835 3187 occisiva
855 3151 918 3202 quae
939 3139 1001 3188 actu
1022 3131 1213 3206 possidemus,
1228 3129 1279 3187 sed

186 3231 269 3287 etiarn
283 3230 318 3286 ad
333 3249 396 3301 quae
407 3231 457 3306 jus
471 3229 635 3286 inchoatum
648 3229 795 3296 habemus,
805 3240 833 3286 et
847 3251 909 3302 quaa
923 3249 975 3286 nos
990 3249 1173 3305 possessuros
1188 3249 1281 3304 spera·

187 3329 282 3386 mus.’'
326 3333 376 3386 33.
401 3337 420 3363 ‘⁶
430 3329 554 3385 Licitum
568 3337 611 3384 est
625 3335 682 3384 tarn
699 3327 808 3394 heredi,
823 3349 908 3400 quam
921 3329 1055 3404 legatario
1069 3337 1163 3387 contra
1177 3329 1281 3405 injuste

187 3427 391 3504 impedientem
410 3447 445 3484 ne
460 3428 505 3484 vel
517 3427 666 3484 haereditas
681 3428 805 3493 adeatur,
821 3429 865 3484 vel
877 3429 968 3502 legata
982 3428 1136 3493 solvantur,
1149 3447 1179 3482 se
1194 3427 1284 3482 taliter

188 3525 356 3596 defendere3
371 3529 447 3584 sicut
460 3536 488 3582 et
496 3528 545 3602 jus
560 3527 675 3583 habenti
688 3527 717 3582 in
733 3525 905 3592 cathedram,
920 3524 965 3581 vel
985 3525 1174 3598 praebendam,
1189 3531 1284 3579 contra

190 3643 288 3681 aarum
309 3627 522 3700 possessionem
536 3625 641 3702 injuste
655 3623 892 3700 impedientem.'’
935 3623 1097 3699 Propositio
1123 3627 1168 3680 18.
1184 3623 1217 3678 ab
1237 3621 1285 3680 Al·

190 3723 315 3781 exandro
343 3725 427 3783 VIII.
457 3724 603 3782 damnata:
637 3725 747 3781 “Licet
767 3725 924 3782 interficere
950 3723 1052 3780 falsum
1080 3732 1282 3790 accusatorem,

224 3943 264 4008 (l)
286 3945 324 3992 De
332 3945 391 4008 just.
404 3951 428 3993 et
436 3945 491 4008 jure
503 3947 517 4002 ξ
536 3943 561 3992 11.
573 3959 594 3992 c.
607 3945 641 3992 ir.
650 3943 715 3995 Dub.
727 3944 769 3994 rii.

224 4027 265 4091 (2)
285 4027 314 4076 ln
327 4031 350 4075 2.
363 4033 386 4077 2.
399 4045 439 4092 qu.
453 4029 492 4076 64.
509 4036 554 4078 art.
569 4033 592 4077 7.
604 4045 645 4091 qn.
658 4031 682 4079 9.
716 4029 753 4077 Ita
764 4035 788 4076 et
806 4027 897 4091 Mayol.
906 4026 1000 4089 Expos.
1013 4042 1035 4072 v.
1049 4041 1115 4088 prosc.
1129 4034 1172 4074 art.
1187 4027 1218 4076 vi.
1233 4030 1245 4084 ξ
1259 4031 1282 4076 4.

188 4097 232 4159 col.
244 4113 302 4159 436.
321 4113 396 4176 Paley
410 4113 484 4162 dicit:
514 4113 601 4162 “This
619 4113 703 4175 liberty
716 4114 737 4160 is
756 4111 886 4160 restrained
905 4119 930 4160 to
942 4125 1018 4163 cases,
1036 4109 1060 4158 11
1074 4110 1155 4158 which
1174 4127 1205 4159 no
1218 4112 1287 4161 other

190 4198 303 4260 probsble
316 4215 401 4246 means
421 4199 449 4246 of
461 4201 604 4263 preserving
622 4216 667 4248 our
684 4200 724 4248 lise
743 4197 842 4256 romain,
860 4213 887 4244 as
906 4195 984 4256 ssight,
996 4196 1085 4256 calling
1097 4196 1133 4244 for
1146 4197 1287 4256 assistance,

190 4281 324 4342 disarrning
333 4283 373 4330 the
386 4285 524 4348 adversam,
537 4283 602 4334 &c.'’
638 4282 667 4332 L.
679 4284 714 4332 111.
725 4299 749 4346 p.
761 4281 785 4332 11.
798 4282 836 4331 ch.
849 4281 864 4330 i.
877 4279 959 4331 More!
975 4278 1136 4346 Philosophy.

226 4369 268 4436 (3)
290 4368 364 4434 Prop.
377 4387 436 4419 xxx.
