3146 5266
243 543 281 597 54
447 533 504 593 DE
526 530 786 593 SENTENTIIS
808 527 1122 590 PROBABILIBUS.

285 705 335 762 29.
365 699 400 760 ln
418 698 536 776 judiciis
559 699 655 756 minus
677 696 852 774 probabilem
874 696 1044 754 sententiam
1066 696 1149 768 sequi
1170 715 1231 756 non
1252 697 1337 756 lieet:

246 821 313 860 nam
326 800 372 857 vel
385 808 489 856 certam
503 806 531 855 et
543 798 688 875 probatam
706 797 748 854 rei
761 797 917 862 veritatem,
931 794 977 851 vel
997 813 1060 868 quae
1079 793 1227 854 adrerum
1248 797 1340 873 magis

250 898 359 958 accedit
370 898 539 956 sententiam
553 897 636 954 debet
655 898 735 967 sequi
756 895 863 972 judex3
885 894 934 965 qui
944 893 1075 970 injuriam
1089 893 1194 952 faceret
1205 897 1277 972 parti
1290 914 1341 972 po·

249 1000 322 1066 tion,
337 998 362 1054 si
376 997 454 1054 alteri
467 998 578 1054 minora
590 995 704 1053 habenti
717 1003 862 1053 momenta
873 992 1013 1052 rationum
1027 994 1141 1051 faveret.
1172 993 1251 1052 Hinc
1265 993 1341 1054 dam-

248 1107 312 1157 nata
335 1105 378 1152 est
396 1096 462 1171 jure
486 1096 595 1171 optimo
618 1095 793 1170 propositio:
823 1090 1042 1151 “Probabiliter
1063 1092 1198 1152 existimo
1213 1092 1342 1171 judicem

249 1214 335 1274 posse
345 1193 473 1271 judicare
486 1196 570 1272 juxta
588 1194 754 1270 opinionem
774 1193 858 1250 etiam
872 1191 967 1249 minus
987 1184 1212 1268 probabilem.”1
1252 1193 1343 1249 Antea

251 1295 432 1352 damnaverat
443 1291 606 1351 Alexander
625 1292 694 1350 Vll.
709 1293 878 1350 senteutiam
897 1290 974 1348 haud
994 1289 1169 1359 absimilem3
1191 1289 1342 1357 “Quando

251 1395 393 1469 litigantes
407 1391 512 1450 liabent
524 1410 575 1467 pro
589 1410 619 1447 se
633 1392 784 1467 opiniones
797 1408 877 1462 aeque
891 1389 1060 1466 probabiles,
1081 1398 1174 1464 potest
1189 1387 1279 1466 judex
1292 1405 1342 1464 pe·

252 1493 365 1552 cuniam
379 1492 509 1567 accipere
523 1509 574 1566 pro
588 1489 703 1547 ferenda
715 1490 852 1546 sententia
864 1490 895 1546 in
909 1488 1034 1546 favorem
1054 1489 1139 1546 unius
1159 1506 1217 1564 prae
1239 1480 1344 1546 alio.’'²

252 1593 285 1652 ln
295 1589 414 1668 judiciis
428 1589 463 1646 de
476 1589 642 1646 criminibus
655 1607 703 1646 reo
718 1587 868 1645 favendum
888 1586 966 1662 leges
988 1587 1144 1645 decernunt
1164 1595 1183 1622 ‘⁶
1192 1586 1343 1659 unusquis·

253 1708 308 1764 que
322 1688 399 1744 enim
413 1687 573 1746 naturaliter
585 1687 763 1762 presumitur
775 1684 887 1745 bonus’'
900 1678 923 1753 ;³
942 1694 970 1742 et
990 1694 1009 1721 ‘⁴
1018 1686 1105 1743 satius
1119 1695 1162 1743 est
1174 1686 1346 1762 impunitum

250 1787 372 1858 relinqui
385 1785 494 1845 lacinus
509 1804 594 1858 quam
607 1787 789 1844 innocentem
803 1777 986 1842 damnare.”⁴
1019 1783 1126 1844 “Cum
1139 1794 1205 1844 sunt
1217 1785 1344 1861 partium

248 1891 314 1965 jura
326 1886 454 1955 obscura,
468 1904 518 1944 reo
531 1884 683 1943 favendum
697 1894 740 1942 est
753 1885 848 1961 potius
863 1902 947 1955 quam
962 1880 1098 1940 actori.‘’⁵
1170 1875 1175 1884 ’

293 1990 343 2044 30.
364 1984 486 2050 Quando
500 1985 591 2060 agitur
605 1984 639 2041 de
653 1992 765 2041 actuum
779 1984 936 2048 honestate,
958 1982 982 2037 si
998 1981 1115 2039 diversae
1130 1983 1188 2040 sint
1201 1980 1346 2056 theologo·

254 2104 317 2143 rum
331 2085 487 2150 sententiae,
498 2081 623 2158 pondere
633 2084 774 2140 rationum
785 2093 812 2140 ct
822 2082 969 2139 doctomm
980 2081 1122 2156 suffragiis
1133 2078 1346 2146 commendatae,

255 2201 307 2242 nec
322 2181 462 2238 Ecclesia
471 2180 612 2258 judicium
626 2181 765 2255 prolatum
785 2182 878 2249 fuerit,
893 2181 997 2256 poterit
1009 2179 1200 2239 confessarius
1213 2180 1304 2238 sinere
1317 2185 1350 2235 ut

256 2282 397 2359 poenitens
420 2297 468 2336 eas
490 2298 543 2355 pro
566 2280 746 2338 conscientia
768 2301 826 2340 suae
849 2279 1001 2337 dictamine
1022 2289 1174 2351 sequatur:
1195 2298 1248 2338 nec
1271 2277 1349 2333 enim

256 2383 321 2439 ilius
335 2386 378 2434 est
394 2389 502 2435 certum
516 2377 551 2434 dc
572 2379 656 2436 rebus
677 2380 865 2438 controversis
883 2379 954 2436 serre
971 2379 1123 2455 judicium.
1165 2378 1275 2436 Poterit
1286 2376 1349 2452 ipse

257 2499 293 2536 ex
307 2478 456 2534 sententiis
475 2475 640 2552 hujusmodi
661 2495 708 2532 eas
729 2479 858 2554 seligere,
882 2496 945 2548 quae
964 2478 1161 2552 poenitentium
1182 2474 1348 2539 conditioni,

257 2576 354 2644 indoli,
370 2585 398 2633 et
411 2576 499 2633 animi
512 2574 694 2650 dispositioni
713 2578 804 2654 magis
825 2575 1083 2644 accommodentur,
1096 2592 1219 2647 eumque
1240 2593 1257 2630 a
1277 2571 1351 2648 peri·

256 2677 320 2734 culo
334 2672 596 2756 peccatisormab‘s
617 2675 709 2752 magis
730 2675 834 2734 saciant
853 2676 986 2734 alienum.
1029 2677 1078 2733 Sic
1091 2675 1116 2731 si
1135 2674 1246 2732 noverit
1259 2672 1350 2748 poeui-

257 2786 362 2834 tentem
377 2775 524 2848 aliquanti
538 2773 753 2844 consuetudine,
768 2795 832 2848 quae
852 2774 991 2849 theologis
1004 2773 1149 2834 nonnullis
1162 2772 1350 2850 improbetur,

257 2875 319 2932 aliis
333 2887 436 2940 tamen,
451 2874 585 2948 gravibus
599 2883 627 2930 et
640 2874 741 2940 doctis,
755 2877 882 2950 probata,
903 2875 1072 2932 sententiam
1085 2874 1226 2931 mitiorem
1249 2869 1353 2946 poterit

258 2971 400 3037 adhibere,
415 2971 440 3027 si
452 2971 569 3046 rigidior
589 2969 687 3027 afferat
706 2973 734 3029 ei
754 2972 852 3050 lapsus
866 2971 1036 3048 periculum.
1079 2973 1129 3030 Sic
1142 2974 1232 3050 pictcr
1245 2969 1290 3026 die
1303 2966 1352 3025 do·

258 3071 364 3127 minica
377 3069 483 3140 absque
505 3069 626 3126 aliorum
647 3068 805 3130 offensione
818 3090 921 3128 vacans
942 3090 1000 3128 suae
1020 3073 1081 3139 arti,
1096 3080 1161 3147 post
1181 3069 1274 3128 officia
1293 3067 1352 3142 pie·

259 3170 321 3227 tatis
335 3177 457 3244 peracta,
472 3186 531 3225 non
544 3169 598 3226 erit
610 3167 757 3244 cogendus
771 3170 806 3228 ad
821 3170 1055 3229 consuetudinem
1069 3170 1142 3228 hano
1156 3167 1350 3227 deserendam.

298 3271 347 3324 31.
369 3265 500 3342 Rigidior
513 3275 557 3323 est
569 3265 728 3326 adhibenda
740 3271 887 3336 sententia,
903 3271 1014 3342 quotics
1034 3269 1183 3346 benignior
1195 3266 1354 3344 periculum

258 3367 354 3442 lapsus
378 3364 467 3421 affert.
509 3365 620 3423 Idcirco
639 3386 697 3425 non
725 3369 806 3427 facile
829 3368 1016 3425 absolvendus
1039 3369 1092 3425 erit
1111 3369 1161 3440 qui
1175 3367 1354 3425 occasionem

258 3463 396 3542 peccandi
410 3463 509 3539 procul
522 3484 538 3521 a
551 3483 582 3522 se
602 3484 662 3524 non
681 3468 784 3545 abjicit,
806 3468 910 3526 famam
931 3475 1101 3544 praetexens,
1116 3475 1145 3524 et
1157 3465 1296 3542 malignos
1309 3481 1354 3520 ru-

259 3583 364 3622 mores.

300 3667 349 3719 32.
372 3661 498 3724 Quilibet
518 3671 636 3736 peccato
658 3665 794 3722 immunis
821 3663 930 3721 videtur
956 3663 1023 3720 dum
1049 3665 1176 3736 sequitur
1201 3662 1355 3720 sententias

260 3776 359 3834 graves
382 3766 410 3813 et
429 3758 598 3832 probabiles,
613 3760 655 3816 rei
674 3763 789 3818 veritate
803 3761 879 3818 haud
893 3759 967 3818 certd
981 3762 1189 3819 innotescente:
1211 3779 1277 3819 nam
1291 3777 1356 3835 pru·

260 3855 358 3915 denter
372 3857 438 3933 agit,
453 3856 584 3932 gravibus
598 3860 751 3915 momentis
765 3859 907 3917 rationum
927 3859 1024 3928 fretus,
1039 3862 1085 3919 vel
1101 3861 1227 3937 insignes
1241 3867 1356 3915 secutus

260 3954 418 4032 theologos,
441 3973 561 4028 quorum
581 3956 735 4014 sententias
756 3976 822 4015 suas
842 3957 917 4027 facit,
939 3960 1006 4017 tanti
1032 3962 1139 4038 quippe
1165 3958 1232 4016 sacit
1257 3974 1356 4016 eorum
