3146 5266
283 507 322 560 50
562 496 619 558 DE
642 492 936 554 CONSOIENTIA
955 493 1095 556 DUBIA.

281 679 326 728 tir
337 665 503 741 conjugium
516 660 642 720 dubium.
683 657 917 719 Praesumendum
931 660 1114 736 penitentem
1128 663 1177 734 qui
1191 659 1297 738 pluries
1311 681 1376 722 con·

285 765 411 826 scicntiae
430 761 551 820 latebras
571 779 751 836 magnacum
772 759 918 835 diligentia
937 759 1054 827 detexit,
1068 762 1237 836 exposuisse
1250 772 1376 838 peccata,

284 865 383 924 saltem
397 862 450 921 sub
463 859 586 936 generali
606 859 728 932 quodam
741 861 845 936 capite,
860 857 1010 930 dequibus
1024 867 1197 919 tamencum
1217 860 1310 936 pulsat
1328 860 1377 918 du·

284 964 391 1024 bitatio.
412 961 491 1020 Huic
503 959 607 1038 regulae
621 954 713 1016 affinis
726 968 770 1016 est
782 958 882 1016 altera:
905 959 1103 1035 “inspicimus
1116 960 1147 1017 in
1159 959 1286 1018 obscuris
1301 958 1376 1032 quod

288 1072 332 1122 est
343 1059 544 1126 verosimilius,
558 1058 605 1115 vel
614 1057 691 1129 quod
704 1058 870 1134 plerumque
883 1056 945 1115 fieri
958 1049 1152 1116 consuevit.”1

325 1164 377 1219 21.
399 1169 418 1197 “
430 1158 470 1219 In
490 1157 591 1218 dubiis
611 1157 663 1216 via
683 1163 727 1215 est
746 1154 886 1235 eligenda
912 1147 1057 1214 tutior.”²
1097 1155 1241 1229 Equidem
1268 1155 1378 1229 quoties

288 1260 424 1319 dubitatio
443 1258 560 1334 respicit
579 1275 639 1313 rem
660 1259 764 1315 summi
783 1257 930 1324 momenti,
951 1256 1107 1332 presertim
1127 1257 1227 1313 animae
1248 1256 1377 1322 salutem,

287 1359 372 1416 urtior
384 1357 504 1417 omnino
518 1355 649 1432 eligenda
661 1363 704 1412 est
717 1375 798 1432 pars:
820 1373 886 1414 nam
900 1354 968 1412 alias
982 1355 1046 1427 quis
1063 1373 1094 1412 se
1108 1363 1211 1412 temere
1225 1361 1379 1430 exponeret

287 1457 386 1516 salutis
406 1455 574 1515 discrimini.
617 1454 676 1519 Qui
696 1454 803 1513 dubitat
820 1463 913 1512 utrum
933 1454 1089 1529 baptismus
1103 1454 1140 1511 sit
1152 1452 1186 1510 ad
1199 1453 1317 1510 salutem
1331 1469 1379 1508 ne·

286 1557 436 1624 cesserim,
451 1554 607 1612 debetcum
622 1553 777 1628 suscipere,
791 1555 1053 1628 postnecersariam
1064 1552 1277 1611 institutionem.
1319 1549 1378 1608 Du·

283 1655 375 1712 bitans
398 1654 519 1730 graviter
540 1650 575 1708 de
597 1652 732 1727 baptismi
753 1653 877 1727 suscepti
894 1651 999 1719 valore,
1020 1652 1102 1709 debet
1123 1652 1223 1708 iterum
1246 1660 1378 1726 expetere

290 1753 445 1820 lavacrum,
458 1770 494 1810 ne
507 1751 579 1808 forte
589 1751 682 1823 aliqua
694 1757 770 1806 tanto
783 1750 880 1807 salutis
893 1749 1020 1807 subsidio
1034 1759 1134 1806 careat.
1156 1747 1277 1814 Quando
1289 1749 1380 1824 agitur

293 1851 328 1910 de
342 1860 580 1910 sacramentorum
593 1850 687 1906 valore
701 1848 785 1906 tutior
798 1846 928 1923 eligenda
937 1857 980 1903 est
993 1866 1068 1924 pars,
1079 1867 1114 1904 ne
1124 1846 1232 1904 Christi
1241 1847 1380 1904 institutio

291 1951 375 2027 culpa
397 1959 492 2008 nostra
513 1949 562 2006 fiat
582 1949 667 2014 irrita,
688 1947 763 2004 haud
783 1947 844 2003 sine
866 1946 1019 2022 majestatis
1039 1948 1101 2023 ejus
1114 1939 1288 2022 dispendio.³
1329 1945 1379 2003 Sic

291 2049 422 2107 dubitans
435 2057 529 2106 utrum
541 2046 640 2103 vinum
654 2044 795 2116 quoddam
809 2063 906 2102 verum
929 2045 1010 2113 foret,
1024 2063 1081 2103 non
1098 2053 1204 2122 posset,
1224 2053 1299 2102 certo
1312 2046 1380 2102 vino

290 2147 460 2223 postposito,
472 2142 542 2201 illud
554 2143 585 2199 in
597 2142 735 2200 sacrificio
749 2142 891 2199 adhibere.
921 2143 1042 2210 Quando
1055 2143 1186 2202 scandala
1198 2145 1380 2220 gravioraque

290 2245 366 2303 mala
386 2245 544 2309 imminent,
562 2243 647 2299 tutior
666 2241 796 2318 eligenda
814 2252 857 2298 ert
877 2261 941 2318 pars
965 2261 1020 2315 qua
1037 2244 1182 2311 evitentur,
1203 2251 1234 2300 ut
1253 2244 1381 2300 omnium

291 2342 453 2400 consulatur
471 2340 592 2398 utilitati.
635 2339 714 2398 Hinc
735 2359 823 2412 quum
844 2342 995 2417 episcopus
1016 2341 1141 2414 quidam,
1161 2341 1288 2418 neglecta
1306 2342 1381 2399 fama

289 2442 403 2517 publica
415 2440 450 2498 de
464 2440 757 2498 excommunicatione
770 2441 801 2497 in
814 2457 880 2498 eum
892 2439 956 2509 lata,
968 2460 1078 2500 sacrum
1091 2441 1268 2506 celebrasset,
1280 2440 1380 2499 dubios

290 2539 399 2598 habens
413 2541 535 2616 perlatos
549 2537 583 2595 ad
597 2557 627 2596 se
641 2555 779 2605 rumores,
800 2557 865 2596 eum
885 2538 1016 2614 deposuit
1036 2540 1216 2598 innocentius
1236 2538 1304 2608 ΙΙΙ.,
1324 2541 1381 2597 ani·

290 2638 488 2697 madvertens:
511 2639 607 2710 “quia
626 2639 658 2696 in
677 2636 769 2694 dubiis
789 2638 835 2694 via
854 2639 938 2696 tutior
957 2649 1000 2697 est
1018 2639 1155 2716 eligenda,
1169 2637 1222 2694 etsi
1234 2636 1270 2694 de
1282 2638 1339 2696 lata
1351 2640 1381 2696 in

292 2757 359 2797 eum
373 2739 511 2797 sententia
524 2736 670 2806 dubitaret,
685 2735 817 2795 debuerat
828 2747 922 2795 tamem
935 2739 1029 2815 potius
1043 2738 1179 2796 abstinere
1194 2754 1280 2810 quam
1292 2755 1381 2795 saera·

292 2847 388 2896 menta
400 2839 539 2896 Ecclesiae
552 2829 741 2894 celebrare.'’⁴
760 2836 881 2900 Quando
890 2835 1023 2894 dubitatio
1031 2846 1156 2894 versatur
1162 2837 1236 2894 circa
1245 2836 1380 2894 damnum

183 2956 188 2969 .
291 2935 370 2991 alteri
386 2936 533 3000 oriturum,
547 2935 631 2990 tutior
643 2931 773 3008 eligenda
785 2943 828 2990 est
841 2953 916 3010 pars,
930 2952 966 2990 ne
988 2944 1092 2992 temere
1115 2934 1224 3011 agendo
1237 2937 1382 2993 innocenti

290 3049 457 3089 noceamus.
499 3030 578 3088 Hinc
604 3030 734 3087 dubitans
759 3039 853 3089 utrum
879 3031 996 3090 domum
1022 3051 1103 3090 suam
1128 3033 1275 3101 diruendo,
1295 3035 1382 3091 vicini

293 3128 447 3186 edificium
461 3129 644 3196 subvertatur,
659 3145 716 3185 non
729 3126 812 3185 debet
830 3130 919 3188 invito
939 3132 1033 3189 vicino
1052 3131 1149 3189 tollere
1168 3133 1313 3207 parietem,
1337 3132 1382 3188 vel

290 3226 476 3287 fundamenta
489 3225 595 3294 fodere,
610 3225 680 3283 adeo
699 3235 731 3284 ut
750 3226 851 3287 domus
871 3228 1051 3304 periclitetur.
1094 3229 1151 3296 Qui
1171 3229 1277 3288 dubitat
1288 3239 1382 3288 utrum

291 3326 436 3385 medicina
447 3326 560 3384 infirmo
574 3326 694 3402 graviter
715 3327 842 3384 nocitura
864 3327 909 3393 sit,
932 3345 990 3384 non
1009 3327 1092 3385 debet
1103 3347 1165 3386 eam
1179 3330 1313 3404 praebere,
1327 3330 1382 3386 nisi

294 3426 348 3484 alio
362 3426 442 3484 omni
454 3425 603 3483 deficiente
615 3423 751 3492 remedio,
765 3433 842 3482 etex
855 3425 916 3501 ejus
930 3444 1082 3484 consensu.
1104 3428 1137 3483 Si
1150 3427 1255 3503 dejure
1269 3428 1381 3485 alterius

293 3534 390 3602 agatur
403 3525 429 3583 ei
443 3523 671 3584 satisfaciendum
685 3532 737 3591 est,
751 3543 787 3581 ne
801 3521 930 3601 negando
943 3524 992 3581 fiat
1004 3525 1123 3602 injuria:
1145 3545 1227 3582 secus
1241 3526 1326 3582 tutius
1340 3535 1383 3582 est

291 3624 432 3682 abstinere
446 3625 481 3680 ab
494 3632 557 3680 actu
574 3641 660 3694 quem
673 3641 730 3680 non
744 3632 852 3681 constat
868 3623 964 3682 licere.
1006 3624 1056 3681 Sic
1076 3643 1138 3697 quae
1158 3624 1233 3682 mala
1251 3623 1307 3681 fide
1321 3625 1383 3682 iniit

291 3720 466 3797 conjugium,
487 3718 523 3777 de
537 3720 638 3794 prioris
652 3720 782 3796 conjugis
795 3731 885 3778 morte
898 3721 1014 3789 incerta,
1027 3740 1085 3780 non
1097 3723 1180 3780 debet
1192 3722 1276 3780 dubia
1288 3731 1382 3798 petere

289 3837 395 3877 munus
410 3817 556 3895 conjugii:
578 3816 628 3873 red
642 3834 744 3892 negare
758 3820 856 3891 nequit
876 3818 937 3877 viro
957 3821 1072 3896 petenti,
1087 3823 1135 3894 qui
1155 3823 1231 3880 bona
1249 3820 1305 3878 fide
1319 3839 1381 3878 eam

292 3917 383 3987 duxit,
405 3918 461 3976 nisi
473 3925 583 3976 constet
600 3915 723 3992 priorem
745 3917 896 3994 conjugem
918 3917 1010 3977 adhuc
1030 3920 1060 3977 in
1079 3921 1151 3977 vivis
1171 3937 1251 3977 esse:
1274 3928 1294 3955 ‘⁶
1305 3917 1382 3976 Cum

522 4160 565 4225 (1)
584 4159 645 4221 Reg.
657 4159 706 4208 xlv.
715 4157 730 4208 J
733 4158 789 4208 uris.

524 4243 567 4307 (2)
586 4239 870 4307 Cap.1llud,declerico
885 4243 1105 4294 excommunicato.

523 4327 565 4390 (3)
586 4326 659 4389 Prop.
671 4327 687 4378 i.
699 4327 762 4376 inter
775 4329 903 4377 damnatas
912 4329 942 4378 ab
953 4327 1088 4378 innocente
1099 4327 1133 4376 xi.

521 4411 561 4474 (4)
579 4411 640 4474 Cap.
650 4409 727 4468 Illud,
738 4413 780 4460 ubi
790 4428 871 4476 supra.
