3068 5256
241 496 297 551 148
533 487 590 548 DE
612 485 783 547 ocTAvo
803 485 1056 548 PRAECEP'PO.

238 659 493 740 propugnantibus,
508 653 763 714 contradicentibus
783 655 855 714 aliis.
898 653 944 711 De
957 671 1010 711 usu
1025 655 1236 716 restrictionum
1250 677 1332 718 men·

237 761 336 820 talium
349 777 383 816 ea
395 758 545 816 occasione
557 756 643 813 etiam
657 753 839 830 disputatum.

283 862 349 916 183.
372 855 467 914 Voces
481 873 531 913 seu
546 853 692 913 sententia
713 854 865 925 aequivocae
886 869 926 910 eae
946 863 1014 912 sunt
1034 869 1096 925 quaa
1119 855 1215 932 plures
1229 855 1333 914 admit·

238 968 301 1016 tunt
319 955 504 1032 significatus.
547 955 596 1011 Sic
615 971 674 1011 vox
686 952 798 1019 Latina,
819 951 996 1029 beneficiam
1019 951 1160 1029 significat
1173 952 1331 1034 savorem,

228 1055 373 1138 seudum,
388 1067 416 1112 et
429 1052 641 1113 ecclesiasticos
655 1058 843 1129 proventus.-
863 1066 922 1108 vox
935 1051 1112 1129 provisions
1132 1052 1206 1128 apud
1220 1055 1333 1131 Anglos

240 1164 427 1222 commeatus,
441 1172 491 1212 seu
506 1155 595 1219 cibos,
609 1151 778 1228 plerumque
792 1150 951 1228 significat3
973 1149 1065 1208 sedin
1081 1151 1144 1228 lege
1165 1153 1235 1210 olim
1248 1171 1333 1211 usur-

239 1265 304 1332 pata
313 1266 357 1312 est
366 1253 553 1312 debenefrciis
563 1253 592 1310 in
603 1249 820 1308 ouriaRomana
830 1250 996 1324 impetrati.
1024 1249 1050 1307 E
1075 1252 1332 1327 emplumrespon-

241 1355 331 1412 sionis
345 1353 482 1428 ambigna
496 1352 526 1409 in
539 1351 597 1410 vita
610 1351 641 1406 S.
651 1349 800 1406 Athanasii
810 1349 941 1414 occurrit,
956 1365 1046 1420 quum
1057 1350 1133 1407 enim
1147 1350 1333 1422 insequentes

240 1452 364 1528 effugere
386 1451 548 1527 desperaret
566 1451 631 1508 navi
650 1465 795 1516 conversa,
811 1465 910 1505 versus
931 1447 1132 1506 Alexandriam
1153 1448 1279 1516 tetendit,
1301 1459 1331 1507 et

239 1554 425 1626 interrogatus
439 1567 525 1622 quarn
546 1548 645 1624 procul
659 1548 832 1605 Athanasius
852 1548 974 1612 abesset,
994 1545 1141 1622 respondit
1159 1565 1226 1605 eum
1240 1567 1331 1624 prope

240 1644 329 1706 essc.¹
369 1647 553 1726 Prophetom
576 1666 607 1704 se
626 1664 690 1704 esse
712 1645 826 1721 negavit
845 1645 984 1712 ioannes,
1008 1663 1108 1703 vocem
1130 1645 1165 1703 de
1186 1659 1248 1703 vate
1269 1650 1330 1719 qui,

240 1757 366 1806 veterum
389 1765 480 1814 more,
499 1747 557 1806 sata
578 1746 761 1822 imperiorum
782 1754 905 1812 caneret,
919 1755 948 1802 et
969 1761 1069 1800 arcana
1087 1744 1184 1802 sarculi
1207 1748 1330 1813 ventum,

241 1849 404 1922 accipiens:
426 1865 492 1906 eum
515 1855 609 1904 tamen
627 1845 804 1924 prophetam
827 1861 891 1900 esse
917 1842 1066 1900 affirmavit
1091 1841 1236 1911 Christus,
1262 1847 1332 1916 quia

242 1966 340 2004 revera
352 1949 416 2024 ejus
430 1947 626 2023 praenuntiavit
638 1945 799 2003 adventum.

283 2049 350 2102 184.
370 2045 534 2104 Reatra'cta‘o
543 2063 621 2121 pare
640 2042 780 2102 mentalis
793 2044 949 2100 estmentis
962 2042 1073 2100 occulta
1086 2042 1214 2100 definitio
1228 2061 1331 2101 vocum

243 2162 305 2214 qua
319 2143 422 2200 falsum
444 2145 600 2211 enuntiant,
614 2162 670 2215 qua
692 2141 727 2198 ad
749 2159 847 2199 verum
868 2159 984 2198 sensum
1005 2141 1233 2208 determinantur,
1258 2144 1331 2213 quin

242 2242 382 2301 ullatenus
396 2243 516 2319 intelligi
529 2243 620 2319 possit
632 2243 665 2298 ab
680 2239 866 2298 audientibus.
909 2241 958 2297 Sic
978 2241 1027 2312 qui
1041 2252 1072 2298 ut
1083 2259 1114 2297 se
1128 2241 1194 2298 furti
1207 2242 1332 2298 crimine

242 2351 353 2418 purget,
364 2343 441 2417 jurat
451 2361 482 2400 se
496 2341 571 2399 haud
582 2341 700 2398 iuratum
711 2357 774 2396 esse
784 2340 871 2397 ullam
882 2339 1043 2418 pecuniam,
1057 2339 1215 2416 intelligens
1229 2359 1331 2398 aurum

242 2440 288 2497 vel
314 2447 471 2516 argentum,
493 2458 580 2511 quum
607 2439 642 2496 de
668 2437 864 2514 chirographis
890 2446 996 2514 agatur,
1017 2455 1133 2496 sensum
1153 2439 1270 2496 vocibus
1293 2441 1333 2497 al·

240 2539 331 2615 fingit,
353 2557 439 2611 quem
459 2557 544 2598 nemo
563 2546 657 2614 potest
675 2537 823 2613 suspicari.
867 2537 944 2595 Late
962 2534 1103 2595 mentalis
1129 2536 1278 2594 restrictio
1300 2557 1335 2595 ca

241 2648 285 2696 cst
298 2656 354 2711 qua
368 2640 433 2712 quis
447 2639 563 2698 vocibus
584 2656 700 2695 sensum
721 2636 845 2695 adnectit
864 2655 949 2708 quern
969 2634 1044 2694 haud
1064 2635 1258 2711 praeseferunt,
1279 2639 1331 2709 qui

242 2749 337 2797 tamen
351 2757 387 2797 ex
401 2739 540 2817 adjunctis
554 2738 645 2815 possit
657 2737 762 2814 colligi.
804 2735 928 2811 Legatos
949 2734 983 2791 de
1003 2735 1087 2792 rebus
1101 2733 1231 2810 plurimis
1247 2737 1333 2793 inter·

241 2849 368 2914 rogatus,
382 2858 413 2897 se
427 2841 467 2897 nil
487 2839 559 2896 scire
573 2836 735 2912 respondet,
757 2835 823 2907 quia
835 2835 876 2891 nil
889 2833 1156 2892 communicandum
1170 2854 1186 2890 a
1199 2836 1332 2910 principe

241 2955 294 2993 suo
309 2931 444 3009 accepit.2
483 2935 645 2991 Advocatus
658 2934 693 2990 de
707 2935 789 2991 rebus
804 2934 859 2990 sibi
872 2953 888 2990 a
901 2933 1001 2990 cliente
1015 2934 1231 2990 communicatis
1244 2919 1285 2990 nil
1300 2951 1333 2989 se

240 3034 311 3089 scire
326 3033 431 3102 absque
452 3030 601 3089 mendacio
619 3031 774 3108 profitetur,
795 3034 861 3103 quia
881 3050 1013 3090 arcanum
1033 3032 1132 3102 nequit
1148 3031 1263 3098 violare,
1278 3050 1333 3088 nec

242 3137 373 3187 censetur
387 3131 494 3188 ratione
508 3131 633 3188 muneris
647 3131 691 3186 sui
703 3130 793 3202 loqui.

283 3232 351 3285 185.
380 3228 533 3286 Damnavit
554 3230 739 3287 Innocentius
761 3230 816 3288 Xl.
842 3231 1050 3306 propositiones
1073 3239 1242 3301 sequentes:
1266 3237 1285 3264 ‘⁶
1299 3229 1332 3287 Si

239 3330 302 3403 quis
316 3327 362 3386 vel
375 3328 463 3396 solus,
477 3329 523 3386 vel
535 3347 629 3387 coram
645 3327 718 3396 aliis,
732 3331 792 3386 sive
806 3331 1003 3405 interrogatus,
1017 3331 1077 3386 sive
1091 3330 1206 3404 propria
1218 3339 1332 3403 sponte,

241 3430 301 3487 sive
315 3429 497 3487 recreationis
510 3446 605 3495 causa,
619 3428 679 3484 sive
693 3445 874 3499 quocumque
888 3427 944 3484 alio
957 3425 1014 3484 fine
1023 3428 1099 3503 juret
1111 3445 1142 3483 se
1156 3445 1215 3485 non
1228 3427 1332 3484 fecisse

242 3528 358 3600 aliquid,
373 3528 450 3601 quod
462 3547 560 3586 revera
573 3527 649 3596 fecit,
661 3526 844 3604 intelligendo
855 3529 927 3584 intra
940 3513 1087 3597 se'aliquid
1100 3525 1176 3583 aliud
1189 3525 1265 3598 quod
1273 3543 1333 3584 non

240 3627 315 3693 fecit,
330 3628 376 3684 vel
390 3628 473 3685 aliam
493 3629 567 3685 viam
588 3628 622 3683 ab
642 3645 676 3683 ea
695 3628 724 3684 in
746 3646 802 3699 qua
822 3625 897 3692 lecit,
912 3626 957 3682 vel
977 3623 1096 3695 quodvis
1116 3624 1192 3681 aliud
1206 3623 1334 3685 additum

240 3741 350 3790 verum,
377 3741 475 3781 revera
501 3743 558 3782 non
584 3724 727 3792 mentitur,
754 3743 807 3782 nec
830 3734 874 3782 est
897 3721 1061 3800 perjurus.”
1104 3721 1233 3782 “Causa
1254 3725 1334 3798 justa

239 3822 337 3880 utendi
350 3821 396 3880 his
410 3821 627 3898 amphibologiis
641 3830 694 3890 est,
715 3824 825 3894 quotics
845 3823 874 3880 id
893 3822 1084 3880 necessarium
1099 3831 1147 3878 aut
1158 3823 1226 3880 utile
1239 3831 1283 3878 est
1296 3821 1333 3878 ad

242 3923 361 3980 salutem
376 3922 513 3998 corporis,
527 3921 676 3987 honorem,
689 3939 734 3977 res
754 3920 905 3979 familiares
926 3919 1053 3986 tuendas,
1067 3919 1112 3977 vel
1130 3920 1163 3976 ad
1178 3920 1334 3993 quemlibet

242 4020 330 4079 alium
344 4023 453 4079 virtutis
467 4031 569 4089 actum,
584 4023 622 4079 ita
641 4029 672 4078 ut
685 4020 808 4077 veritatis
828 4020 977 4078 occultatio
996 4027 1144 4077 censeatur
1165 4028 1229 4076 tunc
1242 4037 1331 4095 expe-

274 4211 316 4273 (1)
337 4209 481 4260 Theodoret
494 4213 559 4262 Hist.
568 4213 635 4263 Eccl.
643 4215 658 4264 l.
667 4213 699 4262 iii.
712 4229 733 4264 c.
744 4229 767 4263 v.

273 4294 315 4357 (8)
336 4294 484 4344 “Ministers
501 4297 593 4359 always
609 4305 647 4346 act
664 4299 742 4347 under
758 4296 916 4347 instructions
933 4295 1015 4345 which
1037 4311 1077 4345 ars
1094 4294 1258 4350 conlidentiah
1280 4295 1333 4343 and

238 4377 321 4427 which
337 4378 389 4427 itis
402 4377 518 4427 admitted
533 4378 590 4442 they
603 4395 642 4430 ars
654 4391 698 4430 not
708 4382 792 4431 bound
802 4390 827 4431 to
836 4378 960 4431 disclose.''
984 4381 1058 4437 Kent,
1069 4381 1116 4430 vol.
1128 4381 1144 4428 i.
1155 4395 1179 4430 n.
1191 4380 1229 4427 41.
