<?xml version="1.0" encoding="UTF-8"?>
<!DOCTYPE html PUBLIC "-//W3C//DTD XHTML 1.0 Transitional//EN"
    "http://www.w3.org/TR/xhtml1/DTD/xhtml1-transitional.dtd">
<html xmlns="http://www.w3.org/1999/xhtml" xml:lang="en" lang="en">
 <head>
  <title>
</title>
<meta http-equiv="Content-Type" content="text/html;charset=utf-8" />
  <meta name='ocr-system' content='tesseract 3.04.00' />
  <meta name='ocr-capabilities' content='ocr_page ocr_carea ocr_par ocr_line ocrx_word'/>
</head>
<body>
  <div class='ocr_page' id='page_1' title='image "./theologiaemoral03kenrgoog_0172.png"; bbox 0 0 3068 5256; ppageno 0'>
   <div class='ocr_carea' id='block_1_1' title="bbox 602 1187 852 1250">
    <p class='ocr_par' dir='ltr' id='par_1_1' title="bbox 602 1187 852 1250">
     <span class='ocr_line' id='line_1_1' title="bbox 602 1187 852 1250; baseline 0.004 -4"><span class='ocrx_word' id='word_1_1' title='bbox 602 1187 744 1250; x_wconf 80' lang='lat' dir='ltr'>CAPUT</span> <span class='ocrx_word' id='word_1_2' title='bbox 767 1191 852 1250; x_wconf 88' lang='lat' dir='ltr'><strong>XIII.</strong></span> 
     </span>
    </p>
   </div>
   <div class='ocr_carea' id='block_1_2' title="bbox 534 1383 903 1447">
    <p class='ocr_par' dir='ltr' id='par_1_2' title="bbox 534 1383 903 1447">
     <span class='ocr_line' id='line_1_2' title="bbox 534 1383 903 1447; baseline 0.008 -5"><span class='ocrx_word' id='word_1_3' title='bbox 534 1383 582 1443; x_wconf 79' lang='lat' dir='ltr'><strong>Dn</strong></span> <span class='ocrx_word' id='word_1_4' title='bbox 596 1405 693 1445; x_wconf 73' lang='lat' dir='ltr'><strong>enarr</strong></span> <span class='ocrx_word' id='word_1_5' title='bbox 707 1407 903 1447; x_wconf 75' lang='lat' dir='ltr'><strong>cnerorrana.</strong></span> 
     </span>
    </p>
   </div>
   <div class='ocr_carea' id='block_1_3' title="bbox 444 1623 1000 1698">
    <p class='ocr_par' dir='ltr' id='par_1_3' title="bbox 444 1623 1000 1698">
     <span class='ocr_line' id='line_1_3' title="bbox 444 1623 1000 1698; baseline 0.002 -17"><span class='ocrx_word' id='word_1_6' title='bbox 444 1623 497 1698; x_wconf 87' lang='lat' dir='ltr'><strong>§L</strong></span> <span class='ocrx_word' id='word_1_7' title='bbox 519 1623 567 1682; x_wconf 80' lang='lat' dir='ltr'><strong>Da</strong></span> <span class='ocrx_word' id='word_1_8' title='bbox 588 1641 723 1684; x_wconf 76' lang='lat' dir='ltr'><strong>nnuman</strong></span> <span class='ocrx_word' id='word_1_9' title='bbox 741 1641 1000 1684; x_wconf 77' lang='lat' dir='ltr'><strong>concorrsonnnu.</strong></span> 
     </span>
    </p>
   </div>
   <div class='ocr_carea' id='block_1_4' title="bbox 374 1807 1088 1876">
    <p class='ocr_par' dir='ltr' id='par_1_4' title="bbox 374 1807 1088 1876">
     <span class='ocr_line' id='line_1_4' title="bbox 374 1807 1088 1876; baseline 0 -20"><span class='ocrx_word' id='word_1_10' title='bbox 374 1807 433 1858; x_wconf 89' lang='lat' dir='ltr'><strong>Non</strong></span> <span class='ocrx_word' id='word_1_11' title='bbox 447 1811 608 1876; x_wconf 80' lang='lat' dir='ltr'><strong>concupisces</strong></span> <span class='ocrx_word' id='word_1_12' title='bbox 620 1825 723 1861; x_wconf 83' lang='lat' dir='ltr'><strong>uxorem</strong></span> <span class='ocrx_word' id='word_1_13' title='bbox 734 1811 841 1876; x_wconf 84' lang='lat' dir='ltr'><strong>proximi</strong></span> <span class='ocrx_word' id='word_1_14' title='bbox 853 1813 897 1862; x_wconf 84' lang='lat' dir='ltr'><strong>tui.</strong></span> <span class='ocrx_word' id='word_1_15' title='bbox 926 1810 1001 1861; x_wconf 86' lang='lat' dir='ltr'><strong>Dent.</strong></span> <span class='ocrx_word' id='word_1_16' title='bbox 1013 1827 1035 1860; x_wconf 86' lang='lat' dir='ltr'><strong>v.</strong></span> <span class='ocrx_word' id='word_1_17' title='bbox 1047 1810 1088 1860; x_wconf 76' lang='lat'><strong>21.</strong></span> 
     </span>
    </p>
   </div>
   <div class='ocr_carea' id='block_1_5' title="bbox 176 1983 1275 2656">
    <p class='ocr_par' dir='ltr' id='par_1_5' title="bbox 176 1983 1275 2656">
     <span class='ocr_line' id='line_1_5' title="bbox 219 1983 1271 2063; baseline 0 -21"><span class='ocrx_word' id='word_1_18' title='bbox 219 1989 289 2042; x_wconf 79' lang='lat'><strong>202.</strong></span> <span class='ocrx_word' id='word_1_19' title='bbox 309 1983 503 2043; x_wconf 82' lang='lat' dir='ltr'><strong>Dnsrnnnrnnr</strong></span> <span class='ocrx_word' id='word_1_20' title='bbox 517 1985 646 2044; x_wconf 88' lang='lat' dir='ltr'><strong>adulterii</strong></span> <span class='ocrx_word' id='word_1_21' title='bbox 665 1985 721 2044; x_wconf 89' lang='lat' dir='ltr'><strong>hoo</strong></span> <span class='ocrx_word' id='word_1_22' title='bbox 741 1995 849 2043; x_wconf 85' lang='lat' dir='ltr'><strong>vetatur</strong></span> <span class='ocrx_word' id='word_1_23' title='bbox 867 1994 1019 2063; x_wconf 84' lang='lat' dir='ltr'><strong>praecepto.</strong></span> <span class='ocrx_word' id='word_1_24' title='bbox 1062 1983 1207 2058; x_wconf 87' lang='lat' dir='ltr'><strong>Equidem</strong></span> <span class='ocrx_word' id='word_1_25' title='bbox 1221 1983 1271 2042; x_wconf 93' lang='lat' dir='ltr'><strong>du·</strong></span> 
     </span>
     <span class='ocr_line' id='line_1_6' title="bbox 182 2083 1272 2162; baseline 0.001 -23"><span class='ocrx_word' id='word_1_26' title='bbox 182 2083 264 2140; x_wconf 85' lang='lat' dir='ltr'><strong>bitari</strong></span> <span class='ocrx_word' id='word_1_27' title='bbox 277 2083 456 2156; x_wconf 85' lang='lat' dir='ltr'><strong>nequitDeo,</strong></span> <span class='ocrx_word' id='word_1_28' title='bbox 465 2087 513 2143; x_wconf 86' lang='lat' dir='ltr'><strong>oui</strong></span> <span class='ocrx_word' id='word_1_29' title='bbox 523 2094 600 2161; x_wconf 84' lang='lat' dir='ltr'><strong>patet</strong></span> <span class='ocrx_word' id='word_1_30' title='bbox 612 2104 671 2153; x_wconf 84' lang='lat' dir='ltr'><strong>eor,</strong></span> <span class='ocrx_word' id='word_1_31' title='bbox 681 2084 852 2144; x_wconf 86' lang='lat' dir='ltr'><strong>desiderium</strong></span> <span class='ocrx_word' id='word_1_32' title='bbox 863 2104 982 2162; x_wconf 86' lang='lat' dir='ltr'><strong>pravum</strong></span> <span class='ocrx_word' id='word_1_33' title='bbox 993 2085 1080 2142; x_wconf 88' lang='lat' dir='ltr'><strong>instar</strong></span> <span class='ocrx_word' id='word_1_34' title='bbox 1089 2091 1168 2142; x_wconf 88' lang='lat' dir='ltr'><strong>actus</strong></span> <span class='ocrx_word' id='word_1_35' title='bbox 1181 2085 1272 2160; x_wconf 87' lang='lat' dir='ltr'><strong>ipsius</strong></span> 
     </span>
     <span class='ocr_line' id='line_1_7' title="bbox 178 2181 1275 2260; baseline 0.001 -22"><span class='ocrx_word' id='word_1_36' title='bbox 178 2181 296 2250; x_wconf 71' lang='lat' dir='ltr'><strong>haberir</strong></span> <span class='ocrx_word' id='word_1_37' title='bbox 324 2195 494 2260; x_wconf 87' lang='lat' dir='ltr'><strong>quapropter</strong></span> <span class='ocrx_word' id='word_1_38' title='bbox 513 2184 647 2242; x_wconf 81' lang='lat' dir='ltr'><strong>Christus</strong></span> <span class='ocrx_word' id='word_1_39' title='bbox 668 2183 812 2243; x_wconf 88' lang='lat' dir='ltr'><strong>Dominus</strong></span> <span class='ocrx_word' id='word_1_40' title='bbox 831 2183 916 2253; x_wconf 78' lang='lat' dir='ltr'><strong>dicit3</strong></span> <span class='ocrx_word' id='word_1_41' title='bbox 944 2183 1079 2242; x_wconf 88' lang='lat' dir='ltr'><strong>“Omnis</strong></span> <span class='ocrx_word' id='word_1_42' title='bbox 1100 2185 1150 2255; x_wconf 92' lang='lat' dir='ltr'><strong>qui</strong></span> <span class='ocrx_word' id='word_1_43' title='bbox 1173 2183 1275 2240; x_wconf 90' lang='lat' dir='ltr'><strong>viderit</strong></span> 
     </span>
     <span class='ocr_line' id='line_1_8' title="bbox 178 2281 1274 2360; baseline 0 -22"><span class='ocrx_word' id='word_1_44' title='bbox 178 2281 329 2340; x_wconf 88' lang='lat' dir='ltr'><strong>mulierem</strong></span> <span class='ocrx_word' id='word_1_45' title='bbox 343 2283 378 2339; x_wconf 89' lang='lat' dir='ltr'><strong>ad</strong></span> <span class='ocrx_word' id='word_1_46' title='bbox 391 2282 649 2360; x_wconf 88' lang='lat' dir='ltr'><strong>concupiscendam</strong></span> <span class='ocrx_word' id='word_1_47' title='bbox 668 2301 743 2351; x_wconf 80' lang='lat' dir='ltr'><strong>eam,</strong></span> <span class='ocrx_word' id='word_1_48' title='bbox 759 2285 821 2360; x_wconf 85' lang='lat' dir='ltr'><strong>jam</strong></span> <span class='ocrx_word' id='word_1_49' title='bbox 841 2284 998 2341; x_wconf 85' lang='lat' dir='ltr'><strong>moechatus</strong></span> <span class='ocrx_word' id='word_1_50' title='bbox 1012 2293 1055 2339; x_wconf 87' lang='lat' dir='ltr'><strong>est</strong></span> <span class='ocrx_word' id='word_1_51' title='bbox 1068 2301 1131 2340; x_wconf 86' lang='lat' dir='ltr'><strong>eam</strong></span> <span class='ocrx_word' id='word_1_52' title='bbox 1145 2283 1174 2340; x_wconf 90' lang='lat' dir='ltr'><strong>in</strong></span> <span class='ocrx_word' id='word_1_53' title='bbox 1188 2281 1274 2339; x_wconf 89' lang='lat' dir='ltr'><strong>corde</strong></span> 
     </span>
     <span class='ocr_line' id='line_1_9' title="bbox 178 2377 1274 2459; baseline 0.002 -24"><span class='ocrx_word' id='word_1_54' title='bbox 178 2377 279 2438; x_wconf 82' lang='lat' dir='ltr'><strong>suo.&#39;’¹</strong></span> <span class='ocrx_word' id='word_1_55' title='bbox 321 2381 389 2458; x_wconf 90' lang='lat' dir='ltr'><strong>lpsa</strong></span> <span class='ocrx_word' id='word_1_56' title='bbox 401 2382 496 2440; x_wconf 87' lang='lat' dir='ltr'><strong>cordis</strong></span> <span class='ocrx_word' id='word_1_57' title='bbox 510 2377 639 2458; x_wconf 79' lang='lat' dir='ltr'><strong>voluptas</strong></span> <span class='ocrx_word' id='word_1_58' title='bbox 652 2381 687 2438; x_wconf 93' lang='lat' dir='ltr'><strong>de</strong></span> <span class='ocrx_word' id='word_1_59' title='bbox 702 2381 838 2441; x_wconf 86' lang='lat' dir='ltr'><strong>adulterio</strong></span> <span class='ocrx_word' id='word_1_60' title='bbox 858 2383 988 2459; x_wconf 87' lang='lat' dir='ltr'><strong>cogitato,</strong></span> <span class='ocrx_word' id='word_1_61' title='bbox 1004 2383 1110 2455; x_wconf 86' lang='lat' dir='ltr'>absque</span> <span class='ocrx_word' id='word_1_62' title='bbox 1123 2381 1182 2439; x_wconf 92' lang='lat' dir='ltr'><strong>ullo</strong></span> <span class='ocrx_word' id='word_1_63' title='bbox 1196 2379 1231 2438; x_wconf 91' lang='lat' dir='ltr'><strong>ad</strong></span> <span class='ocrx_word' id='word_1_64' title='bbox 1245 2379 1274 2437; x_wconf 90' lang='lat' dir='ltr'><strong>id</strong></span> 
     </span>
     <span class='ocr_line' id='line_1_10' title="bbox 176 2469 1273 2559; baseline 0 -24"><span class='ocrx_word' id='word_1_65' title='bbox 176 2479 348 2555; x_wconf 86' lang='lat' dir='ltr'><strong>patrandum</strong></span> <span class='ocrx_word' id='word_1_66' title='bbox 363 2493 475 2549; x_wconf 86' lang='lat' dir='ltr'><strong>conatu,</strong></span> <span class='ocrx_word' id='word_1_67' title='bbox 490 2481 536 2539; x_wconf 91' lang='lat' dir='ltr'><strong>vei</strong></span> <span class='ocrx_word' id='word_1_68' title='bbox 555 2481 711 2558; x_wconf 83' lang='lat' dir='ltr'><strong>proposito,</strong></span> <span class='ocrx_word' id='word_1_69' title='bbox 732 2501 817 2558; x_wconf 82' lang='lat' dir='ltr'><strong>grave</strong></span> <span class='ocrx_word' id='word_1_70' title='bbox 837 2492 880 2540; x_wconf 84' lang='lat' dir='ltr'><strong>est</strong></span> <span class='ocrx_word' id='word_1_71' title='bbox 899 2493 1058 2559; x_wconf 86' lang='lat' dir='ltr'><strong>peccatum,</strong></span> <span class='ocrx_word' id='word_1_72' title='bbox 1074 2469 1163 2554; x_wconf 87' lang='lat' dir='ltr'><strong>quum</strong></span> <span class='ocrx_word' id='word_1_73' title='bbox 1182 2478 1273 2536; x_wconf 87' lang='lat' dir='ltr'><strong>delec-</strong></span> 
     </span>
     <span class='ocr_line' id='line_1_11' title="bbox 176 2579 1273 2656; baseline -0.001 -22"><span class='ocrx_word' id='word_1_74' title='bbox 176 2579 243 2636; x_wconf 88' lang='lat' dir='ltr'><strong>tatio</strong></span> <span class='ocrx_word' id='word_1_75' title='bbox 257 2598 296 2636; x_wconf 90' lang='lat' dir='ltr'><strong>ex</strong></span> <span class='ocrx_word' id='word_1_76' title='bbox 309 2598 340 2636; x_wconf 91' lang='lat' dir='ltr'><strong>re</strong></span> <span class='ocrx_word' id='word_1_77' title='bbox 355 2598 449 2656; x_wconf 83' lang='lat' dir='ltr'><strong>prava,</strong></span> <span class='ocrx_word' id='word_1_78' title='bbox 465 2600 550 2653; x_wconf 87' lang='lat' dir='ltr'><strong>quarn</strong></span> <span class='ocrx_word' id='word_1_79' title='bbox 564 2599 646 2638; x_wconf 86' lang='lat' dir='ltr'><strong>mens</strong></span> <span class='ocrx_word' id='word_1_80' title='bbox 660 2591 829 2656; x_wconf 78' lang='lat' dir='ltr'><strong>presentem</strong></span> <span class='ocrx_word' id='word_1_81' title='bbox 843 2581 939 2649; x_wconf 87' lang='lat' dir='ltr'><strong>efficit,</strong></span> <span class='ocrx_word' id='word_1_82' title='bbox 950 2583 1064 2638; x_wconf 85' lang='lat' dir='ltr'><strong>oriatur.</strong></span> <span class='ocrx_word' id='word_1_83' title='bbox 1107 2579 1202 2638; x_wconf 85' lang='lat' dir='ltr'><strong>Multo</strong></span> <span class='ocrx_word' id='word_1_84' title='bbox 1215 2595 1273 2634; x_wconf 88' lang='lat' dir='ltr'><strong>ma·</strong></span> 
     </span>
    </p>
   </div>
   <div class='ocr_carea' id='block_1_6' title="bbox 175 2677 1276 4337">
    <p class='ocr_par' dir='ltr' id='par_1_6' title="bbox 175 2677 1276 3446">
     <span class='ocr_line' id='line_1_12' title="bbox 178 2677 1274 2751; baseline -0.001 -20"><span class='ocrx_word' id='word_1_85' title='bbox 178 2677 224 2751; x_wconf 86' lang='lat' dir='ltr'><strong>gis</strong></span> <span class='ocrx_word' id='word_1_86' title='bbox 237 2677 423 2750; x_wconf 85' lang='lat' dir='ltr'><strong>probibentur</strong></span> <span class='ocrx_word' id='word_1_87' title='bbox 435 2679 552 2737; x_wconf 84' lang='lat' dir='ltr'><strong>consilia</strong></span> <span class='ocrx_word' id='word_1_88' title='bbox 572 2689 600 2736; x_wconf 93' lang='lat' dir='ltr'><strong>et</strong></span> <span class='ocrx_word' id='word_1_89' title='bbox 619 2689 736 2737; x_wconf 88' lang='lat' dir='ltr'><strong>conatus</strong></span> <span class='ocrx_word' id='word_1_90' title='bbox 758 2697 858 2737; x_wconf 88' lang='lat' dir='ltr'><strong>omnes</strong></span> <span class='ocrx_word' id='word_1_91' title='bbox 879 2677 1062 2745; x_wconf 89' lang='lat' dir='ltr'><strong>adulterandi,</strong></span> <span class='ocrx_word' id='word_1_92' title='bbox 1084 2687 1112 2734; x_wconf 86' lang='lat' dir='ltr'><strong>et</strong></span> <span class='ocrx_word' id='word_1_93' title='bbox 1132 2693 1274 2748; x_wconf 79' lang='lat' dir='ltr'><strong>quaecum-</strong></span> 
     </span>
     <span class='ocr_line' id='line_1_13' title="bbox 179 2769 1273 2848; baseline -0.001 -20"><span class='ocrx_word' id='word_1_94' title='bbox 179 2791 237 2844; x_wconf 91' lang='lat' dir='ltr'><strong>que</strong></span> <span class='ocrx_word' id='word_1_95' title='bbox 251 2773 420 2832; x_wconf 81' lang='lat' dir='ltr'>adhibentur</span> <span class='ocrx_word' id='word_1_96' title='bbox 432 2777 555 2836; x_wconf 85' lang='lat' dir='ltr'><strong>subsidia</strong></span> <span class='ocrx_word' id='word_1_97' title='bbox 569 2777 605 2834; x_wconf 90' lang='lat' dir='ltr'><strong>ad</strong></span> <span class='ocrx_word' id='word_1_98' title='bbox 618 2777 648 2834; x_wconf 92' lang='lat' dir='ltr'><strong>id</strong></span> <span class='ocrx_word' id='word_1_99' title='bbox 662 2776 885 2848; x_wconf 83' lang='lat' dir='ltr'><strong>assequendum.</strong></span> <span class='ocrx_word' id='word_1_100' title='bbox 919 2773 996 2842; x_wconf 90' lang='lat' dir='ltr'><strong>Quid</strong></span> <span class='ocrx_word' id='word_1_101' title='bbox 1010 2785 1105 2831; x_wconf 88' lang='lat' dir='ltr'><strong>autem</strong></span> <span class='ocrx_word' id='word_1_102' title='bbox 1119 2769 1273 2829; x_wconf 90' lang='lat' dir='ltr'><strong>dicendum</strong></span> 
     </span>
     <span class='ocr_line' id='line_1_14' title="bbox 177 2870 1276 2950; baseline -0.004 -22"><span class='ocrx_word' id='word_1_103' title='bbox 177 2870 215 2928; x_wconf 89' lang='lat' dir='ltr'><strong>de</strong></span> <span class='ocrx_word' id='word_1_104' title='bbox 230 2890 265 2929; x_wconf 94' lang='lat' dir='ltr'><strong>eo</strong></span> <span class='ocrx_word' id='word_1_105' title='bbox 279 2873 329 2944; x_wconf 90' lang='lat' dir='ltr'><strong>qui</strong></span> <span class='ocrx_word' id='word_1_106' title='bbox 343 2883 457 2950; x_wconf 90' lang='lat' dir='ltr'><strong>cuperet</strong></span> <span class='ocrx_word' id='word_1_107' title='bbox 469 2875 583 2948; x_wconf 90' lang='lat' dir='ltr'><strong>quidem</strong></span> <span class='ocrx_word' id='word_1_108' title='bbox 596 2875 716 2934; x_wconf 91' lang='lat' dir='ltr'><strong>muliere</strong></span> <span class='ocrx_word' id='word_1_109' title='bbox 737 2875 828 2934; x_wconf 88' lang='lat' dir='ltr'><strong>aliena</strong></span> <span class='ocrx_word' id='word_1_110' title='bbox 847 2873 913 2941; x_wconf 85' lang='lat' dir='ltr'><strong>frui,</strong></span> <span class='ocrx_word' id='word_1_111' title='bbox 934 2874 958 2932; x_wconf 85' lang='lat' dir='ltr'><strong>si</strong></span> <span class='ocrx_word' id='word_1_112' title='bbox 978 2873 1113 2949; x_wconf 84' lang='lat' dir='ltr'><strong>conjugio</strong></span> <span class='ocrx_word' id='word_1_113' title='bbox 1126 2889 1184 2929; x_wconf 93' lang='lat' dir='ltr'><strong>non</strong></span> <span class='ocrx_word' id='word_1_114' title='bbox 1199 2878 1276 2926; x_wconf 86' lang='lat' dir='ltr'><strong>esset</strong></span> 
     </span>
     <span class='ocr_line' id='line_1_15' title="bbox 175 2970 1274 3051; baseline -0.002 -23"><span class='ocrx_word' id='word_1_115' title='bbox 175 2970 271 3046; x_wconf 85' lang='lat' dir='ltr'><strong>ligata,</strong></span> <span class='ocrx_word' id='word_1_116' title='bbox 282 2972 328 3029; x_wconf 90' lang='lat' dir='ltr'><strong>vel</strong></span> <span class='ocrx_word' id='word_1_117' title='bbox 335 2975 360 3030; x_wconf 84' lang='lat' dir='ltr'><strong>si</strong></span> <span class='ocrx_word' id='word_1_118' title='bbox 372 2975 502 3032; x_wconf 87' lang='lat' dir='ltr'><strong>maritum</strong></span> <span class='ocrx_word' id='word_1_119' title='bbox 513 2975 662 3051; x_wconf 86' lang='lat' dir='ltr'><strong>contigerit</strong></span> <span class='ocrx_word' id='word_1_120' title='bbox 671 2975 763 3032; x_wconf 75' lang='lat' dir='ltr'><strong>mori?</strong></span> <span class='ocrx_word' id='word_1_121' title='bbox 784 2972 930 3047; x_wconf 85' lang='lat' dir='ltr'><strong>Equidem</strong></span> <span class='ocrx_word' id='word_1_122' title='bbox 940 2971 1064 3032; x_wconf 91' lang='lat' dir='ltr'><strong>conditio</strong></span> <span class='ocrx_word' id='word_1_123' title='bbox 1075 2971 1206 3048; x_wconf 86' lang='lat' dir='ltr'><strong>apposita</strong></span> <span class='ocrx_word' id='word_1_124' title='bbox 1215 2987 1274 3027; x_wconf 91' lang='lat' dir='ltr'><strong>non</strong></span> 
     </span>
     <span class='ocr_line' id='line_1_16' title="bbox 179 3069 1272 3150; baseline -0.002 -23"><span class='ocrx_word' id='word_1_125' title='bbox 179 3069 251 3127; x_wconf 87' lang='lat' dir='ltr'><strong>tollit</strong></span> <span class='ocrx_word' id='word_1_126' title='bbox 263 3074 367 3128; x_wconf 89' lang='lat' dir='ltr'><strong>mentis</strong></span> <span class='ocrx_word' id='word_1_127' title='bbox 381 3073 492 3141; x_wconf 83' lang='lat' dir='ltr'><strong>vitium,</strong></span> <span class='ocrx_word' id='word_1_128' title='bbox 507 3075 619 3146; x_wconf 86' lang='lat' dir='ltr'><strong>quoties</strong></span> <span class='ocrx_word' id='word_1_129' title='bbox 633 3092 679 3132; x_wconf 90' lang='lat' dir='ltr'><strong>res</strong></span> <span class='ocrx_word' id='word_1_130' title='bbox 692 3076 756 3150; x_wconf 90' lang='lat' dir='ltr'><strong>ipsa</strong></span> <span class='ocrx_word' id='word_1_131' title='bbox 769 3091 895 3150; x_wconf 83' lang='lat' dir='ltr'><strong>praesens</strong></span> <span class='ocrx_word' id='word_1_132' title='bbox 909 3072 1074 3138; x_wconf 83' lang='lat' dir='ltr'><strong>exhibetur3</strong></span> <span class='ocrx_word' id='word_1_133' title='bbox 1096 3089 1182 3147; x_wconf 89' lang='lat' dir='ltr'><strong>prava</strong></span> <span class='ocrx_word' id='word_1_134' title='bbox 1195 3069 1272 3127; x_wconf 87' lang='lat' dir='ltr'><strong>enim</strong></span> 
     </span>
     <span class='ocr_line' id='line_1_17' title="bbox 180 3167 1274 3249; baseline -0.001 -23"><span class='ocrx_word' id='word_1_135' title='bbox 180 3167 245 3226; x_wconf 91' lang='lat' dir='ltr'><strong>inde</strong></span> <span class='ocrx_word' id='word_1_136' title='bbox 259 3171 385 3227; x_wconf 89' lang='lat' dir='ltr'><strong>nascitur</strong></span> <span class='ocrx_word' id='word_1_137' title='bbox 398 3173 548 3249; x_wconf 87' lang='lat' dir='ltr'><strong>voluptas:</strong></span> <span class='ocrx_word' id='word_1_138' title='bbox 571 3171 687 3245; x_wconf 89' lang='lat' dir='ltr'><strong>quodsi</strong></span> <span class='ocrx_word' id='word_1_139' title='bbox 706 3174 905 3249; x_wconf 80' lang='lat' dir='ltr'><strong>cogitationem</strong></span> <span class='ocrx_word' id='word_1_140' title='bbox 926 3172 960 3228; x_wconf 89' lang='lat' dir='ltr'><strong>ab</strong></span> <span class='ocrx_word' id='word_1_141' title='bbox 979 3189 1013 3228; x_wconf 91' lang='lat' dir='ltr'><strong>ea</strong></span> <span class='ocrx_word' id='word_1_142' title='bbox 1032 3171 1159 3247; x_wconf 85' lang='lat' dir='ltr'><strong>conjugii</strong></span> <span class='ocrx_word' id='word_1_143' title='bbox 1172 3168 1274 3244; x_wconf 88' lang='lat' dir='ltr'><strong>volup·</strong></span> 
     </span>
     <span class='ocr_line' id='line_1_18' title="bbox 181 3267 1272 3347; baseline 0 -24"><span class='ocrx_word' id='word_1_144' title='bbox 181 3275 234 3323; x_wconf 89' lang='lat' dir='ltr'><strong>tate</strong></span> <span class='ocrx_word' id='word_1_145' title='bbox 249 3269 313 3340; x_wconf 88' lang='lat' dir='ltr'><strong>quis</strong></span> <span class='ocrx_word' id='word_1_146' title='bbox 327 3270 475 3340; x_wconf 89' lang='lat' dir='ltr'><strong>abstineat,</strong></span> <span class='ocrx_word' id='word_1_147' title='bbox 490 3271 539 3328; x_wconf 89' lang='lat' dir='ltr'><strong>illa</strong></span> <span class='ocrx_word' id='word_1_148' title='bbox 558 3270 651 3329; x_wconf 88' lang='lat' dir='ltr'><strong>cordis</strong></span> <span class='ocrx_word' id='word_1_149' title='bbox 671 3272 835 3347; x_wconf 81' lang='lat' dir='ltr'><strong>proclivitas</strong></span> <span class='ocrx_word' id='word_1_150' title='bbox 855 3269 957 3326; x_wconf 86' lang='lat' dir='ltr'><strong>efficax</strong></span> <span class='ocrx_word' id='word_1_151' title='bbox 972 3287 1030 3327; x_wconf 90' lang='lat' dir='ltr'><strong>non</strong></span> <span class='ocrx_word' id='word_1_152' title='bbox 1050 3270 1103 3326; x_wconf 89' lang='lat' dir='ltr'><strong>erit</strong></span> <span class='ocrx_word' id='word_1_153' title='bbox 1121 3267 1272 3332; x_wconf 90' lang='lat' dir='ltr'><strong>censenda,</strong></span> 
     </span>
     <span class='ocr_line' id='line_1_19' title="bbox 179 3364 1022 3446; baseline 0.005 -26"><span class='ocrx_word' id='word_1_154' title='bbox 179 3364 229 3421; x_wconf 90' lang='lat' dir='ltr'><strong>sed</strong></span> <span class='ocrx_word' id='word_1_155' title='bbox 241 3377 346 3425; x_wconf 86' lang='lat' dir='ltr'><strong>naturae</strong></span> <span class='ocrx_word' id='word_1_156' title='bbox 360 3369 461 3428; x_wconf 85' lang='lat' dir='ltr'><strong>vitiatae</strong></span> <span class='ocrx_word' id='word_1_157' title='bbox 475 3371 609 3446; x_wconf 89' lang='lat' dir='ltr'><strong>impetus,</strong></span> <span class='ocrx_word' id='word_1_158' title='bbox 624 3389 709 3442; x_wconf 90' lang='lat' dir='ltr'><strong>quem</strong></span> <span class='ocrx_word' id='word_1_159' title='bbox 730 3371 788 3428; x_wconf 89' lang='lat' dir='ltr'><strong>Dei</strong></span> <span class='ocrx_word' id='word_1_160' title='bbox 801 3369 890 3446; x_wconf 83' lang='lat' dir='ltr'><strong>gratia</strong></span> <span class='ocrx_word' id='word_1_161' title='bbox 902 3377 1022 3426; x_wconf 89' lang='lat' dir='ltr'><strong>coercet.</strong></span> 
     </span>
    </p>

    <p class='ocr_par' dir='ltr' id='par_1_7' title="bbox 178 3461 1275 4337">
     <span class='ocr_line' id='line_1_20' title="bbox 217 3461 1274 3545; baseline -0.002 -25"><span class='ocrx_word' id='word_1_162' title='bbox 217 3469 287 3522; x_wconf 80' lang='lat'><strong>203.</strong></span> <span class='ocrx_word' id='word_1_163' title='bbox 306 3466 338 3525; x_wconf 92' lang='lat' dir='ltr'><strong>Id</strong></span> <span class='ocrx_word' id='word_1_164' title='bbox 354 3465 435 3526; x_wconf 91' lang='lat' dir='ltr'><strong>Deus</strong></span> <span class='ocrx_word' id='word_1_165' title='bbox 447 3469 500 3527; x_wconf 89' lang='lat' dir='ltr'><strong>sibi</strong></span> <span class='ocrx_word' id='word_1_166' title='bbox 515 3470 699 3545; x_wconf 84' lang='lat' dir='ltr'><strong>proposuisse</strong></span> <span class='ocrx_word' id='word_1_167' title='bbox 709 3469 759 3527; x_wconf 90' lang='lat' dir='ltr'><strong>ilio</strong></span> <span class='ocrx_word' id='word_1_168' title='bbox 768 3469 839 3544; x_wconf 85' lang='lat' dir='ltr'><strong>legis</strong></span> <span class='ocrx_word' id='word_1_169' title='bbox 853 3475 995 3542; x_wconf 73' lang='lat' dir='ltr'><strong>praecepto</strong></span> <span class='ocrx_word' id='word_1_170' title='bbox 1008 3465 1127 3531; x_wconf 87' lang='lat' dir='ltr'><strong>videtur,</strong></span> <span class='ocrx_word' id='word_1_171' title='bbox 1141 3472 1182 3529; x_wconf 88' lang='lat' dir='ltr'><strong>ut,</strong></span> <span class='ocrx_word' id='word_1_172' title='bbox 1197 3461 1274 3519; x_wconf 84' lang='lat' dir='ltr'><strong>adul·</strong></span> 
     </span>
     <span class='ocr_line' id='line_1_21' title="bbox 183 3560 1274 3635; baseline 0 -17"><span class='ocrx_word' id='word_1_173' title='bbox 183 3563 247 3618; x_wconf 88' lang='lat' dir='ltr'><strong>terii</strong></span> <span class='ocrx_word' id='word_1_174' title='bbox 258 3563 396 3624; x_wconf 71' lang='lat' dir='ltr'><strong>radicibus</strong></span> <span class='ocrx_word' id='word_1_175' title='bbox 410 3568 536 3635; x_wconf 88' lang='lat' dir='ltr'><strong>sublatis,</strong></span> <span class='ocrx_word' id='word_1_176' title='bbox 551 3568 719 3626; x_wconf 79' lang='lat' dir='ltr'><strong>consisteret</strong></span> <span class='ocrx_word' id='word_1_177' title='bbox 731 3567 920 3626; x_wconf 86' lang='lat' dir='ltr'><strong>israelitarum</strong></span> <span class='ocrx_word' id='word_1_178' title='bbox 938 3565 1010 3620; x_wconf 88' lang='lat' dir='ltr'><strong>inter</strong></span> <span class='ocrx_word' id='word_1_179' title='bbox 1023 3581 1054 3620; x_wconf 84' lang='lat' dir='ltr'><strong>se</strong></span> <span class='ocrx_word' id='word_1_180' title='bbox 1068 3561 1199 3627; x_wconf 84' lang='lat' dir='ltr'><strong>societas,</strong></span> <span class='ocrx_word' id='word_1_181' title='bbox 1213 3560 1274 3618; x_wconf 89' lang='lat' dir='ltr'><strong>vin·</strong></span> 
     </span>
     <span class='ocr_line' id='line_1_22' title="bbox 182 3657 1275 3740; baseline 0 -24"><span class='ocrx_word' id='word_1_182' title='bbox 182 3659 249 3717; x_wconf 90' lang='lat' dir='ltr'><strong>culo</strong></span> <span class='ocrx_word' id='word_1_183' title='bbox 262 3665 384 3740; x_wconf 86' lang='lat' dir='ltr'><strong>conjugii</strong></span> <span class='ocrx_word' id='word_1_184' title='bbox 398 3675 578 3726; x_wconf 85' lang='lat' dir='ltr'><strong>sacrosancto</strong></span> <span class='ocrx_word' id='word_1_185' title='bbox 591 3666 696 3725; x_wconf 87' lang='lat' dir='ltr'><strong>habito.</strong></span> <span class='ocrx_word' id='word_1_186' title='bbox 731 3665 875 3722; x_wconf 76' lang='lat' dir='ltr'><strong>Ceterum</strong></span> <span class='ocrx_word' id='word_1_187' title='bbox 889 3679 1076 3738; x_wconf 77' lang='lat' dir='ltr'><strong>quacumque</strong></span> <span class='ocrx_word' id='word_1_188' title='bbox 1089 3680 1176 3738; x_wconf 88' lang='lat' dir='ltr'><strong>prava</strong></span> <span class='ocrx_word' id='word_1_189' title='bbox 1187 3657 1275 3717; x_wconf 91' lang='lat' dir='ltr'><strong>libido</strong></span> 
     </span>
     <span class='ocr_line' id='line_1_23' title="bbox 179 3759 1272 3840; baseline 0.001 -26"><span class='ocrx_word' id='word_1_190' title='bbox 179 3759 264 3816; x_wconf 87' lang='lat' dir='ltr'><strong>vetita</strong></span> <span class='ocrx_word' id='word_1_191' title='bbox 281 3762 464 3840; x_wconf 86' lang='lat' dir='ltr'><strong>intelligenda</strong></span> <span class='ocrx_word' id='word_1_192' title='bbox 477 3775 529 3833; x_wconf 87' lang='lat' dir='ltr'><strong>est,</strong></span> <span class='ocrx_word' id='word_1_193' title='bbox 544 3784 634 3838; x_wconf 88' lang='lat' dir='ltr'><strong>quum</strong></span> <span class='ocrx_word' id='word_1_194' title='bbox 646 3767 773 3824; x_wconf 88' lang='lat' dir='ltr'><strong>internus</strong></span> <span class='ocrx_word' id='word_1_195' title='bbox 787 3763 863 3822; x_wconf 93' lang='lat' dir='ltr'><strong>haud</strong></span> <span class='ocrx_word' id='word_1_196' title='bbox 877 3764 971 3822; x_wconf 86' lang='lat' dir='ltr'><strong>minus</strong></span> <span class='ocrx_word' id='word_1_197' title='bbox 992 3783 1024 3820; x_wconf 91' lang='lat' dir='ltr'><strong>ac</strong></span> <span class='ocrx_word' id='word_1_198' title='bbox 1044 3770 1178 3820; x_wconf 84' lang='lat' dir='ltr'><strong>externus</strong></span> <span class='ocrx_word' id='word_1_199' title='bbox 1192 3768 1272 3816; x_wconf 89' lang='lat' dir='ltr'><strong>actus</strong></span> 
     </span>
     <span class='ocr_line' id='line_1_24' title="bbox 179 3857 1273 3942; baseline 0 -30"><span class='ocrx_word' id='word_1_200' title='bbox 179 3861 318 3917; x_wconf 83' lang='lat' dir='ltr'><strong>sanctitati</strong></span> <span class='ocrx_word' id='word_1_201' title='bbox 341 3861 445 3921; x_wconf 75' lang='lat' dir='ltr'><strong>divinae</strong></span> <span class='ocrx_word' id='word_1_202' title='bbox 464 3872 620 3941; x_wconf 86' lang='lat' dir='ltr'><strong>repugnet:</strong></span> <span class='ocrx_word' id='word_1_203' title='bbox 642 3874 813 3942; x_wconf 90' lang='lat' dir='ltr'><strong>quapropter</strong></span> <span class='ocrx_word' id='word_1_204' title='bbox 832 3863 989 3941; x_wconf 82' lang='lat' dir='ltr'><strong>Apostolus</strong></span> <span class='ocrx_word' id='word_1_205' title='bbox 1009 3857 1273 3936; x_wconf 87' lang='lat' dir='ltr'><strong>concupiscentiam</strong></span> 
     </span>
     <span class='ocr_line' id='line_1_25' title="bbox 180 3956 1275 4038; baseline -0.005 -24"><span class='ocrx_word' id='word_1_206' title='bbox 180 3961 335 4030; x_wconf 87' lang='lat' dir='ltr'><strong>generatim</strong></span> <span class='ocrx_word' id='word_1_207' title='bbox 348 3960 412 4038; x_wconf 85' lang='lat' dir='ltr'><strong>lege</strong></span> <span class='ocrx_word' id='word_1_208' title='bbox 425 3962 568 4038; x_wconf 88' lang='lat' dir='ltr'><strong>prohiberi</strong></span> <span class='ocrx_word' id='word_1_209' title='bbox 588 3963 689 4022; x_wconf 90' lang='lat' dir='ltr'><strong>docet:</strong></span> <span class='ocrx_word' id='word_1_210' title='bbox 712 3973 731 4000; x_wconf 80' lang='lat'><strong>‘⁶</strong></span> <span class='ocrx_word' id='word_1_211' title='bbox 742 3965 897 4022; x_wconf 88' lang='lat' dir='ltr'><strong>Peccatum</strong></span> <span class='ocrx_word' id='word_1_212' title='bbox 917 3980 976 4020; x_wconf 90' lang='lat' dir='ltr'><strong>non</strong></span> <span class='ocrx_word' id='word_1_213' title='bbox 996 3959 1129 4034; x_wconf 84' lang='lat' dir='ltr'><strong>cognovi,</strong></span> <span class='ocrx_word' id='word_1_214' title='bbox 1147 3956 1204 4012; x_wconf 88' lang='lat' dir='ltr'><strong>nisi</strong></span> <span class='ocrx_word' id='word_1_215' title='bbox 1224 3972 1275 4030; x_wconf 88' lang='lat' dir='ltr'><strong>per</strong></span> 
     </span>
     <span class='ocr_line' id='line_1_26' title="bbox 183 4053 1275 4138; baseline 0.003 -29"><span class='ocrx_word' id='word_1_216' title='bbox 183 4053 292 4130; x_wconf 86' lang='lat' dir='ltr'><strong>legem:</strong></span> <span class='ocrx_word' id='word_1_217' title='bbox 309 4076 377 4116; x_wconf 90' lang='lat' dir='ltr'><strong>nam</strong></span> <span class='ocrx_word' id='word_1_218' title='bbox 390 4063 651 4138; x_wconf 86' lang='lat' dir='ltr'><strong>concupiscentiam</strong></span> <span class='ocrx_word' id='word_1_219' title='bbox 664 4064 836 4127; x_wconf 85' lang='lat' dir='ltr'><strong>nesciebam,</strong></span> <span class='ocrx_word' id='word_1_220' title='bbox 851 4061 907 4135; x_wconf 86' lang='lat' dir='ltr'><strong>nisi</strong></span> <span class='ocrx_word' id='word_1_221' title='bbox 919 4060 968 4116; x_wconf 83' lang='lat' dir='ltr'><strong>lex</strong></span> <span class='ocrx_word' id='word_1_222' title='bbox 981 4057 1103 4114; x_wconf 87' lang='lat' dir='ltr'><strong>diceret:</strong></span> <span class='ocrx_word' id='word_1_223' title='bbox 1126 4055 1155 4112; x_wconf 98' lang='lat' dir='ltr'>N</span> <span class='ocrx_word' id='word_1_224' title='bbox 1158 4072 1196 4112; x_wconf 92' lang='lat' dir='ltr'><strong>on</strong></span> <span class='ocrx_word' id='word_1_225' title='bbox 1209 4071 1275 4113; x_wconf 89' lang='lat' dir='ltr'><strong>con·</strong></span> 
     </span>
     <span class='ocr_line' id='line_1_27' title="bbox 180 4150 1274 4236; baseline 0 -27"><span class='ocrx_word' id='word_1_226' title='bbox 180 4150 363 4229; x_wconf 78' lang='lat' dir='ltr'><strong>cupiscas.&#39;&#39;²</strong></span> <span class='ocrx_word' id='word_1_227' title='bbox 389 4158 468 4218; x_wconf 89' lang='lat' dir='ltr'><strong>Hinc</strong></span> <span class='ocrx_word' id='word_1_228' title='bbox 489 4179 575 4219; x_wconf 90' lang='lat' dir='ltr'><strong>omne</strong></span> <span class='ocrx_word' id='word_1_229' title='bbox 589 4160 761 4220; x_wconf 87' lang='lat' dir='ltr'><strong>desiderium</strong></span> <span class='ocrx_word' id='word_1_230' title='bbox 775 4159 928 4236; x_wconf 86' lang='lat' dir='ltr'><strong>voluptatis</strong></span> <span class='ocrx_word' id='word_1_231' title='bbox 951 4174 1016 4215; x_wconf 91' lang='lat' dir='ltr'><strong>cum</strong></span> <span class='ocrx_word' id='word_1_232' title='bbox 1030 4155 1137 4216; x_wconf 85' lang='lat' dir='ltr'><strong>semina</strong></span> <span class='ocrx_word' id='word_1_233' title='bbox 1150 4152 1274 4212; x_wconf 78' lang='lat' dir='ltr'><strong>fruenda</strong></span> 
     </span>
     <span class='ocr_line' id='line_1_28' title="bbox 178 4257 712 4337; baseline 0.019 -30"><span class='ocrx_word' id='word_1_234' title='bbox 178 4261 257 4310; x_wconf 87' lang='lat' dir='ltr'><strong>extra</strong></span> <span class='ocrx_word' id='word_1_235' title='bbox 268 4257 483 4317; x_wconf 82' lang='lat' dir='ltr'><strong>matrimonium</strong></span> <span class='ocrx_word' id='word_1_236' title='bbox 496 4269 645 4337; x_wconf 83' lang='lat' dir='ltr'><strong>peccatum</strong></span> <span class='ocrx_word' id='word_1_237' title='bbox 659 4269 712 4318; x_wconf 87' lang='lat' dir='ltr'><strong>est.</strong></span> 
     </span>
    </p>
   </div>
   <div class='ocr_carea' id='block_1_7' title="bbox 350 4414 1109 4484">
    <p class='ocr_par' dir='ltr' id='par_1_8' title="bbox 350 4414 1109 4484">
     <span class='ocr_line' id='line_1_29' title="bbox 350 4414 1109 4484; baseline -0.017 -7"><span class='ocrx_word' id='word_1_238' title='bbox 350 4415 391 4481; x_wconf 88' lang='lat'><strong>(1)</strong></span> <span class='ocrx_word' id='word_1_239' title='bbox 406 4414 476 4467; x_wconf 76' lang='lat' dir='ltr'><strong>Mau.</strong></span> <span class='ocrx_word' id='word_1_240' title='bbox 489 4434 510 4466; x_wconf 85' lang='lat' dir='ltr'><strong>v.</strong></span> <span class='ocrx_word' id='word_1_241' title='bbox 522 4418 564 4468; x_wconf 77' lang='lat'><strong>28.</strong></span> <span class='ocrx_word' id='word_1_242' title='bbox 891 4414 1109 4484; x_wconf 60' lang='lat' dir='ltr'><strong>(anamma.</strong></span> 
     </span>
    </p>
   </div>
   <div class='ocr_carea' id='block_1_8' title="bbox 0 0 1538 5256">
    <p class='ocr_par' dir='ltr' id='par_1_9' title="bbox 0 0 1538 5256">
     <span class='ocr_line' id='line_1_30' title="bbox 0 0 1538 5256; baseline 0 1"><span class='ocrx_word' id='word_1_243' title='bbox 0 0 1538 5256; x_wconf 95' lang='lat' dir='ltr'><strong> </strong></span> 
     </span>
    </p>
   </div>
  </div>
 </body>
</html>
